2176 3386
190 192 271 232 374
836 202 947 232 PARS
962 202 1000 230 ἰ.
1031 201 1088 230 DE
1116 202 1327 233 Pssflsoms

191 310 306 368 legio
340 324 419 369 pro
454 314 658 370 tempore
689 311 808 356 sedis
840 311 1052 357 vacantis
1076 310 1228 356 -dandi
1263 310 1371 365 sint,
1411 311 1536 356 tertii
1564 316 1768 382 potestas
1805 312 1862 358 ad
1893 308 1981 358 Vi-'

190 396 534 449 ces-gerentem
568 392 844 437 devolvatur
866 394 897 436 -¹.

308 474 348 532 b)
384 475 638 519 I-urisdictio
671 475 1087 533 Congregationum
1123 476 1229 519 licet
1257 475 1366 520 sede
1401 479 1607 520 vacante
1640 489 1731 520 non
1769 475 1965 536 expiret,

191 570 409 615 suspensa
458 562 613 603 tamen
664 563 843 614 manet,
879 544 1085 616 exceptis
1132 557 1380 602 levioribus
1413 558 1632 616 negotiis,
1668 572 1784 618 quae
1817 573 1841 602 a
1875 558 1968 604 solo

191 640 436 685 secretario
469 641 673 699 expediri
706 642 875 696 solent,
910 655 1119 700 quaeque
1160 641 1217 685 ab
1249 642 1418 686 eodem
1450 641 1590 687 etiam
1629 641 1739 686 Sede
1774 645 1969 686 vacante

192 722 500 780 expediuntur
518 724 549 768 ².
1325 772 1331 776 .

309 807 347 863 e)
383 808 651 851 Ceterorum
686 820 876 851 munera
909 806 1178 866 quiescunt,
1227 806 1395 851 Datarii
1434 811 1590 851 autem
1636 806 1776 851 etiam
1820 805 1970 851 extin-

191 888 370 946 guitur,
406 889 571 948 quippe
603 890 706 948 qui,
745 894 926 934 mortuo
966 893 1173 934 Romano
1217 889 1456 943 I'ontilice,
1493 890 1722 948 resignare
1765 890 1873 934 illud
1906 894 1970 934 te-

194 977 331 1016 netur
354 973 385 1016 ³.

923 1143 1154 1172 Alimentus
1187 1143 1241 1171 IV.

590 1244 649 1285 De
683 1243 725 1285 S.
764 1244 816 1285 R.
859 1244 906 1284 Ε.
949 1241 1279 1286 Cardinalmm
1308 1241 1584 1298 privilegiis.

316 1365 417 1408 477.
459 1364 694 1423 Reliquum
729 1368 814 1419 est,
851 1368 901 1407 ut
933 1363 987 1408 de
1030 1362 1338 1408 Cardinalium
1373 1363 1620 1421 privilegiis
1661 1363 1880 1419 dicamus,
1917 1364 1973 1407 de

194 1449 357 1508 quibus
381 1448 445 1492 ait
469 1447 722 1492 Andreueci
750 1447 760 1470 '⁴
786 1460 928 1505 usque
951 1447 1004 1490 ad
1025 1446 1222 1490 ducenta
1247 1450 1489 1491 numerata
1512 1461 1535 1491 a
1560 1446 1793 1491 nonnullis
1816 1445 1970 1501 fuisse,

197 1531 302 1578 licet
324 1546 415 1575 non
440 1530 595 1575 omnia
630 1544 712 1574 usu
739 1535 919 1587 recepta
943 1542 1040 1573 esse
1064 1530 1276 1573 affirmet.
1327 1533 1614 1587 Quapropter
1636 1542 1751 1588 quae
1775 1532 1884 1572 sunt
1905 1527 1972 1572 in-

194 1614 390 1672 signiora
415 1617 460 1658 et
483 1614 777 1658 communms
799 1613 995 1657 admissa
1019 1625 1405 1657 commemorasse
1427 1611 1538 1656 satis
1560 1611 1634 1666 sit,
1658 1625 1851 1670 quorum
1876 1610 1972 1670 qui-

193 1699 295 1743 dem
331 1696 418 1742 alia
451 1711 557 1742 cum
595 1696 821 1754 Episcopis
854 1695 1136 1750 communia,
1171 1695 1258 1739 alia
1291 1694 1603 1740 Cardinalibus
1635 1698 1743 1738 sunt
1775 1693 1970 1752 propria.

318 1783 354 1835 1)
393 1780 662 1827 Communia
696 1793 801 1824 cum
840 1778 1068 1836 Episcopis
1101 1777 1363 1822 Cardinales
1398 1778 1508 1822 baec
1541 1777 1736 1822 habent:

313 1867 357 1919 α)
398 1869 468 1909 lus
503 1862 676 1908 ferendi
720 1862 986 1918 suffragium
1022 1861 1069 1905 in
1103 1860 1349 1916 Conciliis,
1386 1861 1569 1918 itaque,
1605 1866 1656 1904 ut
1691 1860 1830 1905 etiam
1865 1864 1973 1905 ante

194 1949 482 1995 patriarchas
514 1947 704 1992 sedeant
726 1947 756 1991 ⁵.

312 2035 350 2087 b)
387 2031 681 2089 Privilegium
716 2030 872 2095 altaris
905 2029 1089 2086 viatici,
1125 2043 1203 2074 seu
1238 2028 1461 2088 portatilis
1503 2028 1643 2072 etiam
1685 2026 1733 2072 in
1766 2026 1974 2097 domibus

195 2116 433 2170 laicorum3
469 2114 504 2158 si
540 2113 663 2158 Sedis
698 2113 980 2171 Apostolicae
1014 2111 1167 2167 venia,
1203 2115 1283 2155 aut
1316 2110 1360 2154 in
1397 2109 1575 2154 casibus
1607 2123 1632 2153 a
1666 2109 1762 2153 iure
1788 2108 1973 2166 permis-

194 2197 269 2254 sis,
306 2199 519 2243 absentes
551 2212 574 2241 a
612 2196 788 2255 propria
822 2196 957 2240 domo
989 2195 1083 2239 sint
1105 2195 1137 2241 ὃ,

314 2284 351 2339 0)
386 2280 680 2338 Privilegium
715 2278 991 2334 celebrandi,
1027 2279 1100 2323 vel
1134 2277 1365 2322 indicendi
1398 2275 1681 2335 Cappellanis
1718 2275 1811 2320 Suis
1843 2279 1895 2318 ut
1926 2273 1974 2318 in

194 2365 445 2412 domestico
479 2363 650 2409 Sacello
682 2362 915 2408 celebrent
949 2375 1026 2419 pro
1059 2374 1141 2405 suo
1165 2359 1237 2405 vel
1271 2359 1471 2404 familiae
1511 2358 1752 2403 commodo
1788 2357 1973 2403 Missam

195 2453 303 2494 ante
336 2461 568 2502 auroram,
605 2446 677 2490 vel
712 2450 813 2505 post
846 2443 1083 2489 meridiem
1108 2445 1139 2488 ⁷.

317 2582 324 2600 ¹
354 2581 467 2618 Clem.
495 2579 574 2623 XII,
600 2580 659 2616 cil.
686 2578 809 2615 Const.
836 2577 1079 2623 Apostolatus.

315 2652 327 2670 ²
354 2652 557 2688 FAGNANus
583 2651 621 2686 in
647 2659 726 2695 cap.
756 2649 846 2685 Cum
870 2649 956 2684 olim
980 2648 1025 2685 de
1052 2648 1207 2683 matorit.
1234 2652 1269 2683 et
1295 2646 1411 2689 obed„
1439 2655 1473 2682 n.
1499 2645 1556 2682 65.

315 2721 327 2740 ³
354 2722 442 2758 Pius
469 2721 531 2764 IV,
558 2721 617 2756 cit.
644 2720 769 2756 Const.
796 2719 840 2756 In
867 2719 1046 2765 eligendis.

315 2791 328 2812 '⁴
357 2794 571 2829 ANonEucm
601 2791 637 2826 in
663 2800 772 2836 opere
799 2791 840 2827 de
871 2789 1138 2830 Cardinalz'bus,
1165 2798 1203 2824 n.
1230 2787 1287 2824 20.

316 2864 328 2883 ⁵
355 2865 495 2909 Eugen.
522 2863 583 2906 IV,
610 2863 735 2899 const.
761 2862 844 2899 Non
869 2862 1050 2904 mediocri,
1077 2870 1135 2897 an.
1166 2860 1268 2897 1458.

305 2935 331 2961 ·⁶
356 2936 413 2972 Ex
439 2934 615 2971 declarat.
642 2934 774 2970 Bened.
803 2933 889 2969 XIII
917 2933 954 2969 in
979 2933 1089 2969 Cone.
1118 2932 1232 2975 Rom„
1259 2931 1314 2967 til.
1339 2929 1394 2974 15,
1421 2939 1500 2975 cap.
1527 2930 1559 2966 5.

317 3006 329 3024 ⁷
355 3006 504 3043 Pauus
535 3007 578 3043 de
603 3005 747 3042 cardin.
773 3005 946 3051 dignitate
975 3003 1012 3040 iu
1038 3002 1197 3049 Synopsi
1225 3001 1452 3048 privilegior.
1477 3000 1602 3037 addita
1624 3010 1647 3037 a
1671 2999 1842 3036 Nmomo
1868 2997 1974 3041 Tam,
2016 3015 2020 3019 ·

199 3087 235 3114 n.
262 3078 320 3122 66,
346 3088 422 3124 seq.
