2176 3386
224 177 277 216 24
869 192 978 221 PARS
1007 193 1031 220 1.
1068 193 1123 220 DE
1153 193 1363 222 PERSONIS

224 294 278 338 de
312 294 578 340 coadiutore
611 297 818 355 eligendo
851 301 1262 346 communicabunt
1286 303 1316 345 ¹.
1353 305 1475 346 Haec
1508 306 1618 347 suut
1648 317 1765 362 quae
1798 303 1843 348 in
1878 315 2000 350 com-

225 379 497 423 mendandis
531 380 630 425 Sedi
666 381 948 439 Apostolieae
982 383 1292 428 sacerdotibus
1324 398 1404 442 pro
1438 385 1711 430 Foederatae
1763 387 1998 431 Americae

228 461 552 519 Episcoporum
587 463 812 508 electione
846 467 886 508 S.
924 468 969 509 C.
1007 465 1233 510 servanda
1269 467 1571 526 praescripsit.
1614 472 1671 513 Ea
1707 482 1816 514 vero
1848 469 2001 515 decer-

227 558 341 589 nens
377 550 537 590 notum
572 547 787 592 omnibus
819 561 917 592 esse
952 549 1098 593 voluit
1130 548 1176 593 in
1211 549 1377 594 litteris
1408 550 1462 594 de
1497 550 1580 595 hac
1614 550 2002 608 pertractantibus

223 629 278 673 ad
313 631 353 673 S.
395 629 554 673 Sedem
590 630 959 676 transmittendis
992 630 1105 675 nihil
1138 631 1340 676 inveniri
1373 632 1553 689 debere,
1578 633 1697 692 quod
1725 634 1999 679 electionem

224 718 304 757 aut
338 712 705 757 nominationem
741 715 1034 771 praeseferat,
1073 715 1133 759 ita
1169 720 1219 759 ut
1259 716 1399 760 etiam
1444 730 1501 760 ex
1546 715 1806 760 litterarum
1855 718 1998 761 forma

226 801 378 853 pateat
414 796 587 840 nullam
621 796 667 840 in
703 799 743 841 S.
783 798 941 842 Sedem
989 797 1147 841 inferri
1192 798 1515 856 obligationem
1560 799 1755 856 eligendi
1802 798 2001 858 aliquem

224 895 281 924 ex
316 880 675 924 commendatis:
714 881 840 924 salva
874 881 998 925 enirn
1035 895 1223 926 manere
1256 882 1389 925 debet
1422 888 1467 926 et
1494 881 1645 926 illaesa
1668 881 1794 926 Sedis
1818 883 2003 939 Aposto-

224 965 335 1008 licae
371 964 555 1008 libertas
589 963 633 1007 in
669 963 888 1020 eligendis
924 963 1177 1022 Episcopis;
1223 965 1651 1009 commendationes
1692 977 1802 1008 vero
1847 963 2000 1006 lumen

225 1053 407 1092 tantum
444 1052 490 1090 et
522 1046 835 1105 cognitionem
870 1051 910 1091 S.
949 1047 1298 1105 congregationi
1345 1062 1435 1092 non
1477 1053 1632 1092 autem
1676 1044 2000 1103 obligationem

225 1132 434 1177 all'erent.

348 1245 364 1255 .,
395 1220 559 1260 Datum
598 1218 767 1258 Romae
801 1229 858 1258 ex
892 1213 1079 1258 aedibus
1113 1216 1153 1258 S.
1200 1214 1573 1271 Congregationis
1614 1215 1668 1259 de
1712 1217 2002 1273 Propaganda

224 1300 330 1344 Fide
362 1299 434 1342 die
476 1300 525 1342 14
558 1298 674 1342 lunii
718 1298 825 1341 1854
853 1317 889 1341 w.

346 1384 457 1428 Huic
492 1387 647 1427 autem
685 1387 875 1426 Decreto
913 1381 1010 1425 limi
1044 1395 1097 1425 ac
1132 1380 1234 1425 Rmi
1271 1385 1423 1425 Patres
1447 1384 1608 1425 Sacrae
1633 1383 2004 1440 Cougregatiouis

227 1468 271 1512 in
308 1471 544 1512 conventu
579 1465 776 1522 generali
813 1465 968 1509 habito
1001 1464 1072 1508 die
1109 1465 1160 1508 10
1196 1464 1383 1521 Augusti
1435 1465 1543 1509 1850
1586 1470 1631 1508 et
1670 1465 1791 1509 aliud
1837 1465 2003 1510 adden-

227 1552 334 1594 dum
371 1554 654 1594 censuerunt
687 1547 922 1607 sequentis
954 1546 1159 1591 tenoris:

347 1655 364 1673 :a
395 1638 527 1678 Sacra
562 1631 861 1689 Congregatio
895 1630 948 1674 de
984 1630 1276 1688 Propagauda
1312 1631 1417 1675 Fide
1450 1630 1522 1675 die
1551 1631 1840 1675 141uniian.
1873 1631 1999 1674 1854.

230 1722 470 1763 Decretum
505 1716 661 1770 edidit,
697 1715 814 1773 quod
850 1713 1035 1772 incipit-z
1073 1718 1183 1759 Cum
1219 1714 1273 1758 ad
1299 1714 1529 1770 religionis
1552 1714 1909 1768 incrementum,
1938 1713 2004 1756 iu-

225 1802 440 1845 scribitur
472 1814 613 1843 vero:
653 1803 712 1842 De
749 1798 963 1841 methodo
996 1799 1224 1842 servanda
1258 1797 1304 1841 in
1343 1797 1663 1855 Episcoporum
1716 1796 1998 1841 Dioecesium

227 1885 563 1929 foederatarum
586 1883 823 1927 Americae
847 1880 1225 1938 septentrionalis
1248 1879 1591 1938 provinciarum
1615 1880 1854 1923 electione.
1883 1883 1942 1924 Cu
1959 1893 2001 1922 m

229 1982 336 2012 vero
369 1967 548 2020 deinde,
589 1970 677 2009 Deo
711 1967 916 2019 favente,
952 1964 1230 2008 dioecesium
1266 1977 1459 2007 numero
1495 1977 1572 2020 per
1605 1962 1733 2006 illam
1769 1975 2003 2018 regionem

225 2056 377 2105 aucto,
418 2049 640 2094 Ecclesias
672 2062 787 2106 quae
821 2052 956 2092 antea
982 2046 1060 2090 uni
1089 2046 1404 2104 Metropolitae
1437 2039 1672 2099 suberant,
1700 2045 1822 2089 inter
1856 2045 2006 2102 plures

226 2133 383 2191 partiri
419 2146 604 2177 necesse
640 2131 802 2187 fuerit,
840 2130 1009 2189 aliquid
1052 2129 1312 2187 supradicto
1353 2129 1537 2173 decreto
1580 2142 1658 2172 seu
1702 2127 1995 2171 instructioni

226 2217 487 2261 addendum
524 2216 673 2260 visum
708 2221 777 2259 est
810 2219 859 2259 ut
892 2214 1234 2260 commendatio
1275 2213 1563 2257 sacerdotum
1600 2226 1679 2268 pro
1731 2212 2002 2256 vacantibus

231 2301 440 2346 lieclesiis
473 2315 524 2345 ea
559 2300 736 2344 ratione
771 2299 864 2354 liat,
900 2313 1017 2358 quae
1050 2312 1154 2342 cum
1191 2312 1310 2342 nova
1337 2298 1515 2342 illarum
1541 2297 1804 2355 partitione,
1828 2311 1881 2341 ac
1906 2311 2003 2354 pro-

229 2386 487 2430 vinciarum
522 2389 642 2430 statu
678 2385 936 2429 cohaereat.
979 2383 1169 2427 Proinde
1203 2385 1243 2426 S.
1280 2385 1325 2427 C.
1366 2382 1411 2426 in
1445 2381 1644 2438 generali
1670 2385 1905 2425 conventu
1930 2380 2002 2424 die

232 2470 283 2513 *10
319 2469 488 2513 mensis
523 2468 636 2512 lunii
673 2467 783 2517 anni
820 2467 954 2511 huius
988 2465 1158 2520 habito,
1196 2466 1423 2509 referente
1463 2463 1753 2521 infrascripto
1797 2462 1999 2507 eiusdem

228 2553 480 2606 Praefecto,
516 2551 730 2596 omnibus
764 2554 943 2594 mature
979 2548 1228 2607 perpensis,
1278 2548 1453 2592 ratione
1487 2560 1667 2605 quoque
1711 2545 1805 2589 voti
1852 2544 2001 2589 habita

227 2650 278 2681 ea
313 2636 367 2680 de
402 2650 448 2680 re
482 2635 538 2678 ab
574 2634 802 2692 Episcopis
835 2633 1027 2678 exhibiti
1061 2647 1118 2676 ex
1152 2631 1354 2678 Concilio
1381 2634 1455 2675 Vll
1482 2629 1814 2684 Baltimoreusi3
1851 2628 2004 2672 decre-

347 2863 356 2882 ¹
381 2862 420 2897 ln
447 2861 741 2906 Congregatione
768 2859 856 2895 Gen.
883 2859 988 2905 Prop.
1016 2860 1082 2895 Fid
1124 2860 1181 2895 die
1209 2859 1227 2894 7
1250 2859 1344 2904 Aug.
1362 2869 1420 2895 au.
1442 2858 1532 2894 1859
1559 2856 1685 2893 habita
1713 2855 1914 2893 universim
1943 2854 2006 2890 de-

228 2939 367 2972 cretum
394 2939 463 2975 est,
487 2933 585 2979 quod
612 2942 697 2968 cum
723 2931 799 2967 dari
827 2931 933 2968 debet
970 2931 1167 2967 Coadiulor
1197 2931 1307 2967 alicui
1336 2930 1647 2975 Archiepiscopo,
1674 2926 1891 2963 consulendi
1922 2930 2002 2962 sunl

229 3005 339 3041 etiam
358 3014 488 3040 omnes
507 3003 787 3048 Archiepiscopi
807 3001 960 3039 aliarum
982 3001 1264 3046 provinciarum,
1284 3001 1455 3047 idemque
1482 2999 1613 3046 potiori
1636 2999 1775 3035 ratione
1799 2997 2004 3034 faciendum

230 3085 313 3112 cum
341 3075 462 3121 agitur
487 3074 531 3110 de
560 3074 644 3110 novi
673 3072 953 3119 Archiepiscopi
981 3072 1170 3108 electione-
