2176 3386
244 164 322 203 128
915 178 1024 207 PARS
1054 179 1094 206 Η.
1131 179 1186 207 DE
1217 179 1354 208 nEssus

239 296 418 328 sensus.
474 286 608 327 Error
639 285 794 342 quoad
834 285 1083 340 qualitates
1131 298 1350 342 personae
1389 287 1659 343 regulariter
1689 292 1736 332 et
1768 303 1848 348 per
1879 303 1926 334 se
1959 291 2022 335 lo·

238 367 424 426 quendo
449 381 540 411 non
568 367 714 410 reddit
737 367 918 411 irritum
946 367 1310 424 matrimonium,
1338 369 1444 414 licet
1466 384 1524 414 ex
1548 370 1650 416 dolo
1672 371 1860 417 alterius
1883 373 2023 430 partis

247 449 533 507 processerit,
564 449 634 493 vel
669 449 885 494 affirmari
922 450 1060 509 possit
1092 456 1323 496 errantem
1361 466 1649 512 nequaquam
1676 454 2023 500 x‘oluisseinire

242 534 613 590 matrimonium,
634 535 667 578 si
693 534 961 593 qualitatem
988 534 1108 579 illam
1135 534 1339 580 novisset
1359 537 1388 581 ¹.
1419 536 1626 582 Diximus
1648 552 1849 583 errorem
1873 539 2020 598 quoad

239 617 488 676 qualitates
521 617 810 674 reyalariter
841 622 888 661 et
920 631 1007 674 per
1037 631 1083 661 se
1115 618 1341 676 loquendo
1375 633 1466 664 non
1502 620 1687 665 reddere
1712 620 1892 667 irritum
1930 637 2021 667 ma-

241 700 540 756 trimonium;
591 700 625 743 si
669 699 793 743 enim
842 699 1037 759 qualitas
1070 700 1129 745 sit
1162 701 1363 758 praecise
1399 701 1560 759 posita,
1595 707 1646 746 ut
1678 704 1880 749 conditio
1913 719 2021 751 con·

243 795 426 838 sensus,
465 783 536 827 x‘el
570 782 604 827 si
641 782 836 841 qualitas
868 782 925 826 sit
957 783 1137 840 signum
1172 779 1722 843 diacriticum‘personaffi
1748 800 1825 831 seu
1860 786 1896 831 si
1926 789 2019 846 ipsa

242 865 440 923 qualitas
466 879 706 924 personam
741 865 1037 921 determinat,
1063 870 1175 910 tunc
1197 880 1324 911 error
1346 867 1494 925 quoad
1516 868 1784 926 qualitatem
1809 876 2023 915 censetur

241 949 422 992 refundi
458 948 502 992 in
537 949 860 1003 substantiam,
896 953 942 993 et
975 950 1322 994 matrimonium
1357 949 1540 995 irritum
1574 952 1734 997 reddit.

714 1091 731 1137 ξ
758 1093 789 1128 2.
819 1113 861 1117 -
890 1093 948 1128 De
976 1092 1262 1139 impedimento
1293 1094 1546 1130 conditionis.

361 1197 462 1241 876.
500 1200 583 1241 Per
615 1197 997 1255 impedimentum
1040 1199 1316 1244 conditionis
1353 1201 1479 1244 venit
1525 1206 1570 1244 et.
1613 1201 1882 1259 intelligitur
1913 1217 2020 1248 con-

234 1278 351 1323 ditio
384 1279 563 1323 servilis
597 1278 804 1336 ignorata
842 1280 910 1324 x‘el
944 1281 1001 1325 ab
1035 1287 1259 1341 utroque,
1300 1283 1370 1326 vel
1405 1284 1462 1327 ab
1494 1283 1715 1328 alterutro
1748 1298 1802 1328 ex
1838 1290 2020 1330 contra·

238 1362 470 1407 bentibus.

360 1446 461 1490 877.
498 1447 651 1499 Quoad
679 1447 762 1491 boc
789 1447 1168 1505 impedimentum
1195 1450 1447 1494 notandum
1483 1455 1574 1495 est:
1618 1453 1652 1504 l)
1681 1453 1805 1504 Quod
1832 1453 2020 1498 nomine

240 1528 525 1573 conditionis
548 1531 727 1574 servilis
751 1530 878 1575 venit
910 1531 1109 1575 servitus
1141 1532 1298 1576 stricte
1320 1534 1434 1588 talis,
1462 1534 1638 1579 ratione
1671 1536 1801 1580 cuius
1828 1550 2018 1594 persona

236 1612 393 1671 aliqua
427 1612 668 1658 subiicitur
700 1614 902 1659 dominio
935 1615 1147 1672 alterius,
1184 1620 1229 1660 et
1261 1617 1443 1675 quidem
1496 1618 1588 1674 ita,
1624 1623 1675 1662 ut
1709 1619 1847 1677 possit
1879 1621 2017 1666 etiam

245 1697 518 1742 venumdari
552 1712 573 1741 a
611 1711 691 1742 suo
724 1699 928 1743 domino.
966 1701 1006 1755 2)
1042 1701 1169 1752 Quod
1202 1701 1308 1745 licet
1354 1701 1552 1746 servitus
1586 1702 1668 1747 ista
1705 1704 1931 1761 pertineat
1963 1705 2018 1749 ad

243 1780 530 1839 qualitatem,
557 1785 602 1825 et
636 1796 726 1826 non
751 1782 806 1826 ad
833 1796 1052 1840 personae
1075 1784 1399 1840 substantiam,
1426 1785 1741 1841 nibilominus,
1766 1786 1869 1846 quia
1894 1801 2021 1832 error

235 1862 337 1907 sive
372 1864 581 1922 deceptio
614 1866 761 1923 quoad
797 1866 882 1910 boc
915 1866 1184 1923 gravissima
1218 1879 1373 1911 secum
1409 1868 1551 1911 trabit
1583 1867 1893 1925 incommoda,
1920 1870 2019 1915 ideo

244 1947 417 2004 optimo
452 1948 549 1992 iure
572 1948 630 1991 ab
657 1949 854 1993 Ecclesia
889 1952 1112 1993 statutum
1139 1954 1208 1993 est
1232 1954 1282 1993 ut
1304 1964 1355 1994 ea
1384 1950 1764 2008 impedimentum
1799 1951 2020 1996 dirimens

235 2031 521 2086 constituat,
558 2031 656 2075 sive
689 2031 888 2076 servitus
936 2033 1142 2089 ignorata
1194 2033 1330 2077 fuerit
1364 2048 1443 2092 per
1476 2034 1781 2091 ignorantiam
1821 2034 2016 2079 invinci-

243 2112 410 2166 bilem,
446 2112 544 2157 sive
577 2113 842 2158 vincibilem
888 2118 934 2158 et
971 2128 1204 2170 crassam,
1238 2115 1336 2160 site
1380 2130 1458 2173 per
1503 2130 1705 2160 errorem
1744 2117 2018 2161 anteceden-

238 2201 331 2240 tem
371 2195 468 2240 sive
508 2211 587 2254 per
623 2197 1029 2242 concomitantem.
1078 2201 1187 2243 Cum
1223 2202 1377 2243 autem
1411 2198 1470 2242 sit
1501 2213 1526 2243 a
1560 2199 1657 2243 iure
1690 2199 2015 2254 ecclesiastico,

246 2292 336 2323 non
370 2278 545 2323 dirimit
578 2280 927 2325 matrimonium
961 2281 1081 2325 inter
1114 2281 1334 2326 infideles.
1371 2282 1412 2338 5)
1449 2282 1576 2336 Quod
1608 2281 1643 2326 si
1666 2282 1787 2327 dicta
1820 2281 2018 2327 servitus

244 2375 335 2406 non
374 2362 626 2419 ignoretur,
663 2363 1012 2408 matrimonium
1051 2364 1250 2409 validum
1286 2369 1370 2420 est,
1396 2364 1528 2424 idque
1562 2365 1742 2410 etiarnsi
1775 2368 2019 2411 contraha-

236 2448 314 2490 tur
349 2447 533 2490 nolente
581 2446 785 2491 domino.
835 2448 878 2502 4)
915 2447 1042 2501 Quod
1091 2447 1472 2505 impedimentum
1523 2449 1799 2507 proveniens
1839 2463 1863 2493 a
1896 2449 2016 2494 dicta

242 2530 396 2575 servili
432 2530 695 2575 conditione
728 2530 996 2575 extenditur
1027 2531 1168 2575 etiam
1201 2535 1257 2576 ad
1289 2531 1560 2577 servitutem
1595 2533 1898 2589 diminutam,
1934 2533 2016 2578 sci·

239 2613 347 2658 licet
378 2628 495 2673 quae
539 2614 642 2658 talis
686 2614 743 2658 sit
776 2615 923 2659 solum
956 2614 1012 2659 ad
1046 2619 1241 2672 tempus.
1294 2616 1334 2671 5)
1374 2616 1636 2660 Notandum
1681 2617 1800 2675 quod
1834 2616 2016 2661 nomine

238 2697 478 2742 servitutis
509 2698 564 2742 de
596 2711 684 2757 qua
717 2697 891 2755 agitur,
927 2697 1066 2742 etiam
1103 2697 1233 2742 venit
1266 2697 1356 2755 illa,
1391 2712 1507 2757 quae
1551 2712 1792 2756 personam
1831 2712 2013 2743 servam

238 2796 331 2828 non
366 2781 513 2827 reddit
546 2781 701 2836 vilem,
728 2786 780 2825 ut
811 2781 846 2825 si
879 2781 980 2840 quis
1004 2780 1351 2825 matrimonium
1385 2783 1680 2826 contraheret
1711 2796 1816 2826 cum
1843 2781 2015 2826 femina

236 2865 473 2924 primaria,
499 2870 546 2909 et
567 2864 771 2923 principe
795 2863 910 2909 bello
943 2867 1092 2922 capta.
1129 2865 1171 2919 6)
1199 2864 1482 2919 Notandum,
1507 2864 1626 2923 quod
1649 2864 1819 2923 absque
1841 2863 2019 2923 dispen-

235 2947 417 2993 satione
468 2951 616 3006 potest
664 2946 1012 2991 matrimonium
1046 2946 1237 2991 validat-i
1271 2960 1351 3004 per
1383 2959 1692 3002 consensum,
1727 2950 1861 3005 prout
1908 2960 2015 2991 mox

359 3126 368 3145 ¹
398 3128 432 3163 S.
460 3126 499 3162 C.
529 3096 646 3163 Cone.¹
666 3126 704 3162 in
730 3125 947 3162 Valachien.
977 3124 1204 3162 Matrimonii
1228 3123 1275 3162 20
1300 3124 1378 3162 dec.
1407 3123 1509 3161 1862.
