<?xml version="1.0" encoding="UTF-8"?>
<!DOCTYPE html PUBLIC "-//W3C//DTD XHTML 1.0 Transitional//EN"
    "http://www.w3.org/TR/xhtml1/DTD/xhtml1-transitional.dtd">
<html xmlns="http://www.w3.org/1999/xhtml" xml:lang="en" lang="en">
 <head>
  <title>
</title>
<meta http-equiv="Content-Type" content="text/html;charset=utf-8" />
  <meta name='ocr-system' content='tesseract 3.04.00' />
  <meta name='ocr-capabilities' content='ocr_page ocr_carea ocr_par ocr_line ocrx_word'/>
</head>
<body>
  <div class='ocr_page' id='page_1' title='image "apparatus00ziteuoft_0637.png"; bbox 0 0 2176 3386; ppageno 0'>
   <div class='ocr_carea' id='block_1_1' title="bbox 0 0 604 103">
    <p class='ocr_par' dir='ltr' id='par_1_1' title="bbox 0 0 667 103">
     <span class='ocr_line' id='line_1_1' title="bbox 0 0 604 103; baseline -0.094 -21"><span class='ocrx_word' id='word_1_1' title='bbox 0 0 238 103; x_wconf 51' lang='grc' dir='ltr'>ΓΡ(</span> <span class='ocrx_word' id='word_1_2' title='bbox 252 0 307 26; x_wconf 57' lang='grc' dir='ltr'>’,ψ’</span> <span class='ocrx_word' id='word_1_3' title='bbox 324 0 407 30; x_wconf 51' lang='grc' dir='ltr'>’π-</span> <span class='ocrx_word' id='word_1_4' title='bbox 443 7 450 11; x_wconf 64' lang='grc'><strong><em>«</em></strong></span> <span class='ocrx_word' id='word_1_5' title='bbox 471 0 530 19; x_wconf 46' lang='grc' dir='ltr'>--ψ</span> <span class='ocrx_word' id='word_1_6' title='bbox 549 0 555 3; x_wconf 88' lang='grc'>-</span> <span class='ocrx_word' id='word_1_7' title='bbox 572 0 604 17; x_wconf 51' lang='lat' dir='ltr'>vs</span> 
     </span>
    </p>
   </div>
   <div class='ocr_carea' id='block_1_2' title="bbox 555 205 1978 244">
    <p class='ocr_par' dir='ltr' id='par_1_2' title="bbox 555 205 1978 244">
     <span class='ocr_line' id='line_1_2' title="bbox 555 205 1978 244; baseline 0.003 -4"><span class='ocrx_word' id='word_1_8' title='bbox 555 213 684 241; x_wconf 76' lang='lat' dir='ltr'>mni-:n</span> <span class='ocrx_word' id='word_1_9' title='bbox 713 213 736 240; x_wconf 94' lang='lat'>1.</span> <span class='ocrx_word' id='word_1_10' title='bbox 773 213 828 240; x_wconf 81' lang='lat' dir='ltr'>DE</span> <span class='ocrx_word' id='word_1_11' title='bbox 860 212 997 242; x_wconf 79' lang='lat' dir='ltr'>REBUS</span> <span class='ocrx_word' id='word_1_12' title='bbox 1027 211 1263 241; x_wconf 80' lang='lat' dir='ltr'>ECCLESIAE</span> <span class='ocrx_word' id='word_1_13' title='bbox 1293 213 1619 243; x_wconf 78' lang='lat' dir='ltr'>SPIRITUALIBUS</span> <span class='ocrx_word' id='word_1_14' title='bbox 1905 205 1978 244; x_wconf 92' lang='lat'>141</span> 
     </span>
    </p>
   </div>
   <div class='ocr_carea' id='block_1_3' title="bbox 186 319 1979 2962">
    <p class='ocr_par' dir='ltr' id='par_1_3' title="bbox 192 319 1979 1045">
     <span class='ocr_line' id='line_1_3' title="bbox 196 319 1979 383; baseline 0.002 -19"><span class='ocrx_word' id='word_1_15' title='bbox 196 319 449 364; x_wconf 82' lang='lat' dir='ltr'><strong>honestatis</strong></span> <span class='ocrx_word' id='word_1_16' title='bbox 482 324 638 364; x_wconf 89' lang='lat' dir='ltr'>tamen</span> <span class='ocrx_word' id='word_1_17' title='bbox 675 319 852 364; x_wconf 90' lang='lat' dir='ltr'>ratione</span> <span class='ocrx_word' id='word_1_18' title='bbox 884 320 1108 364; x_wconf 81' lang='lat' dir='ltr'>suadente</span> <span class='ocrx_word' id='word_1_19' title='bbox 1142 333 1241 365; x_wconf 89' lang='lat' dir='ltr'>mos</span> <span class='ocrx_word' id='word_1_20' title='bbox 1273 325 1503 376; x_wconf 89' lang='lat' dir='ltr'>servatur,</span> <span class='ocrx_word' id='word_1_21' title='bbox 1541 326 1591 383; x_wconf 82' lang='lat' dir='ltr'>ut</span> <span class='ocrx_word' id='word_1_22' title='bbox 1623 322 1713 377; x_wconf 85' lang='lat' dir='ltr'>hic,</span> <span class='ocrx_word' id='word_1_23' title='bbox 1759 322 1979 368; x_wconf 83' lang='lat' dir='ltr'>nimirum</span> 
     </span>
     <span class='ocr_line' id='line_1_4' title="bbox 193 401 1975 464; baseline 0.002 -17"><span class='ocrx_word' id='word_1_24' title='bbox 193 401 267 447; x_wconf 91' lang='lat' dir='ltr'>cui</span> <span class='ocrx_word' id='word_1_25' title='bbox 300 415 464 461; x_wconf 91' lang='lat' dir='ltr'>sponsa</span> <span class='ocrx_word' id='word_1_26' title='bbox 498 403 670 458; x_wconf 88' lang='lat' dir='ltr'>subest,</span> <span class='ocrx_word' id='word_1_27' title='bbox 707 410 954 462; x_wconf 85' lang='lat' dir='ltr'>utrumque</span> <span class='ocrx_word' id='word_1_28' title='bbox 987 402 1255 461; x_wconf 86' lang='lat' dir='ltr'>coniungat.</span> <span class='ocrx_word' id='word_1_29' title='bbox 1303 407 1416 449; x_wconf 90' lang='lat' dir='ltr'>Cum</span> <span class='ocrx_word' id='word_1_30' title='bbox 1462 419 1570 449; x_wconf 85' lang='lat' dir='ltr'>vero</span> <span class='ocrx_word' id='word_1_31' title='bbox 1610 405 1811 450; x_wconf 85' lang='lat' dir='ltr'>officium</span> <span class='ocrx_word' id='word_1_32' title='bbox 1847 420 1975 464; x_wconf 88' lang='lat' dir='ltr'>paro-</span> 
     </span>
     <span class='ocr_line' id='line_1_5' title="bbox 194 485 1974 547; baseline 0.002 -17"><span class='ocrx_word' id='word_1_33' title='bbox 194 486 340 531; x_wconf 84' lang='lat' dir='ltr'>chiale</span> <span class='ocrx_word' id='word_1_34' title='bbox 372 487 636 531; x_wconf 88' lang='lat' dir='ltr'>eminenter</span> <span class='ocrx_word' id='word_1_35' title='bbox 668 486 964 531; x_wconf 89' lang='lat' dir='ltr'>contineatur</span> <span class='ocrx_word' id='word_1_36' title='bbox 997 485 1043 530; x_wconf 92' lang='lat' dir='ltr'>in</span> <span class='ocrx_word' id='word_1_37' title='bbox 1078 486 1156 542; x_wconf 90' lang='lat' dir='ltr'>iis,</span> <span class='ocrx_word' id='word_1_38' title='bbox 1200 487 1277 546; x_wconf 92' lang='lat' dir='ltr'>qui</span> <span class='ocrx_word' id='word_1_39' title='bbox 1315 488 1515 532; x_wconf 78' lang='lat' dir='ltr'>Parocho</span> <span class='ocrx_word' id='word_1_40' title='bbox 1558 490 1816 546; x_wconf 83' lang='lat' dir='ltr'>superiores</span> <span class='ocrx_word' id='word_1_41' title='bbox 1849 496 1974 547; x_wconf 87' lang='lat' dir='ltr'>sunt,</span> 
     </span>
     <span class='ocr_line' id='line_1_6' title="bbox 195 569 1978 634; baseline 0.003 -21"><span class='ocrx_word' id='word_1_42' title='bbox 195 569 303 614; x_wconf 91' lang='lat' dir='ltr'>hinc</span> <span class='ocrx_word' id='word_1_43' title='bbox 338 570 685 615; x_wconf 80' lang='lat' dir='ltr'>matrimonium</span> <span class='ocrx_word' id='word_1_44' title='bbox 719 575 1012 615; x_wconf 90' lang='lat' dir='ltr'>contractum</span> <span class='ocrx_word' id='word_1_45' title='bbox 1046 585 1202 616; x_wconf 90' lang='lat' dir='ltr'>coram</span> <span class='ocrx_word' id='word_1_46' title='bbox 1235 571 1496 627; x_wconf 89' lang='lat' dir='ltr'>Ordinario,</span> <span class='ocrx_word' id='word_1_47' title='bbox 1540 577 1781 632; x_wconf 81' lang='lat' dir='ltr'>postquam</span> <span class='ocrx_word' id='word_1_48' title='bbox 1826 575 1978 634; x_wconf 88' lang='lat' dir='ltr'>coepit</span> 
     </span>
     <span class='ocr_line' id='line_1_7' title="bbox 194 652 1974 713; baseline 0.003 -16"><span class='ocrx_word' id='word_1_49' title='bbox 194 652 526 710; x_wconf 87' lang='lat' dir='ltr'>possessionem</span> <span class='ocrx_word' id='word_1_50' title='bbox 560 652 795 707; x_wconf 87' lang='lat' dir='ltr'>dioecesis,</span> <span class='ocrx_word' id='word_1_51' title='bbox 833 653 1012 698; x_wconf 88' lang='lat' dir='ltr'>Vicario</span> <span class='ocrx_word' id='word_1_52' title='bbox 1046 654 1256 699; x_wconf 85' lang='lat' dir='ltr'>Generali</span> <span class='ocrx_word' id='word_1_53' title='bbox 1280 658 1326 699; x_wconf 89' lang='lat' dir='ltr'>et</span> <span class='ocrx_word' id='word_1_54' title='bbox 1349 655 1613 713; x_wconf 89' lang='lat' dir='ltr'>Capitulari,</span> <span class='ocrx_word' id='word_1_55' title='bbox 1642 655 1844 701; x_wconf 89' lang='lat' dir='ltr'>validum</span> <span class='ocrx_word' id='word_1_56' title='bbox 1868 659 1974 713; x_wconf 90' lang='lat' dir='ltr'>erit,</span> 
     </span>
     <span class='ocr_line' id='line_1_8' title="bbox 192 735 1975 796; baseline 0.003 -17"><span class='ocrx_word' id='word_1_57' title='bbox 192 735 373 780; x_wconf 85' lang='lat' dir='ltr'>etiamsi</span> <span class='ocrx_word' id='word_1_58' title='bbox 411 735 616 780; x_wconf 84' lang='lat' dir='ltr'>Vicarius</span> <span class='ocrx_word' id='word_1_59' title='bbox 649 736 902 791; x_wconf 78' lang='lat' dir='ltr'>Generalis,</span> <span class='ocrx_word' id='word_1_60' title='bbox 939 736 1084 781; x_wconf 90' lang='lat' dir='ltr'>inscio</span> <span class='ocrx_word' id='word_1_61' title='bbox 1123 736 1340 796; x_wconf 86' lang='lat' dir='ltr'>Episcopo</span> <span class='ocrx_word' id='word_1_62' title='bbox 1373 738 1447 782; x_wconf 90' lang='lat' dir='ltr'>vel</span> <span class='ocrx_word' id='word_1_63' title='bbox 1480 743 1641 782; x_wconf 88' lang='lat' dir='ltr'>contra</span> <span class='ocrx_word' id='word_1_64' title='bbox 1674 738 1773 783; x_wconf 89' lang='lat' dir='ltr'>eius</span> <span class='ocrx_word' id='word_1_65' title='bbox 1815 739 1975 784; x_wconf 90' lang='lat' dir='ltr'>volun-</span> 
     </span>
     <span class='ocr_line' id='line_1_9' title="bbox 195 820 1978 874; baseline 0.003 -12"><span class='ocrx_word' id='word_1_66' title='bbox 195 823 354 874; x_wconf 82' lang='lat' dir='ltr'>tatem,</span> <span class='ocrx_word' id='word_1_67' title='bbox 392 820 688 865; x_wconf 90' lang='lat' dir='ltr'>matrimonio</span> <span class='ocrx_word' id='word_1_68' title='bbox 720 820 917 865; x_wconf 78' lang='lat' dir='ltr'>assistat.</span> <span class='ocrx_word' id='word_1_69' title='bbox 958 820 1079 865; x_wconf 88' lang='lat' dir='ltr'>ldem</span> <span class='ocrx_word' id='word_1_70' title='bbox 1111 820 1358 865; x_wconf 91' lang='lat' dir='ltr'>dicendum</span> <span class='ocrx_word' id='word_1_71' title='bbox 1392 821 1448 865; x_wconf 92' lang='lat' dir='ltr'>de</span> <span class='ocrx_word' id='word_1_72' title='bbox 1474 822 1789 867; x_wconf 89' lang='lat' dir='ltr'>Cardinalibus</span> <span class='ocrx_word' id='word_1_73' title='bbox 1811 822 1858 867; x_wconf 95' lang='lat' dir='ltr'>in</span> <span class='ocrx_word' id='word_1_74' title='bbox 1884 823 1978 868; x_wconf 86' lang='lat' dir='ltr'>suis</span> 
     </span>
     <span class='ocr_line' id='line_1_10' title="bbox 193 901 1977 965; baseline 0.003 -19"><span class='ocrx_word' id='word_1_75' title='bbox 193 901 396 947; x_wconf 89' lang='lat' dir='ltr'>ecclesiis</span> <span class='ocrx_word' id='word_1_76' title='bbox 431 902 707 958; x_wconf 87' lang='lat' dir='ltr'>titularibus,</span> <span class='ocrx_word' id='word_1_77' title='bbox 742 904 796 948; x_wconf 84' lang='lat' dir='ltr'>de</span> <span class='ocrx_word' id='word_1_78' title='bbox 832 903 1009 961; x_wconf 88' lang='lat' dir='ltr'>Legatis</span> <span class='ocrx_word' id='word_1_79' title='bbox 1030 917 1055 948; x_wconf 93' lang='lat' dir='ltr'>a</span> <span class='ocrx_word' id='word_1_80' title='bbox 1081 904 1238 959; x_wconf 87' lang='lat' dir='ltr'>latere,</span> <span class='ocrx_word' id='word_1_81' title='bbox 1264 903 1405 949; x_wconf 90' lang='lat' dir='ltr'>etiam</span> <span class='ocrx_word' id='word_1_82' title='bbox 1429 904 1573 950; x_wconf 86' lang='lat' dir='ltr'>inscio</span> <span class='ocrx_word' id='word_1_83' title='bbox 1600 906 1670 950; x_wconf 74' lang='lat' dir='ltr'>vel</span> <span class='ocrx_word' id='word_1_84' title='bbox 1695 905 1843 950; x_wconf 89' lang='lat' dir='ltr'>invito</span> <span class='ocrx_word' id='word_1_85' title='bbox 1878 907 1977 965; x_wconf 83' lang='lat' dir='ltr'>Epi-</span> 
     </span>
     <span class='ocr_line' id='line_1_11' title="bbox 192 985 1223 1045; baseline 0.002 -16"><span class='ocrx_word' id='word_1_86' title='bbox 192 998 344 1043; x_wconf 88' lang='lat' dir='ltr'>scopo,</span> <span class='ocrx_word' id='word_1_87' title='bbox 382 985 428 1030; x_wconf 91' lang='lat' dir='ltr'>in</span> <span class='ocrx_word' id='word_1_88' title='bbox 464 986 692 1031; x_wconf 88' lang='lat' dir='ltr'>territorio</span> <span class='ocrx_word' id='word_1_89' title='bbox 728 987 934 1045; x_wconf 90' lang='lat' dir='ltr'>propriae</span> <span class='ocrx_word' id='word_1_90' title='bbox 968 986 1223 1044; x_wconf 84' lang='lat' dir='ltr'>legationis.</span> 
     </span>
    </p>

    <p class='ocr_par' dir='ltr' id='par_1_4' title="bbox 191 1070 1973 1375">
     <span class='ocr_line' id='line_1_12' title="bbox 309 1070 1973 1130; baseline 0.002 -16"><span class='ocrx_word' id='word_1_91' title='bbox 309 1070 408 1114; x_wconf 84' lang='lat'>918.</span> <span class='ocrx_word' id='word_1_92' title='bbox 450 1073 512 1114; x_wconf 81' lang='lat' dir='ltr'>Ex</span> <span class='ocrx_word' id='word_1_93' title='bbox 547 1075 682 1116; x_wconf 82' lang='lat' dir='ltr'>Conc.</span> <span class='ocrx_word' id='word_1_94' title='bbox 721 1071 838 1115; x_wconf 82' lang='lat' dir='ltr'>Trid.</span> <span class='ocrx_word' id='word_1_95' title='bbox 881 1072 1107 1115; x_wconf 82' lang='lat' dir='ltr'>Parochus</span> <span class='ocrx_word' id='word_1_96' title='bbox 1139 1071 1275 1115; x_wconf 86' lang='lat' dir='ltr'>debet</span> <span class='ocrx_word' id='word_1_97' title='bbox 1308 1084 1405 1115; x_wconf 88' lang='lat' dir='ltr'>csse</span> <span class='ocrx_word' id='word_1_98' title='bbox 1440 1073 1664 1130; x_wconf 83' lang='lat' dir='ltr'>proprius,</span> <span class='ocrx_word' id='word_1_99' title='bbox 1699 1077 1746 1117; x_wconf 88' lang='lat' dir='ltr'>et</span> <span class='ocrx_word' id='word_1_100' title='bbox 1778 1072 1881 1117; x_wconf 76' lang='lat' dir='ltr'>talis</span> <span class='ocrx_word' id='word_1_101' title='bbox 1904 1078 1973 1118; x_wconf 88' lang='lat' dir='ltr'>est</span> 
     </span>
     <span class='ocr_line' id='line_1_13' title="bbox 194 1154 1972 1214; baseline 0.002 -18"><span class='ocrx_word' id='word_1_102' title='bbox 194 1154 421 1197; x_wconf 79' lang='lat' dir='ltr'>Paroclius</span> <span class='ocrx_word' id='word_1_103' title='bbox 454 1154 679 1198; x_wconf 75' lang='lat' dir='ltr'>domicilii</span> <span class='ocrx_word' id='word_1_104' title='bbox 710 1155 783 1198; x_wconf 86' lang='lat' dir='ltr'>vel</span> <span class='ocrx_word' id='word_1_105' title='bbox 816 1157 952 1213; x_wconf 70' lang='lat' dir='ltr'>quasi</span> <span class='ocrx_word' id='word_1_106' title='bbox 983 1155 1234 1207; x_wconf 61' lang='lat' dir='ltr'>donau-ilii,-</span> <span class='ocrx_word' id='word_1_107' title='bbox 1273 1169 1363 1199; x_wconf 89' lang='lat' dir='ltr'>non</span> <span class='ocrx_word' id='word_1_108' title='bbox 1398 1157 1566 1200; x_wconf 82' lang='lat' dir='ltr'>sufficit</span> <span class='ocrx_word' id='word_1_109' title='bbox 1598 1156 1722 1200; x_wconf 90' lang='lat' dir='ltr'>enim</span> <span class='ocrx_word' id='word_1_110' title='bbox 1756 1159 1972 1214; x_wconf 71' lang='lat' dir='ltr'>oriyt&#39;iiis,</span> 
     </span>
     <span class='ocr_line' id='line_1_14' title="bbox 191 1235 1972 1298; baseline 0.001 -18"><span class='ocrx_word' id='word_1_111' title='bbox 191 1235 414 1294; x_wconf 89' lang='lat' dir='ltr'>siquidem</span> <span class='ocrx_word' id='word_1_112' title='bbox 449 1251 541 1281; x_wconf 91' lang='lat' dir='ltr'>non</span> <span class='ocrx_word' id='word_1_113' title='bbox 579 1237 703 1283; x_wconf 90' lang='lat' dir='ltr'>locus</span> <span class='ocrx_word' id='word_1_114' title='bbox 737 1237 782 1281; x_wconf 93' lang='lat' dir='ltr'>in</span> <span class='ocrx_word' id='word_1_115' title='bbox 816 1252 905 1297; x_wconf 87' lang='lat' dir='ltr'>quo</span> <span class='ocrx_word' id='word_1_116' title='bbox 939 1238 1039 1297; x_wconf 79' lang='lat' dir='ltr'>quis</span> <span class='ocrx_word' id='word_1_117' title='bbox 1076 1243 1208 1282; x_wconf 77' lang='lat' dir='ltr'>natus</span> <span class='ocrx_word' id='word_1_118' title='bbox 1242 1244 1325 1293; x_wconf 87' lang='lat' dir='ltr'>cst,</span> <span class='ocrx_word' id='word_1_119' title='bbox 1363 1239 1439 1283; x_wconf 89' lang='lat' dir='ltr'>sed</span> <span class='ocrx_word' id='word_1_120' title='bbox 1474 1238 1546 1283; x_wconf 88' lang='lat' dir='ltr'>ille</span> <span class='ocrx_word' id='word_1_121' title='bbox 1581 1238 1626 1283; x_wconf 94' lang='lat' dir='ltr'>in</span> <span class='ocrx_word' id='word_1_122' title='bbox 1661 1253 1750 1298; x_wconf 87' lang='lat' dir='ltr'>quo</span> <span class='ocrx_word' id='word_1_123' title='bbox 1779 1238 1972 1295; x_wconf 82' lang='lat' dir='ltr'>habitat,</span> 
     </span>
     <span class='ocr_line' id='line_1_15' title="bbox 194 1318 719 1375; baseline 0.006 -15"><span class='ocrx_word' id='word_1_124' title='bbox 194 1318 521 1375; x_wconf 85' lang='lat' dir='ltr'>parochianum</span> <span class='ocrx_word' id='word_1_125' title='bbox 558 1318 667 1364; x_wconf 84' lang='lat' dir='ltr'>facit</span> <span class='ocrx_word' id='word_1_126' title='bbox 692 1320 719 1363; x_wconf 88' lang='lat'>¹.</span> 
     </span>
    </p>

    <p class='ocr_par' dir='ltr' id='par_1_5' title="bbox 188 1402 1974 1947">
     <span class='ocr_line' id='line_1_16' title="bbox 310 1402 1974 1462; baseline 0.003 -17"><span class='ocrx_word' id='word_1_127' title='bbox 310 1402 410 1445; x_wconf 85' lang='grc'><strong>919.</strong></span> <span class='ocrx_word' id='word_1_128' title='bbox 452 1402 678 1447; x_wconf 69' lang='lat' dir='ltr'>Pal-ochus</span> <span class='ocrx_word' id='word_1_129' title='bbox 711 1408 894 1458; x_wconf 79' lang='lat' dir='ltr'>autem,</span> <span class='ocrx_word' id='word_1_130' title='bbox 944 1403 1050 1448; x_wconf 85' lang='lat' dir='ltr'>licet</span> <span class='ocrx_word' id='word_1_131' title='bbox 1083 1404 1537 1458; x_wconf 79' lang='lat' dir='ltr'>excommunicatus,</span> <span class='ocrx_word' id='word_1_132' title='bbox 1582 1417 1858 1462; x_wconf 89' lang='lat' dir='ltr'>suspensus,</span> <span class='ocrx_word' id='word_1_133' title='bbox 1894 1411 1974 1450; x_wconf 86' lang='lat' dir='ltr'>aut</span> 
     </span>
     <span class='ocr_line' id='line_1_17' title="bbox 192 1484 1972 1544; baseline 0.003 -16"><span class='ocrx_word' id='word_1_134' title='bbox 192 1484 462 1530; x_wconf 90' lang='lat' dir='ltr'>interdictus</span> <span class='ocrx_word' id='word_1_135' title='bbox 495 1486 637 1531; x_wconf 81' lang='lat' dir='ltr'>etiam</span> <span class='ocrx_word' id='word_1_136' title='bbox 671 1487 728 1531; x_wconf 90' lang='lat' dir='ltr'>ab</span> <span class='ocrx_word' id='word_1_137' title='bbox 759 1486 1159 1531; x_wconf 68' lang='lat' dir='ltr'>administratione</span> <span class='ocrx_word' id='word_1_138' title='bbox 1194 1489 1596 1531; x_wconf 84' lang='lat' dir='ltr'>Sacramcntorum</span> <span class='ocrx_word' id='word_1_139' title='bbox 1635 1487 1739 1544; x_wconf 91' lang='lat' dir='ltr'>(nisi</span> <span class='ocrx_word' id='word_1_140' title='bbox 1770 1502 1874 1533; x_wconf 91' lang='lat' dir='ltr'>cum</span> <span class='ocrx_word' id='word_1_141' title='bbox 1899 1489 1972 1533; x_wconf 82' lang='lat' dir='ltr'>dc-</span> 
     </span>
     <span class='ocr_line' id='line_1_18' title="bbox 189 1569 1972 1628; baseline 0.003 -18"><span class='ocrx_word' id='word_1_142' title='bbox 189 1572 314 1612; x_wconf 84' lang='lat' dir='ltr'>creto</span> <span class='ocrx_word' id='word_1_143' title='bbox 349 1569 560 1614; x_wconf 86' lang='lat' dir='ltr'>irritante</span> <span class='ocrx_word' id='word_1_144' title='bbox 593 1571 697 1614; x_wconf 90' lang='lat' dir='ltr'>data</span> <span class='ocrx_word' id='word_1_145' title='bbox 731 1569 968 1628; x_wconf 84' lang='lat' dir='ltr'>suspensio</span> <span class='ocrx_word' id='word_1_146' title='bbox 1002 1570 1140 1614; x_wconf 79' lang='lat' dir='ltr'>fuerit</span> <span class='ocrx_word' id='word_1_147' title='bbox 1172 1585 1193 1614; x_wconf 90' lang='lat' dir='ltr'>a</span> <span class='ocrx_word' id='word_1_148' title='bbox 1235 1575 1282 1615; x_wconf 76' lang='lat' dir='ltr'>R.</span> <span class='ocrx_word' id='word_1_149' title='bbox 1315 1571 1547 1626; x_wconf 72' lang='lat' dir='ltr'>Pontilicr)</span> <span class='ocrx_word' id='word_1_150' title='bbox 1587 1571 1735 1616; x_wconf 79' lang='lat' dir='ltr'>valide</span> <span class='ocrx_word' id='word_1_151' title='bbox 1759 1571 1972 1616; x_wconf 88' lang='lat' dir='ltr'>assisten-</span> 
     </span>
     <span class='ocr_line' id='line_1_19' title="bbox 194 1652 1974 1713; baseline 0.003 -18"><span class='ocrx_word' id='word_1_152' title='bbox 194 1652 301 1697; x_wconf 87' lang='lat' dir='ltr'>tiam</span> <span class='ocrx_word' id='word_1_153' title='bbox 339 1654 523 1710; x_wconf 88' lang='lat' dir='ltr'>praebet</span> <span class='ocrx_word' id='word_1_154' title='bbox 559 1653 877 1710; x_wconf 79' lang='lat' dir='ltr'>matrimonio3</span> <span class='ocrx_word' id='word_1_155' title='bbox 916 1653 1126 1713; x_wconf 86' lang='lat' dir='ltr'>idemque</span> <span class='ocrx_word' id='word_1_156' title='bbox 1160 1653 1405 1698; x_wconf 88' lang='lat' dir='ltr'>dicendum</span> <span class='ocrx_word' id='word_1_157' title='bbox 1439 1653 1494 1698; x_wconf 93' lang='lat' dir='ltr'>de</span> <span class='ocrx_word' id='word_1_158' title='bbox 1530 1655 1730 1699; x_wconf 88' lang='lat' dir='ltr'>Parocho</span> <span class='ocrx_word' id='word_1_159' title='bbox 1766 1654 1974 1713; x_wconf 87' lang='lat' dir='ltr'>putativo</span> 
     </span>
     <span class='ocr_line' id='line_1_20' title="bbox 189 1736 1973 1783; baseline 0.001 -3"><span class='ocrx_word' id='word_1_160' title='bbox 189 1750 292 1781; x_wconf 86' lang='lat' dir='ltr'>cum</span> <span class='ocrx_word' id='word_1_161' title='bbox 331 1736 460 1781; x_wconf 89' lang='lat' dir='ltr'>titulo</span> <span class='ocrx_word' id='word_1_162' title='bbox 494 1738 711 1781; x_wconf 89' lang='lat' dir='ltr'>colorato.</span> <span class='ocrx_word' id='word_1_163' title='bbox 750 1737 1008 1781; x_wconf 84' lang='lat' dir='ltr'>Invalidum</span> <span class='ocrx_word' id='word_1_164' title='bbox 1046 1742 1200 1780; x_wconf 84' lang='lat' dir='ltr'>tamen</span> <span class='ocrx_word' id='word_1_165' title='bbox 1236 1737 1548 1782; x_wconf 83' lang='lat' dir='ltr'>communiter</span> <span class='ocrx_word' id='word_1_166' title='bbox 1579 1742 1794 1782; x_wconf 84' lang='lat' dir='ltr'>censetur</span> <span class='ocrx_word' id='word_1_167' title='bbox 1817 1738 1973 1783; x_wconf 86' lang='lat' dir='ltr'>matri-</span> 
     </span>
     <span class='ocr_line' id='line_1_21' title="bbox 192 1819 1974 1879; baseline 0.002 -16"><span class='ocrx_word' id='word_1_168' title='bbox 192 1819 400 1864; x_wconf 91' lang='lat' dir='ltr'>monium</span> <span class='ocrx_word' id='word_1_169' title='bbox 433 1824 724 1866; x_wconf 82' lang='lat' dir='ltr'>contractum</span> <span class='ocrx_word' id='word_1_170' title='bbox 760 1835 914 1865; x_wconf 74' lang='lat' dir='ltr'>(eoram</span> <span class='ocrx_word' id='word_1_171' title='bbox 950 1821 1167 1875; x_wconf 78' lang='lat' dir='ltr'>l‘arocllo,</span> <span class='ocrx_word' id='word_1_172' title='bbox 1205 1821 1279 1879; x_wconf 85' lang='lat' dir='ltr'>qui</span> <span class='ocrx_word' id='word_1_173' title='bbox 1316 1821 1520 1878; x_wconf 78' lang='lat' dir='ltr'>publicus</span> <span class='ocrx_word' id='word_1_174' title='bbox 1554 1822 1813 1867; x_wconf 84' lang='lat' dir='ltr'>haereticus</span> <span class='ocrx_word' id='word_1_175' title='bbox 1845 1824 1904 1867; x_wconf 90' lang='lat' dir='ltr'>sit</span> <span class='ocrx_word' id='word_1_176' title='bbox 1926 1827 1974 1868; x_wconf 90' lang='lat' dir='ltr'>et</span> 
     </span>
     <span class='ocr_line' id='line_1_22' title="bbox 188 1902 460 1947; baseline 0.007 -2"><span class='ocrx_word' id='word_1_177' title='bbox 188 1902 460 1947; x_wconf 88' lang='lat' dir='ltr'>declaratus.</span> 
     </span>
    </p>

    <p class='ocr_par' dir='ltr' id='par_1_6' title="bbox 186 1987 1972 2962">
     <span class='ocr_line' id='line_1_23' title="bbox 308 1987 1972 2046; baseline 0.003 -16"><span class='ocrx_word' id='word_1_178' title='bbox 308 1987 410 2031; x_wconf 74' lang='lat'>920.</span> <span class='ocrx_word' id='word_1_179' title='bbox 451 1991 605 2032; x_wconf 85' lang='lat' dir='ltr'>Potest</span> <span class='ocrx_word' id='word_1_180' title='bbox 628 1988 857 2032; x_wconf 85' lang='lat' dir='ltr'>Parochus</span> <span class='ocrx_word' id='word_1_181' title='bbox 879 1988 1008 2032; x_wconf 86' lang='lat' dir='ltr'>alteri</span> <span class='ocrx_word' id='word_1_182' title='bbox 1035 1988 1155 2032; x_wconf 79' lang='lat' dir='ltr'>lianc</span> <span class='ocrx_word' id='word_1_183' title='bbox 1180 1989 1446 2033; x_wconf 82' lang='lat' dir='ltr'>facultatem</span> <span class='ocrx_word' id='word_1_184' title='bbox 1470 1988 1696 2046; x_wconf 86' lang='lat' dir='ltr'>delegare,</span> <span class='ocrx_word' id='word_1_185' title='bbox 1722 1989 1972 2035; x_wconf 88' lang='lat' dir='ltr'>dummodo</span> 
     </span>
     <span class='ocr_line' id='line_1_24' title="bbox 187 2068 1970 2130; baseline 0.003 -18"><span class='ocrx_word' id='word_1_186' title='bbox 187 2068 420 2127; x_wconf 85' lang='lat' dir='ltr'>delegatus</span> <span class='ocrx_word' id='word_1_187' title='bbox 457 2070 675 2115; x_wconf 82' lang='lat' dir='ltr'>Sacerdos</span> <span class='ocrx_word' id='word_1_188' title='bbox 708 2070 781 2125; x_wconf 89' lang='lat' dir='ltr'>sit,</span> <span class='ocrx_word' id='word_1_189' title='bbox 819 2075 864 2114; x_wconf 90' lang='lat' dir='ltr'>et</span> <span class='ocrx_word' id='word_1_190' title='bbox 896 2071 1063 2116; x_wconf 84' lang='lat' dir='ltr'>sufficit</span> <span class='ocrx_word' id='word_1_191' title='bbox 1095 2071 1319 2128; x_wconf 79' lang='lat' dir='ltr'>generalis</span> <span class='ocrx_word' id='word_1_192' title='bbox 1352 2072 1576 2129; x_wconf 77' lang='lat' dir='ltr'>delegatio</span> <span class='ocrx_word' id='word_1_193' title='bbox 1610 2087 1684 2118; x_wconf 84' lang='lat' dir='ltr'>ex.</span> <span class='ocrx_word' id='word_1_194' title='bbox 1711 2087 1776 2130; x_wconf 87' lang='lat' dir='ltr'>gr.</span> <span class='ocrx_word' id='word_1_195' title='bbox 1804 2074 1859 2117; x_wconf 89' lang='lat' dir='ltr'>ad</span> <span class='ocrx_word' id='word_1_196' title='bbox 1894 2087 1970 2117; x_wconf 88' lang='lat' dir='ltr'>ex·</span> 
     </span>
     <span class='ocr_line' id='line_1_25' title="bbox 189 2153 1970 2211; baseline 0.003 -15"><span class='ocrx_word' id='word_1_197' title='bbox 189 2153 384 2198; x_wconf 85' lang='lat' dir='ltr'>ercenda</span> <span class='ocrx_word' id='word_1_198' title='bbox 422 2153 580 2198; x_wconf 87' lang='lat' dir='ltr'>munia</span> <span class='ocrx_word' id='word_1_199' title='bbox 614 2154 908 2211; x_wconf 81' lang='lat' dir='ltr'>parochialia,</span> <span class='ocrx_word' id='word_1_200' title='bbox 944 2156 998 2199; x_wconf 89' lang='lat' dir='ltr'>ad</span> <span class='ocrx_word' id='word_1_201' title='bbox 1033 2154 1396 2199; x_wconf 85' lang='lat' dir='ltr'>administranda</span> <span class='ocrx_word' id='word_1_202' title='bbox 1423 2157 1734 2200; x_wconf 80' lang='lat' dir='ltr'>Sacramenta.</span> <span class='ocrx_word' id='word_1_203' title='bbox 1774 2158 1830 2201; x_wconf 80' lang='lat' dir='ltr'>At</span> <span class='ocrx_word' id='word_1_204' title='bbox 1852 2156 1970 2201; x_wconf 89' lang='lat' dir='ltr'>dele-</span> 
     </span>
     <span class='ocr_line' id='line_1_26' title="bbox 187 2236 1969 2297; baseline 0.001 -17"><span class='ocrx_word' id='word_1_205' title='bbox 187 2241 318 2293; x_wconf 87' lang='lat' dir='ltr'>gatus</span> <span class='ocrx_word' id='word_1_206' title='bbox 350 2236 467 2281; x_wconf 91' lang='lat' dir='ltr'>scire</span> <span class='ocrx_word' id='word_1_207' title='bbox 501 2237 635 2281; x_wconf 91' lang='lat' dir='ltr'>debet</span> <span class='ocrx_word' id='word_1_208' title='bbox 670 2237 932 2282; x_wconf 86' lang='lat' dir='ltr'>mandatam</span> <span class='ocrx_word' id='word_1_209' title='bbox 967 2237 1050 2281; x_wconf 90' lang='lat' dir='ltr'>sibi</span> <span class='ocrx_word' id='word_1_210' title='bbox 1086 2237 1450 2282; x_wconf 89' lang='lat' dir='ltr'>iurisdictionem</span> <span class='ocrx_word' id='word_1_211' title='bbox 1484 2237 1649 2294; x_wconf 84' lang='lat' dir='ltr'>fuisse,</span> <span class='ocrx_word' id='word_1_212' title='bbox 1695 2238 1829 2297; x_wconf 86' lang='lat' dir='ltr'>idque</span> <span class='ocrx_word' id='word_1_213' title='bbox 1871 2239 1969 2283; x_wconf 66' lang='lat' dir='ltr'>sive</span> 
     </span>
     <span class='ocr_line' id='line_1_27' title="bbox 191 2319 1970 2380; baseline 0.002 -17"><span class='ocrx_word' id='word_1_214' title='bbox 191 2334 318 2376; x_wconf 88' lang='lat' dir='ltr'>voce,</span> <span class='ocrx_word' id='word_1_215' title='bbox 354 2319 451 2365; x_wconf 69' lang='lat' dir='ltr'>sixe</span> <span class='ocrx_word' id='word_1_216' title='bbox 485 2321 670 2378; x_wconf 86' lang='lat' dir='ltr'>scripto,</span> <span class='ocrx_word' id='word_1_217' title='bbox 707 2321 818 2366; x_wconf 87' lang='lat' dir='ltr'>alias</span> <span class='ocrx_word' id='word_1_218' title='bbox 851 2321 963 2366; x_wconf 77' lang='lat' dir='ltr'>nillil</span> <span class='ocrx_word' id='word_1_219' title='bbox 996 2323 1102 2378; x_wconf 83' lang='lat' dir='ltr'>agit.</span> <span class='ocrx_word' id='word_1_220' title='bbox 1145 2323 1382 2379; x_wconf 86' lang='lat' dir='ltr'>Delegatus</span> <span class='ocrx_word' id='word_1_221' title='bbox 1416 2336 1526 2367; x_wconf 91' lang='lat' dir='ltr'>vero</span> <span class='ocrx_word' id='word_1_222' title='bbox 1551 2336 1642 2366; x_wconf 91' lang='lat' dir='ltr'>non</span> <span class='ocrx_word' id='word_1_223' title='bbox 1668 2326 1817 2380; x_wconf 86' lang='lat' dir='ltr'>potest</span> <span class='ocrx_word' id='word_1_224' title='bbox 1838 2321 1970 2367; x_wconf 88' lang='lat' dir='ltr'>alteri</span> 
     </span>
     <span class='ocr_line' id='line_1_28' title="bbox 189 2404 1971 2462; baseline 0.002 -15"><span class='ocrx_word' id='word_1_225' title='bbox 189 2404 306 2448; x_wconf 85' lang='lat' dir='ltr'>hanc</span> <span class='ocrx_word' id='word_1_226' title='bbox 329 2404 598 2448; x_wconf 83' lang='lat' dir='ltr'>facultatem</span> <span class='ocrx_word' id='word_1_227' title='bbox 621 2405 913 2462; x_wconf 86' lang='lat' dir='ltr'>subdelegare</span> <span class='ocrx_word' id='word_1_228' title='bbox 939 2405 1024 2449; x_wconf 92' lang='lat' dir='ltr'>nisi</span> <span class='ocrx_word' id='word_1_229' title='bbox 1051 2405 1144 2462; x_wconf 89' lang='lat' dir='ltr'>ipse</span> <span class='ocrx_word' id='word_1_230' title='bbox 1166 2405 1222 2449; x_wconf 91' lang='lat' dir='ltr'>ad</span> <span class='ocrx_word' id='word_1_231' title='bbox 1255 2405 1608 2450; x_wconf 88' lang='lat' dir='ltr'>universitatem</span> <span class='ocrx_word' id='word_1_232' title='bbox 1644 2420 1889 2451; x_wconf 85' lang='lat' dir='ltr'>causarum</span> <span class='ocrx_word' id='word_1_233' title='bbox 1912 2406 1971 2451; x_wconf 88' lang='lat' dir='ltr'>sit</span> 
     </span>
     <span class='ocr_line' id='line_1_29' title="bbox 187 2486 1968 2547; baseline 0.002 -17"><span class='ocrx_word' id='word_1_234' title='bbox 187 2486 444 2544; x_wconf 73' lang='lat' dir='ltr'>delegatus,</span> <span class='ocrx_word' id='word_1_235' title='bbox 481 2486 518 2531; x_wconf 91' lang='lat' dir='ltr'>is</span> <span class='ocrx_word' id='word_1_236' title='bbox 538 2487 662 2532; x_wconf 91' lang='lat' dir='ltr'>enim</span> <span class='ocrx_word' id='word_1_237' title='bbox 697 2493 846 2546; x_wconf 84' lang='lat' dir='ltr'>potest</span> <span class='ocrx_word' id='word_1_238' title='bbox 877 2488 1170 2546; x_wconf 85' lang='lat' dir='ltr'>subdelegare</span> <span class='ocrx_word' id='word_1_239' title='bbox 1203 2489 1259 2533; x_wconf 90' lang='lat' dir='ltr'>ad</span> <span class='ocrx_word' id='word_1_240' title='bbox 1292 2501 1450 2533; x_wconf 92' lang='lat' dir='ltr'>casum</span> <span class='ocrx_word' id='word_1_241' title='bbox 1475 2488 1817 2547; x_wconf 76' lang='lat' dir='ltr'>particularem,</span> <span class='ocrx_word' id='word_1_242' title='bbox 1850 2489 1968 2534; x_wconf 91' lang='lat' dir='ltr'>dele-</span> 
     </span>
     <span class='ocr_line' id='line_1_30' title="bbox 188 2570 1968 2630; baseline 0 -15"><span class='ocrx_word' id='word_1_243' title='bbox 188 2575 319 2627; x_wconf 85' lang='lat' dir='ltr'>gatus</span> <span class='ocrx_word' id='word_1_244' title='bbox 355 2585 462 2616; x_wconf 65' lang='lat' dir='ltr'>xero</span> <span class='ocrx_word' id='word_1_245' title='bbox 495 2571 551 2616; x_wconf 90' lang='lat' dir='ltr'>ad</span> <span class='ocrx_word' id='word_1_246' title='bbox 585 2584 743 2616; x_wconf 89' lang='lat' dir='ltr'>casum</span> <span class='ocrx_word' id='word_1_247' title='bbox 777 2570 1118 2630; x_wconf 88' lang='lat' dir='ltr'>particularem,</span> <span class='ocrx_word' id='word_1_248' title='bbox 1144 2571 1304 2630; x_wconf 88' lang='lat' dir='ltr'>nequit</span> <span class='ocrx_word' id='word_1_249' title='bbox 1327 2571 1634 2629; x_wconf 82' lang='lat' dir='ltr'>subdelegare.</span> <span class='ocrx_word' id='word_1_250' title='bbox 1663 2571 1866 2617; x_wconf 90' lang='lat' dir='ltr'>Licentia</span> <span class='ocrx_word' id='word_1_251' title='bbox 1889 2586 1968 2617; x_wconf 86' lang='lat' dir='ltr'>au-</span> 
     </span>
     <span class='ocr_line' id='line_1_31' title="bbox 187 2654 1968 2714; baseline 0.001 -16"><span class='ocrx_word' id='word_1_252' title='bbox 187 2659 282 2698; x_wconf 92' lang='lat' dir='ltr'>tem</span> <span class='ocrx_word' id='word_1_253' title='bbox 317 2668 442 2699; x_wconf 88' lang='lat' dir='ltr'>mere</span> <span class='ocrx_word' id='word_1_254' title='bbox 476 2659 770 2713; x_wconf 88' lang='lat' dir='ltr'>praesumpta</span> <span class='ocrx_word' id='word_1_255' title='bbox 805 2669 898 2699; x_wconf 93' lang='lat' dir='ltr'>non</span> <span class='ocrx_word' id='word_1_256' title='bbox 932 2654 1126 2712; x_wconf 73' lang='lat' dir='ltr'>sufficit,</span> <span class='ocrx_word' id='word_1_257' title='bbox 1161 2669 1278 2714; x_wconf 91' lang='lat' dir='ltr'>quae</span> <span class='ocrx_word' id='word_1_258' title='bbox 1311 2654 1437 2698; x_wconf 92' lang='lat' dir='ltr'>enim</span> <span class='ocrx_word' id='word_1_259' title='bbox 1470 2654 1526 2699; x_wconf 92' lang='lat' dir='ltr'>ad</span> <span class='ocrx_word' id='word_1_260' title='bbox 1562 2656 1766 2700; x_wconf 90' lang='lat' dir='ltr'>valorem</span> <span class='ocrx_word' id='word_1_261' title='bbox 1801 2660 1847 2700; x_wconf 89' lang='lat' dir='ltr'>et</span> <span class='ocrx_word' id='word_1_262' title='bbox 1879 2656 1968 2700; x_wconf 83' lang='lat' dir='ltr'>for·</span> 
     </span>
     <span class='ocr_line' id='line_1_32' title="bbox 188 2736 1964 2797; baseline 0.002 -17"><span class='ocrx_word' id='word_1_263' title='bbox 188 2750 314 2781; x_wconf 90' lang='lat' dir='ltr'>mam</span> <span class='ocrx_word' id='word_1_264' title='bbox 347 2736 699 2782; x_wconf 86' lang='lat' dir='ltr'>substantialem</span> <span class='ocrx_word' id='word_1_265' title='bbox 731 2737 924 2783; x_wconf 90' lang='lat' dir='ltr'>alicuius</span> <span class='ocrx_word' id='word_1_266' title='bbox 956 2742 1085 2782; x_wconf 88' lang='lat' dir='ltr'>actus</span> <span class='ocrx_word' id='word_1_267' title='bbox 1126 2737 1455 2797; x_wconf 84' lang='lat' dir='ltr'>requiruntur,</span> <span class='ocrx_word' id='word_1_268' title='bbox 1507 2739 1598 2782; x_wconf 85' lang='lat' dir='ltr'>iam</span> <span class='ocrx_word' id='word_1_269' title='bbox 1648 2742 1761 2783; x_wconf 89' lang='lat' dir='ltr'>tunc</span> <span class='ocrx_word' id='word_1_270' title='bbox 1808 2737 1964 2784; x_wconf 88' lang='lat' dir='ltr'>adesse</span> 
     </span>
     <span class='ocr_line' id='line_1_33' title="bbox 186 2819 1965 2880; baseline 0.001 -16"><span class='ocrx_word' id='word_1_271' title='bbox 186 2819 386 2875; x_wconf 87' lang='lat' dir='ltr'>debent,</span> <span class='ocrx_word' id='word_1_272' title='bbox 421 2821 604 2879; x_wconf 91' lang='lat' dir='ltr'>quando</span> <span class='ocrx_word' id='word_1_273' title='bbox 637 2825 768 2865; x_wconf 87' lang='lat' dir='ltr'>actus</span> <span class='ocrx_word' id='word_1_274' title='bbox 801 2820 1004 2879; x_wconf 83' lang='lat' dir='ltr'>geritur,</span> <span class='ocrx_word' id='word_1_275' title='bbox 1056 2822 1119 2865; x_wconf 90' lang='lat' dir='ltr'>ita</span> <span class='ocrx_word' id='word_1_276' title='bbox 1153 2824 1204 2865; x_wconf 91' lang='lat' dir='ltr'>ut</span> <span class='ocrx_word' id='word_1_277' title='bbox 1238 2820 1500 2865; x_wconf 89' lang='lat' dir='ltr'>ratihabitio</span> <span class='ocrx_word' id='word_1_278' title='bbox 1531 2820 1814 2880; x_wconf 89' lang='lat' dir='ltr'>subsequens</span> <span class='ocrx_word' id='word_1_279' title='bbox 1844 2821 1965 2866; x_wconf 84' lang='lat' dir='ltr'>hunc</span> 
     </span>
     <span class='ocr_line' id='line_1_34' title="bbox 186 2889 1823 2962; baseline 0.001 -15"><span class='ocrx_word' id='word_1_280' title='bbox 186 2902 418 2947; x_wconf 84' lang='lat' dir='ltr'>defectum</span> <span class='ocrx_word' id='word_1_281' title='bbox 456 2906 655 2962; x_wconf 90' lang='lat' dir='ltr'>nequeat</span> <span class='ocrx_word' id='word_1_282' title='bbox 686 2916 865 2949; x_wconf 88' lang='lat' dir='ltr'>sanare.</span> <span class='ocrx_word' id='word_1_283' title='bbox 903 2904 1074 2950; x_wconf 85' lang='lat' dir='ltr'>Sufficit</span> <span class='ocrx_word' id='word_1_284' title='bbox 1109 2908 1265 2949; x_wconf 89' lang='lat' dir='ltr'>autem</span> <span class='ocrx_word' id='word_1_285' title='bbox 1300 2903 1439 2948; x_wconf 89' lang='lat' dir='ltr'>tacita</span> <span class='ocrx_word' id='word_1_286' title='bbox 1474 2903 1712 2961; x_wconf 84' lang='lat' dir='ltr'>delegatio.</span> <span class='ocrx_word' id='word_1_287' title='bbox 1821 2889 1823 2895; x_wconf 45' lang='lat'>.</span> 
     </span>
    </p>
   </div>
   <div class='ocr_carea' id='block_1_4' title="bbox 304 3083 1073 3127">
    <p class='ocr_par' dir='ltr' id='par_1_7' title="bbox 304 3083 1073 3127">
     <span class='ocr_line' id='line_1_35' title="bbox 304 3083 1073 3127; baseline 0.005 -8"><span class='ocrx_word' id='word_1_288' title='bbox 304 3083 313 3102; x_wconf 86' lang='lat'>¹</span> <span class='ocrx_word' id='word_1_289' title='bbox 343 3084 478 3121; x_wconf 87' lang='lat' dir='ltr'>Bened.</span> <span class='ocrx_word' id='word_1_290' title='bbox 509 3083 606 3127; x_wconf 88' lang='lat' dir='ltr'>XIV,</span> <span class='ocrx_word' id='word_1_291' title='bbox 631 3084 755 3122; x_wconf 90' lang='lat' dir='ltr'>Const.</span> <span class='ocrx_word' id='word_1_292' title='bbox 782 3085 912 3123; x_wconf 82' lang='lat' dir='ltr'>Paucis</span> <span class='ocrx_word' id='word_1_293' title='bbox 936 3086 1073 3123; x_wconf 80' lang='lat' dir='ltr'>abhinc.</span> 
     </span>
    </p>
   </div>
  </div>
 </body>
</html>
