2176 3386
787 194 918 223 Lmen
946 182 993 223 1.'”
1001 195 1059 223 nr:
1088 194 1282 224 eLl-:mms
1848 185 1929 226 319

147 299 323 346 Vicaria
358 299 559 345 instituit
582 300 611 345 ¹.
647 299 771 344 Unde
804 299 852 343 in
885 286 994 344 casu
1026 299 1102 343 lex
1135 312 1391 344 concursus
1422 299 1543 345 haud
1568 299 1715 371 yiget.
1758 305 1928 348 Romae

147 397 256 428 vero
287 397 346 428 ex
379 388 507 429 motu
541 382 722 442 proprio
756 381 820 427 Pii
854 385 890 426 V
923 396 1047 427 anno
1074 383 1202 439 1571,
1227 387 1274 427 et
1294 383 1627 428 constitutione
1653 385 1816 430 Leonis
1844 387 1928 432 XII

143 479 267 511 anno
303 467 415 511 1824
447 467 503 511 ad
535 465 767 524 eligendos
798 465 999 511 vicarios
1047 466 1329 524 parochiales
1374 466 1679 512 Ecclesiarum
1723 469 1926 514 saecula-

146 547 265 593 rium
288 549 434 594 forma
467 562 718 594 concursus
749 553 978 604 servatur,
1013 553 1060 593 et
1092 551 1318 607 parochus
1346 549 1591 595 habitualis
1623 564 1769 596 unum
1802 551 1928 609 eligit

143 631 265 677 inter
295 633 566 690 adprobatos
592 632 712 691 apud
735 632 916 678 Curiam
940 632 1193 677 Cardinalis
1219 633 1386 678 Vicarii
1409 633 1487 692 qui
1510 648 1568 678 ex
1592 636 1927 682 consuetudine

142 719 236 759 tres
269 720 560 772 praesentare
593 716 721 760 solet.
759 715 801 759 Si
836 714 1010 760 vicario
1034 720 1256 774 perpetuo
1279 716 1359 762 dos
1381 716 1693 762 constituatur
1715 732 1772 763 ex
1797 719 1928 765 bonis

144 812 235 843 non
273 799 609 858 pertinentibus
643 813 790 858 neque
822 799 877 843 ad
913 800 1244 846 Monasterium
1284 814 1433 860 neque
1463 801 1519 846 ad
1543 801 1824 859 parochiam,
1859 803 1926 847 vi-

142 884 265 929 caria
298 884 355 928 ab
391 883 607 942 Episcopo
640 882 750 940 erigi
786 886 1072 940 potest-eum
1107 884 1203 929 iure
1237 884 1405 929 liberae
1452 884 1710 929 collationis
1741 890 1927 931 servato

143 981 368 1013 concursu
403 967 433 1011 ².

261 1051 362 1095 591.
400 1050 608 1096 Vicarius
640 1050 879 1096 coadiutor
910 1065 935 1095 a
971 1053 1167 1109 parocho
1206 1052 1469 1111 dependens
1508 1054 1566 1097 ab
1599 1052 1694 1110 ipso
1728 1055 1927 1111 parocho

143 1133 411 1178 nominatur
443 1134 528 1178 nisi
562 1134 800 1179 coadiutor
834 1134 1033 1180 vicarius
1067 1136 1265 1194 parocho
1297 1135 1431 1179 detur
1453 1135 1510 1180 ob
1532 1137 1714 1194 culpam
1750 1137 1822 1181 vel
1848 1151 1927 1182 ne-

140 1217 403 1275 gligentiam
423 1217 469 1261 in
489 1231 541 1262 eo
562 1218 869 1263 nominando:
896 1218 1174 1263 coadiutoris
1199 1232 1308 1262 vero
1326 1218 1612 1263 examinatio
1635 1223 1681 1263 et
1703 1220 1922 1277 adproba-

139 1299 203 1345 tio
234 1299 290 1344 ad
327 1299 595 1358 Episcopum
630 1300 865 1357 pertinent
888 1301 917 1345 ³.
969 1304 1182 1347 Ceterum
1210 1300 1246 1345 si
1282 1300 1496 1359 parochia
1533 1301 1762 1360 Capitulo,
1789 1303 1925 1348 bene·

142 1380 243 1426 ficio
275 1381 442 1441 aliique
477 1382 546 1439 pio
579 1383 679 1427 loco
713 1383 850 1427 fuerit
883 1384 1173 1440 postmodum
1224 1383 1370 1439 unita,
1413 1384 1677 1442 temporalis
1722 1385 1793 1429 vel
1829 1399 1924 1443 per-

144 1463 265 1523 petui
318 1464 476 1510 vicarii
523 1465 758 1523 deputatio
805 1466 994 1511 arbitrio
1041 1466 1244 1525 Episcopi
1295 1466 1584 1526 relinquitur.
1647 1470 1784 1513 Secus
1832 1482 1924 1512 non

142 1549 247 1594 licet
284 1549 498 1608 Episcopo
532 1556 581 1594 ut
615 1548 816 1595 vidimus
856 1565 935 1596 sua
970 1555 1154 1596 tantum
1188 1552 1464 1596 auctoritate
1499 1552 1726 1597 vicarium
1768 1567 1924 1612 perpe-

138 1637 268 1678 tuum
303 1633 600 1689 constituere,
637 1634 770 1679 aliter
802 1634 928 1680 enim
962 1634 1238 1680 beneficium
1274 1640 1486 1680 curatum
1521 1635 1568 1679 in
1593 1636 1789 1694 simplex
1814 1650 1922 1681 con-

83 1769 86 1772 ⁴
141 1721 413 1761 verteretur.
452 1721 544 1761 Hoc
578 1716 623 1760 in
659 1730 765 1762 casu
802 1719 843 1761 S.
870 1720 914 1762 C.
943 1718 1131 1762 Concilii
1166 1719 1326 1763 suadet
1353 1719 1583 1777 Episcopis
1608 1724 1657 1763 ut
1680 1719 1715 1763 si
1743 1720 1802 1763 ita
1829 1734 1922 1764 ma-

139 1800 205 1857 gis
235 1800 465 1858 expediat,
501 1800 757 1857 Capitulum
792 1801 994 1860 aliosque
1028 1816 1081 1846 eo
1116 1802 1354 1858 inducant,
1407 1807 1457 1846 ut
1492 1808 1645 1861 pastor
1692 1805 1925 1861 precarius

141 1881 185 1925 in
221 1888 493 1939 perpetuum
530 1883 780 1940 parochum
815 1885 1141 1929 constituatur.

258 1967 358 2011 392.
398 1967 461 2011 Ad
485 1952 583 2012 iura
608 1967 894 2013 Vieariorum
920 1973 1244 2027 perpetuorum
1271 1970 1341 2015 vel
1368 1975 1772 2030 temporaneorum
1803 1972 1923 2031 quod

141 2049 338 2106 pertinet
360 2050 604 2095 dicendum
629 2056 698 2104 est
720 2051 839 2110 quod
875 2052 1081 2097 Vicarius
1116 2059 1360 2111 perpetuus
1394 2054 1616 2099 beneficio
1649 2069 1805 2100 carere
1829 2070 1922 2100 non

138 2134 285 2177 debet.
323 2138 472 2186 Quare
508 2134 671 2178 Vicarii
707 2135 911 2192 perpetui
947 2140 1198 2180 censentur
1231 2150 1339 2181 vere
1373 2137 1632 2182 beneficiati
1666 2143 1712 2182 et
1751 2139 1924 2184 habent

139 2215 415 2260 canonicum
440 2216 623 2260 titulum
649 2222 696 2261 et
718 2216 787 2262 ius
809 2231 1038 2275 congruae
1064 2218 1285 2276 portionis
1309 2220 1544 2265 fructuum
1563 2236 1621 2267 ex
1640 2222 1771 2267 honis
1795 2237 1922 2280 paro-

138 2297 359 2343 chialibus
379 2299 709 2357 percipiendae.
737 2300 893 2345 Differt
917 2306 1073 2346 tamen
1097 2302 1302 2347 Vicarius
1326 2308 1572 2362 perpetuus
1595 2319 1619 2350 a
1648 2307 1847 2351 Parocho
1868 2306 1920 2350 ti-

138 2382 272 2427 tulari
300 2383 337 2435 1)
364 2382 469 2442 quia
492 2384 569 2442 qui
596 2382 793 2441 possidet
816 2385 1093 2430 heneficium
1117 2385 1234 2431 idest
1258 2388 1486 2445 Parochus
1508 2402 1566 2432 ex
1600 2387 1712 2432 iuris
1733 2388 1920 2447 disposi-

138 2464 263 2510 tione
285 2466 460 2510 fructus
477 2480 653 2522 omnes,
675 2467 885 2513 Vicarius
914 2482 1022 2514 vero
1048 2473 1294 2528 perpetuus
1319 2471 1644 2516 tantummodo
1667 2485 1919 2530 congruam

138 2548 396 2605 portionem
422 2549 625 2607 percipit.
653 2551 694 2605 2)
721 2551 948 2595 Parochus
966 2551 1163 2597 titularis
1180 2567 1270 2598 non
1291 2568 1401 2598 vero
1421 2553 1653 2599 Vircarius
1676 2560 1921 2613 perpetuus

138 2631 234 2676 iura
270 2631 477 2676 beneficii
510 2632 579 2677 sui
612 2634 813 2691 protueri
848 2638 1048 2680 tenetur.
1086 2637 1214 2681 Unde
1248 2638 1287 2681 S.
1315 2638 1616 2696 Congregatio
1639 2639 1827 2683 Conciiii
1852 2653 1919 2683 re-

137 2714 298 2759 solvit:
337 2715 568 2760 Vicarium
619 2722 887 2776 perpetuum
937 2719 1147 2764 abbatiae
1195 2720 1360 2765 debere
1398 2721 1553 2766 omnia
1595 2722 1746 2766 subire
1779 2736 1919 2767 onera

254 2915 264 2936 ²
292 2917 381 2954 Pius
407 2918 440 2955 V
467 2918 505 2954 in
531 2918 631 2955 bulla
656 2918 713 2955 Ad
738 2921 988 2967 exequendum
1016 2921 1118 2957 1567.

254 2988 266 3007 ²
294 2988 328 3025 S.
354 2989 469 3035 Cong.
499 2990 608 3027 Cone.
636 2991 675 3026 in
699 2992 849 3029 Brixien
877 2992 920 3029 16
946 2993 1052 3030 Mart.
1078 2998 1113 3029 et
1140 2994 1185 3030 22
1213 2994 1429 3031 Iunii1743.

255 3057 270 3077 ⁸
294 3058 451 3095 Ioannes
476 3060 563 3096 XIII
589 3061 742 3098 Constit.
770 3062 969 3110 Apostolici
993 3064 1196 3101 Ministerii.
