2176 3386
239 186 320 227 256
911 198 1021 227 PARS
1049 199 1090 228 11.
1125 199 1181 227 DE
1211 198 1350 229 nanus

240 300 504 360 obstrictus,
539 309 590 349 ut
621 305 677 349 ad
709 304 1023 364 episcopatum
1059 306 1278 351 ascendat
1310 306 1468 351 uxoris
1499 319 1778 353 consensum
1814 309 2021 355 obtineat

242 402 428 434 necesse
460 394 545 444 est,
580 389 699 448 quod
732 389 768 434 si
791 403 843 434 ea
869 389 1015 434 invita
1049 389 1363 448 episcopatum
1395 391 1628 450 suscipiat,
1663 392 1721 437 ab
1751 393 1910 438 eadem
1933 393 2019 439 dis·

242 462 403 517 cedere
450 476 652 518 tenetur.
703 472 861 526 Quoad
907 471 1019 517 alios
1061 471 1243 517 ordines
1290 473 1485 518 maiores
1520 473 1583 518 ita
1618 479 1805 520 cautum
1838 480 1934 521 est:
1985 476 2021 522 si

242 555 359 600 ratio
392 555 451 599 sit
482 555 537 600 de
571 569 715 600 uxore
747 559 957 614 suscepta
992 559 1101 600 ante
1134 555 1457 612 diaconatum,
1494 558 1561 601 fas
1593 563 1662 602 est
1703 558 1886 604 Graecis
1918 573 2020 604 eam

242 637 290 682 in
324 639 645 696 presbyteratu
679 638 896 696 retinere,
927 638 990 683 ita
1024 644 1181 683 tamen
1204 643 1256 682 ut
1277 639 1507 685 abstinere
1530 640 1587 684 ab
1620 654 1702 686 usu
1740 641 2021 686 matrimonii

245 735 325 780 per
356 726 450 766 tres
480 721 576 767 dies
607 727 716 766 ante
749 721 914 767 missae
937 722 1295 768 celebrationem
1329 723 1550 768 debeant:
1588 724 1623 768 si
1652 738 1759 769 vero
1791 724 1846 769 de
1878 738 2022 770 uxore

242 808 343 863 post
375 804 671 850 diaconatum
705 806 859 860 ducta,
894 810 1007 850 tunc
1042 820 1133 850 non
1167 807 1313 851 solum
1351 806 1560 851 illicitum
1593 807 1669 851 sed
1702 807 1842 852 etiam
1891 806 2022 852 inva-

243 887 385 933 lidum
418 902 578 932 eorum
613 888 965 933 matrimonium
999 889 1194 933 liabetur
1219 889 1247 931 ¹.

364 971 442 1015 His
474 971 709 1029 expositis,
736 970 1110 1028 perpendendum
1135 975 1202 1015 est
1226 984 1284 1014 an
1308 971 1521 1029 obligatio
1554 971 1738 1028 existat,
1764 985 1852 1031 qua
1885 985 2022 1016 unus-

242 1055 434 1115 quisque
469 1055 513 1100 in
549 1054 731 1113 proprio
765 1054 854 1099 ritu
893 1067 1081 1099 manere
1114 1053 1264 1098 debet.

977 1285 1207 1315 ARTICULUS
1231 1286 1291 1314 ΙΙΙ.

545 1406 607 1448 De
639 1404 917 1461 obliyatione
952 1403 1273 1460 permanendi
1302 1405 1352 1447 in
1385 1405 1576 1460 proprio
1614 1405 1726 1448 rita.

370 1560 495 1604 1179.
534 1564 671 1604 Porro
706 1558 905 1603 instituti
957 1558 1182 1603 Ecclesiae
1229 1558 1502 1603 auctoritate
1544 1558 1659 1603 ritus
1702 1563 1748 1603 et
1784 1563 2026 1604 consuctu-

248 1643 381 1687 dines
397 1643 600 1687 eiusdem
624 1642 900 1686 auctoritate
923 1641 1263 1699 comprobatae,
1291 1641 1386 1686 vim
1410 1642 1582 1686 liabent
1605 1642 1731 1699 legis,
1756 1656 1845 1701 qua
1867 1655 2028 1687 omnes

246 1727 401 1771 fideles
435 1725 709 1783 obligantur,
747 1739 770 1769 a
805 1724 969 1784 quibus
1002 1724 1187 1770 nonnisi
1221 1726 1278 1769 ab
1310 1739 1363 1770 eo
1395 1725 1472 1784 qui
1507 1724 1749 1770 universae
1803 1725 2026 1770 Ecclesiae

248 1809 475 1869 praesidet
507 1808 683 1853 exsolvi
719 1812 924 1866 possunt.
961 1807 1183 1862 Quocirca
1217 1807 1411 1852 liberum
1447 1822 1539 1852 non
1573 1813 1642 1852 est
1674 1809 1837 1867 cuique
1880 1822 2028 1853 susce·

250 1899 380 1952 ptum
414 1893 555 1937 ritum
588 1893 796 1937 descrere
829 1895 966 1951 atque
989 1892 1045 1936 ad
1068 1891 1208 1936 alium
1232 1891 1443 1947 transire,
1470 1905 1556 1936 nec
1588 1896 1779 1949 possunt
1805 1891 2026 1950 Episcopi,

251 1976 396 2022 multo
430 1976 583 2021 minus
618 1975 891 2022 Missionarii
925 1974 1224 2020 orientalibus
1251 1974 1419 2033 proprii
1454 1974 1567 2019 ritus
1590 1973 1895 2019 mutationem
1928 1988 2029 2019 sua-

250 2059 357 2104 dere
389 2073 583 2119 eamque
617 2060 707 2103 ullo
741 2059 875 2104 modo
907 2058 1177 2115 admittere,
1214 2058 1471 2104 inconsulta
1507 2058 1762 2117 Apostolica
1804 2057 1941 2114 Sede3
1985 2062 2031 2102 et

251 2142 520 2188 arbitrarius
552 2143 790 2198 transitus,
817 2142 973 2187 irritus
1004 2156 1058 2187 ac
1081 2143 1232 2186 nullus
1265 2145 1318 2186 ad
1343 2154 1682 2200 quemcumque
1705 2140 1918 2185 effectum
1943 2145 2026 2185 est.

252 2229 368 2270 Sane
405 2226 673 2270 Benedictus
707 2229 803 2272 x1v
826 2225 842 2249 ²
877 2225 921 2270 in
958 2225 1128 2270 virtute
1162 2229 1349 2270 sanctae
1382 2223 1666 2269 obedientiae
1698 2223 2029 2269 Maronitarum

254 2310 486 2369 Episcopis
520 2315 663 2366 vetat,
700 2325 756 2354 ne
789 2323 1079 2370 quocumque
1113 2314 1356 2368 praetextu
1390 2313 1470 2353 aut
1502 2308 1692 2354 obtentu
1728 2308 1862 2352 rebus
1902 2306 2030 2366 spiri-

252 2392 452 2439 tualibus
485 2392 685 2438 nationis
717 2392 1245 2438 Graeco-Melchitarum
1287 2391 1332 2435 in
1376 2391 1430 2435 iis
1470 2405 1586 2450 quae
1625 2395 1836 2449 spectant
1877 2390 1932 2435 ad
1966 2390 2031 2435 iu-

253 2476 565 2522 risdictionem
599 2482 645 2522 et
676 2476 1000 2521 auctoritatem
1034 2475 1152 2520 illius
1186 2475 1491 2530 patriarchae,
1529 2474 1849 2532 Episcoporum
1884 2478 1931 2518 et
1953 2477 2030 2519 Pa·

255 2561 520 2616 rochorum,
555 2573 602 2605 se
635 2559 843 2617 ingerere
875 2558 1092 2613 audeant,
1121 2572 1238 2602 neve
1260 2557 1528 2602 eorumdem
1561 2556 1753 2602 subditis
1784 2556 2031 2601 transitum

255 2657 280 2688 a
314 2656 476 2701 graeco
508 2643 564 2687 ad
599 2641 926 2687 maroniticum
961 2642 1100 2685 ritum
1125 2641 1316 2685 suadere
1339 2641 1413 2686 vel
1445 2653 1522 2685 eos
1543 2640 1620 2696 qui
1642 2645 1806 2699 sponte
1837 2639 2032 2684 transire

258 2726 446 2782 vellent,
482 2725 568 2770 nisi
602 2727 719 2770 forte
752 2724 993 2784 peculiaris
1024 2738 1049 2769 a
1086 2727 1291 2768 Romano
1327 2722 1543 2768 Pontifice
1570 2723 1762 2767 facultas
1795 2721 1933 2766 fuerit
1954 2720 2034 2766 tri-

255 2810 381 2865 buta,
407 2808 609 2867 recipere
644 2812 954 2866 praesumant.
991 2811 1045 2852 Et
1069 2805 1366 2852 Missionariis
1397 2804 1634 2865 praecipit,
1662 2819 1719 2850 ne
1739 2803 1847 2864 quid
1870 2803 2030 2849 iisdem

375 2998 384 3017 ¹
412 2998 465 3035 Cf.
495 2998 629 3035 Bened.
658 2997 754 3041 XIV,
782 2997 905 3035 Const.
931 2998 985 3035 Eo
1010 2997 1175 3044 quamvis
1199 3006 1258 3033 an.
1288 2996 1390 3033 1745.
1416 2996 1468 3033 Cf.
1495 2995 1644 3033 collect.
1669 3004 1708 3031 n.
1735 2994 1816 3032 681.

377 3069 390 3088 ²
416 3069 459 3106 In
485 3070 754 3107 Constitutione
781 3069 1050 3106 Demandatum
1075 3069 1236 3105 coelitus.
