2176 3386
594 24 599 28 .
682 0 1314 39 vrsQW-*PWW
1326 0 1622 27 ’ΒΤ-θῆτ’π-Ὕ-’,Ρ
1636 2 1643 6 ·
1662 0 1684 14 -“
1702 3 1712 9 -
1729 0 1741 7 ’
1761 0 1996 29 .“;Λ,-,”“····;π,ε’.“ῐ
2003 0 2043 23 :⁴57

547 38 550 40 ,
596 38 619 49 ‹.
743 36 761 51 .-
806 36 810 37 ⁷
879 41 885 45 ,
1000 39 1009 43 ,
1311 38 1317 41 ⁷
1744 34 1754 37 -

785 191 914 220 mmm
942 192 967 219 1.
1006 191 1064 219 DE
1093 190 1287 219 CLEmms
1855 178 1933 218 159

146 303 372 363 gularium
408 302 495 347 nisi
531 301 836 359 peculiaribus
883 299 1132 358 privilegiis
1164 298 1237 344 vel
1271 298 1683 344 consuetudinibus
1730 298 1933 357 legitime

38 383 71 424 ⁴-
146 385 437 445 praescriptis
469 383 713 429 innitatur.

264 472 415 514 Onera
448 467 503 512 iis
535 467 811 512 incumbunt
857 466 1016 510 eadem
1067 479 1184 524 quae
1235 464 1452 510 Praelatis
1495 463 1689 520 nullius,
1725 465 1934 524 exceptis

151 550 414 596 visitatione
457 563 515 595 ss.
557 549 785 594 Liminum
819 562 936 608 quae
971 548 1091 592 ultra
1124 548 1357 592 Praelatos
1388 546 1489 592 illos
1533 546 1726 592 minime
1769 551 1930 593 exten·

144 634 292 690 ditur,
330 633 594 678 visitatione
643 633 847 677 locorum
882 635 929 675 et
962 630 1292 675 beneficiorum
1341 643 1459 688 quae
1507 629 1827 675 Tridentinum
1875 631 1933 676 ab

147 717 364 775 Episcopo
399 716 574 761 visitari
610 715 757 760 voluit
784 715 811 757 ¹.

881 859 1114 889 Ammonos
1147 860 1191 888 n.

741 941 803 983 De
838 940 1029 983 Vicarz'e‘s
1062 938 1340 995 Apostolicis.

266 1047 367 1092 210.
395 1046 682 1091 Vicariorum
708 1044 1070 1103 Apostolicorum
1097 1043 1266 1105 d-uplex
1292 1043 1466 1102 species
1500 1048 1583 1088 est.
1623 1042 1707 1088 Alii
1739 1044 1797 1088 ab
1819 1046 1932 1103 Apo-

143 1130 302 1175 stolica
346 1129 457 1174 Sede
498 1128 748 1173 mittuntur
778 1128 832 1172 ad
870 1128 1119 1185 regendam
1153 1126 1354 1186 aliquam
1385 1126 1658 1183 dioecesim,
1694 1126 1799 1171 sede
1832 1127 1932 1172 sive

145 1214 275 1271 plena
310 1211 409 1257 sive
443 1216 665 1266 vacante,
702 1225 807 1255 cum
843 1210 1157 1255 iurisdictione
1191 1210 1452 1268 episcopali.
1505 1212 1647 1255 Causa
1684 1224 1795 1255 vero
1829 1209 1933 1255 talis

150 1295 378 1341 missionis
414 1294 539 1340 varia
574 1299 658 1350 est,
693 1299 740 1339 at
774 1293 1009 1352 potissima
1042 1297 1098 1338 ad
1131 1307 1278 1338 unum
1313 1308 1336 1338 e
1371 1294 1516 1338 tribus
1550 1293 1672 1339 hisce
1706 1293 1934 1352 capitibus

144 1380 300 1424 referri
328 1383 490 1437 potest,
518 1378 761 1423 videlicet:
804 1379 840 1433 l)
871 1391 977 1421 cum
1006 1377 1202 1422 Ecclesia
1228 1376 1400 1421 iamdiu
1428 1382 1590 1433 vacat;
1628 1378 1669 1432 2)
1698 1391 1803 1421 cum
1832 1376 1930 1435 Epi-

146 1475 307 1520 scopus
329 1467 398 1506 est
429 1462 487 1506 ab
519 1466 670 1506 aetate
695 1461 942 1519 impeditus
964 1466 1008 1505 et
1035 1462 1129 1505 tere
1163 1460 1404 1517 inhabilis3
1441 1462 1483 1517 5)
1508 1474 1612 1504 cum
1640 1460 1758 1505 idem
1794 1460 1934 1505 fuerit

146 1560 170 1590 a
204 1544 517 1589 iurisdictione
550 1558 812 1602 suspensus,
852 1543 935 1588 Alii
971 1544 1018 1588 in
1052 1544 1262 1602 regiones
1295 1543 1546 1588 mittuntur
1579 1543 1625 1587 in
1659 1544 1825 1603 quibus
1858 1545 1931 1588 vel

146 1629 296 1673 nullae
335 1628 614 1672 constitutae
657 1633 764 1672 sunt
806 1627 1059 1682 dioeceses,
1098 1627 1198 1682 vel,
1236 1627 1290 1671 iis
1323 1627 1463 1672 etiam
1507 1626 1794 1682 constitutis,
1834 1626 1931 1685 Epi-

145 1711 265 1769 scopi
302 1710 482 1770 proprio
516 1711 649 1754 titulo
685 1710 867 1768 praefici
904 1725 995 1755 non
1033 1714 1237 1768 possunt.
1275 1713 1412 1755 Porro
1445 1710 1501 1754 de
1526 1709 1719 1754 Vicariis
1744 1712 1930 1767 Aposto-

149 1795 246 1840 licis
280 1795 326 1839 in
360 1796 445 1839 hac
486 1796 685 1839 secunda
720 1796 987 1852 acceptione
1034 1795 1300 1839 disserimus
1332 1799 1377 1839 et
1408 1793 1594 1853 quidem
1628 1794 1683 1838 de
1717 1793 1771 1837 iis
1803 1794 1932 1837 dum·

147 1882 282 1923 taxat
303 1877 379 1937 qui
414 1878 655 1936 episcopali
680 1878 903 1935 dignitate
927 1877 1049 1923 aucti
1084 1882 1209 1933 sunt,
1236 1882 1286 1921 ut
1308 1879 1576 1936 plerumque
1601 1876 1779 1922 accidit.
1815 1876 1934 1920 Hinc

149 1961 370 2006 nonnulla
403 1961 612 2005 addimus
644 1961 698 2005 de
734 1960 983 2005 Praefectis
1015 1960 1289 2019 apostolicis.

267 2045 521 2089 Videndum
554 2048 622 2088 est
663 2045 697 2099 l)
733 2044 788 2088 de
821 2048 1046 2102 potestate
1082 2043 1247 2088 Vicarii
1285 2043 1554 2102 Apostolici,
1600 2044 1642 2098 02)
1677 2042 1731 2087 de
1764 2042 1933 2100 obliga-

146 2128 346 2173 tionibus
382 2128 547 2173 Vicarii
582 2127 843 2187 Apostolici‚
880 2129 922 2184 5)
956 2128 1010 2172 de
1048 2127 1301 2185 Privilegiis
1337 2126 1502 2173 Vicat-ii
1536 2126 1788 2186 apostolici.

595 2261 612 2305 ὲ
643 2259 671 2294 1.
699 2278 744 2284 -
770 2259 829 2295 De
851 2261 1047 2306 potestate
1074 2259 1221 2295 Vicarii
1248 2258 1478 2305 Apostolici.

266 2351 529 2398 Videbimus
566 2354 604 2408 l)
631 2353 685 2397 de
713 2357 877 2397 natura
902 2352 1230 2397 iurisdictionis
1255 2352 1421 2396 Vicarii
1447 2351 1709 2410 Apostolici.
1747 2353 1788 2408 Ξ)
1815 2357 1934 2404 Quo-

150 2436 283 2481 modo
332 2435 693 2480 iurisdictionem
742 2436 997 2495 acquirant.
1044 2437 1085 2492 5)
1126 2440 1186 2480 De
1235 2435 1508 2480 extensione
1549 2449 1711 2480 eorum
1757 2435 1937 2480 iurisdi-

149 2518 330 2563 ctionis.

375 2641 412 2685 a)
437 2661 484 2664 —
509 2641 569 2676 De
594 2643 742 2677 natura
770 2641 1057 2677 iurisdictionis
1091 2641 1339 2677 vicariorum
1369 2640 1702 2687 Apostolicorum.

270 2734 371 2778 211.
408 2733 666 2778 Iurisdictio
696 2733 791 2779 Vic.
818 2732 1062 2792 Apostolici
1098 2733 1307 2790 delegata
1342 2738 1427 2789 est,
1452 2731 1633 2777 etiamsi
1668 2732 1937 2776 charactere

150 2815 392 2874 episcopali
410 2815 565 2860 donati
590 2815 696 2860 sint.
720 2823 870 2868 Quare
895 2814 1167 2873 rescriptum
1193 2815 1280 2859 fuit
1303 2814 1317 2837 ²
1351 2815 1471 2874 qnod
1495 2813 1663 2858 Vicarii
1690 2811 1934 2872 Apostolici

271 2969 278 2987 ¹
308 2969 394 3015 Cap.
410 2969 460 3006 lV
474 2969 518 3005 de
533 2969 609 3006 Rei.
625 2970 722 3006 Sess.
738 2969 801 3012 VI,
819 2975 855 3006 et
872 2979 951 3016 cap.
967 2969 1065 3011 vlu,
1085 2969 1185 3006 sess.
1200 2969 1280 3011 VII,
1300 2973 1335 3004 et
1354 2978 1434 3014 cap.
1454 2967 1542 3004 XXI
1561 2971 1596 3003 et
1615 2967 1666 3002 IX
1686 2966 1783 3003 Sess.
1802 2964 1935 3001 XXlV.

271 3039 283 3058 ¹
310 3039 458 3077 Collect.
484 3041 589 3077 Decr.
617 3041 651 3077 S.
680 3040 718 3077 C.
744 3041 782 3078 P.
811 3041 849 3076 F.
876 3051 912 3077 n.
939 3041 996 3077 50.
1674 3037 1677 3040 ⁴
