2176 3386
451 244 580 273 Lmen
609 245 634 273 1.
664 244 721 272 DE
751 243 888 272 REBUS
917 237 1154 271 ECCLEsmss
1182 243 1509 272 sP1R1TUALIBUS
1797 233 1871 273 131

94 352 255 396 bentes
287 351 383 410 ipso
416 352 538 396 iure:
574 356 621 396 et
651 351 687 396 si
721 351 881 398 Clerici
914 351 1023 407 sint,
1059 352 1113 396 de
1138 351 1318 410 proprio
1340 351 1481 409 gradu
1506 350 1636 396 moti.
1674 355 1876 397 'senetur

94 438 328 492 praeterea
363 439 518 492 raptor
551 433 789 478 mulierem
814 434 972 478 dotare
997 433 1208 491 prudenti
1230 433 1392 479 iudicis
1414 432 1621 488 arbitrio,
1648 433 1747 478 sive
1770 448 1872 479 eam

92 515 293 570 duxerit,
328 515 426 560 sive
461 529 568 560 non.
605 520 700 560 Hae
734 530 844 560 vero
879 529 1051 574 poenae
1083 519 1193 560 sunt
1225 515 1453 573 ferendae
1483 518 1771 561 sententiae:
1808 521 1875 562 at-

94 605 251 644 tamen
285 603 386 658 post
419 599 607 658 petitam
642 599 1031 657 dispensationem
1060 598 1306 657 Episcopus
1330 603 1514 658 propter
1535 599 1871 659 appositionem

96 697 260 728 manus
295 682 526 729 Pontificis
569 684 627 727 ab
666 683 720 728 iis
763 683 922 743 nequit
953 683 1218 740 absolvere3
1264 683 1372 729 hinc
1413 683 1448 727 si
1495 683 1714 743 Episcopo
1748 698 1873 730 com-

94 766 307 812 mittatur
338 766 693 825 dispensationis
724 767 954 823 executio,
989 767 1199 812 absolvet
1231 770 1468 827 tamquam
1503 768 1737 826 delegatus
1761 770 1874 826 Apo-

93 850 281 896 stolicae
315 831 455 895 Sedis.

212 934 313 978 887.
351 933 416 978 Ad
449 933 534 979 hoc
559 933 944 990 impedimentum
969 934 1299 979 incurrendum
1326 934 1438 979 nihil
1461 936 1602 979 refert
1624 949 1683 980 an
1709 935 1876 980 mulier

95 1021 221 1075 rapta
255 1017 313 1061 sit
349 1018 475 1076 virgo
510 1017 582 1061 vel
617 1016 783 1074 vidua,
819 1031 878 1062 an
915 1018 1065 1075 probis
1099 1017 1302 1062 moribus
1344 1018 1403 1062 sit
1436 1018 1640 1076 praedita
1675 1033 1760 1063 nec
1796 1032 1870 1075 ne,

91 1100 260 1144 sufficit
291 1100 416 1144 enim
452 1103 501 1143 ut
534 1114 639 1144 cum
675 1099 936 1145 intentione
969 1100 1253 1145 matrimonii
1290 1100 1479 1145 ineundi
1514 1101 1782 1146 abducatur.

214 1518 315 1562 888.
353 1517 509 1572 Quoad
542 1521 752 1562 amentes
783 1530 861 1562 seu
895 1518 1043 1576 quoad
1077 1531 1170 1573 eos,
1196 1518 1272 1577 qui
1301 1517 1495 1563 liberum
1524 1519 1716 1564 rationis
1739 1534 1873 1565 usum

95 1615 187 1646 non
221 1601 422 1658 babent,
456 1602 614 1660 quales
646 1605 755 1646 sunt
787 1600 931 1655 stulti,
968 1600 1144 1658 furiosi,
1173 1601 1423 1647 imbecilles
1457 1616 1509 1647 ea
1548 1602 1876 1648 imbecillitatis

94 1684 260 1742 specie,
295 1697 411 1743 quae
444 1683 682 1728 electionis
715 1688 761 1727 et
792 1683 1134 1729 deliberationis
1166 1684 1471 1742 capacitatem
1500 1686 1696 1746 auferat,
1722 1690 1877 1731 aucto-

94 1780 166 1812 res
199 1771 365 1811 notant
396 1780 514 1826 quae
546 1771 818 1825 sequuntur.

212 1850 313 1894 889.
350 1852 534 1894 Certum
568 1854 637 1894 est
673 1850 711 1906 l)
735 1863 897 1894 omnes
930 1850 1039 1894 istos
1072 1851 1170 1895 iure
1205 1851 1402 1895 naturali
1438 1851 1662 1896 inhabiles
1695 1865 1792 1897 esse
1822 1853 1877 1897 ad

95 1933 463 1980 contrahendum
500 1932 867 1989 matrimonium,
893 1933 1012 1993 quod
1038 1933 1263 1978 libertatis
1286 1948 1419 1979 usum
1446 1933 1652 1994 requirit.
1695 1935 1875 1980 Etenim

95 2017 130 2062 si
165 2016 410 2075 nequidem
444 2017 499 2060 de
534 2015 663 2060 bonis
695 2015 788 2060 suis
821 2030 900 2074 per
932 2016 1119 2074 seipsos,
1151 2021 1197 2061 et
1230 2016 1594 2075 independenter
1616 2030 1641 2061 a
1665 2020 1876 2062 curatore

94 2098 335 2157 disponere
369 2101 587 2156 possunt,
634 2103 808 2158 quanto
852 2099 1005 2143 minus
1037 2099 1092 2143 de
1125 2112 1319 2157 persona
1352 2112 1433 2143 sua
1466 2098 1707 2157 disponere
1750 2102 1873 2157 pote-

96 2187 221 2238 runt,
257 2196 451 2242 eamque
484 2182 530 2226 in
564 2186 836 2240 perpetuum
870 2182 1105 2239 obligare?

214 2266 315 2311 890.
352 2269 538 2312 Certum
571 2270 640 2310 est
672 2267 715 2323 2)
738 2266 858 2325 quod
891 2265 927 2310 si
960 2269 1171 2310 amentes
1204 2265 1351 2311 lucida
1395 2265 1585 2310 rationis
1631 2265 1875 2310 intervalla

96 2350 312 2405 habeant,
350 2348 493 2408 iisque
524 2349 796 2394 durantibus
828 2350 1106 2395 contrahant
1142 2350 1343 2408 nuptias,
1390 2350 1539 2394 valide
1572 2350 1874 2405 contrahunt,

95 2432 200 2491 quia
235 2436 348 2476 tunc
381 2431 509 2476 adest
541 2445 794 2477 consensus
825 2433 1071 2477 sufficiens.
1127 2433 1248 2478 [dem
1290 2433 1536 2478 dicendum
1579 2434 1634 2478 de
1677 2433 1758 2488 iis,
1799 2434 1877 2493 qui

96 2514 242 2559 debile
276 2515 448 2559 habent
480 2514 735 2573 ingenium,
770 2515 847 2560 sed
881 2530 973 2561 non
1007 2529 1061 2560 eo
1095 2529 1255 2575 usque,
1291 2520 1342 2560 ut
1376 2517 1484 2561 binc
1515 2515 1630 2561 ratio
1653 2516 1878 2561 libertatis

98 2598 374 2656 perimatur;
409 2602 617 2643 attamen
651 2599 910 2644 huiusmodi
946 2600 1157 2645 homines
1188 2600 1246 2644 ab
1272 2600 1474 2644 ineundo
1499 2599 1814 2655 matrimonio,
1840 2600 1876 2644 si

99 2680 194 2726 fieri
227 2686 393 2740 potest,
427 2681 669 2727 avertendi
703 2687 827 2739 sunt,
862 2688 962 2727 tum
985 2683 1043 2729 ob
1067 2684 1272 2728 funestos
1311 2682 1591 2729 recurrentis
1623 2683 1875 2739 amentiae,

99 2765 173 2810 vel
204 2763 452 2810 debilitatis
484 2765 657 2823 ingenii
690 2765 905 2824 effectus;
940 2771 1040 2811 tum
1064 2766 1169 2826 quia
1195 2766 1478 2810 matrimonii
1503 2779 1666 2824 scopus
1689 2771 1758 2811 est
1781 2767 1874 2825 ipsa

97 2846 238 2892 etiam
271 2847 423 2892 debita
455 2852 502 2892 et
532 2851 711 2893 attenta
745 2848 881 2907 prolis
903 2849 1132 2904 educatio,
1157 2862 1274 2908 quae
1301 2848 1396 2905 vix,
1427 2863 1480 2893 ac
1505 2862 1562 2893 ne
1586 2849 1667 2893 vix
1689 2848 1875 2908 quidem

99 2930 156 2976 ab
186 2930 450 2976 hominibus
482 2932 529 2976 in
561 2946 615 2977 eo
648 2932 859 2978 miseriae
891 2936 1014 2977 statu
1047 2932 1312 2977 constitutis
1342 2931 1576 2990 expectari
1610 2936 1774 2990 potest.

217 3013 319 3058 891.
356 3014 484 3067 Quod
516 3013 552 3059 si
585 3013 728 3059 instet
758 3014 932 3060 familia
965 3014 1084 3073 apud
1116 3015 1390 3070 Parochum,
1426 3018 1476 3057 ut
1507 3013 1622 3058 tales
1660 3026 1876 3071 personas

100 3097 366 3155 coniungat,
400 3096 438 3142 is
469 3102 578 3143 ante
610 3097 766 3143 omnia
802 3097 1072 3157 Episcopum
1105 3098 1344 3143 consulere
1376 3097 1526 3155 debet,
1569 3112 1627 3143 ne
1661 3097 1877 3155 gravibus
