2176 3386
759 193 888 223 Lmen
915 194 940 222 1.
976 194 1033 222 DE
1063 193 1258 223 cm-:mms
1826 184 1906 224 273

116 300 333 346 idiomate
365 300 748 359 interrogationes
780 298 908 344 fiant.
947 325 1002 331 -—
1035 300 1106 344 50.
1145 300 1305 344 Utrum
1338 312 1473 358 saepe
1505 299 1689 359 aliquod
1711 300 1901 345 dubium

117 383 378 429 suboriatur
409 383 530 428 circa
563 383 850 441 diligentiam
884 382 1137 427 adhibitam
1170 397 1195 427 a
1238 383 1508 428 Catechistis
1543 384 1615 428 vel
1648 383 1903 430 obstetrici-

117 467 200 511 bus
233 467 278 510 in
314 467 592 525 Baptismate
624 466 930 521 conferendo,
967 470 1013 511 et
1055 472 1286 525 quatenus
1328 467 1632 523 affirmative,
1676 468 1905 526 quomodo

118 550 202 597 hac
233 552 474 596 occasione
507 559 554 595 s'e
587 554 750 608 gerant
787 550 1080 596 Missionarii.
1118 577 1175 582 -
1209 551 1279 595 51.
1307 551 1470 594 Utrum
1495 551 1647 596 debita
1670 551 1906 609 diligentia

114 633 386 678 adhibeatur
415 648 440 678 a
471 633 790 688 —Missionariis,
827 647 883 677 ne
917 633 1135 677 haeretici
1170 639 1250 677 aut
1282 633 1565 679 schismatici
1591 638 1640 677 ut
1665 634 1833 692 patrini
1859 634 1904 679 in

117 718 414 762 Sacramento
448 717 663 775 Baptismi
694 721 740 761 et
771 716 1145 762 Confirmationis
1178 717 1500 761 admittantur.
1538 744 1595 749 --
1629 719 1700 763 52.
1739 721 1806 763 An
1832 721 1905 763 Sa·

118 806 408 845 crementum
444 800 816 846 confirmationis
852 801 981 845 iuxta
1015 802 1275 860 generalem
1316 802 1541 846 Ecclesiae
1575 816 1708 847 usum
1736 803 1807 847 vel
1830 818 1905 862 po-

117 884 209 929 tius
240 884 506 930 immediate
541 891 640 943 post
676 886 958 944 Baptisinum
994 886 1039 931 in
1076 885 1292 931 Missione
1326 889 1606 931 conferatur.
1645 914 1704 919 —-
1737 888 1807 932 55.
1837 891 1904 933 An

114 973 161 1013 et
193 969 270 1028 qui
303 970 395 1013 sint
429 970 474 1013 in
511 970 743 1014 Vieariatu
779 971 850 1014 vel
878 971 1166 1015 Praefectura
1192 983 1324 1014 casus
1349 971 1588 1026 reservati,
1615 976 1772 1015 utrum
1799 971 1902 1016 mis·

114 1052 325 1097 sionariis
358 1054 638 1099 sufficienter
661 1055 969 1099 innotescant.
1011 1081 1064 1088 -—
1098 1055 1168 1099 54.
1198 1057 1358 1099 Utrum
1385 1054 1537 1099 fideles
1559 1055 1752 1100 solemni
1778 1070 1904 1114 prae-

117 1136 353 1194 paratione
387 1142 434 1181 et
469 1152 631 1196 pompa
665 1138 719 1182 ad
756 1138 951 1196 primam
986 1138 1372 1183 Communionem
1406 1139 1586 1182 admitti
1630 1139 1821 1183 soleant.
1853 1164 1901 1173 —

116 1220 186 1263 55.
225 1222 291 1263 An
328 1220 372 1264 in
408 1220 641 1265 Vicariatu
678 1221 749 1265 vel
787 1223 1075 1266 Praefectura
1111 1223 1448 1281 promulgatum
1486 1222 1623 1266 fuerit
1661 1226 1903 1266 Decretum

115 1302 301 1347 Concilii
339 1304 455 1348 Trid.
493 1317 601 1349 sess.
631 1308 764 1349 xxiv
807 1308 1007 1350 Tametsi
1038 1305 1158 1350 circa
1204 1308 1553 1350 Sacramentum
1602 1305 1901 1350 Matrimonii.

115 1412 173 1420 —
206 1387 276 1431 56.
315 1389 475 1431 Utrum
508 1393 722 1432 accurate
756 1389 870 1432 liant
906 1388 1239 1433 publicationes
1272 1388 1329 1432 ab
1363 1388 1562 1433 Ecclesia
1598 1389 1904 1447 praescriptae

115 1475 161 1515 et
194 1485 251 1514 an
286 1470 444 1516 diebus
476 1486 500 1515 a
534 1471 632 1515 iure
668 1472 971 1530 praescriptis.
1012 1499 1065 1503 —
1100 1473 1170 1516 57.
1208 1473 1445 1525 Quomodo
1470 1485 1516 1516 se
1540 1477 1703 1530 gerant
1731 1472 1905 1518 Missio-

120 1554 235 1599 narii
271 1555 317 1598 in
351 1555 769 1613 dispensationibus
801 1556 949 1614 quoad
987 1556 1269 1600 Matrimonii
1306 1555 1655 1614 impedimenta,
1700 1559 1770 1600 et:
1818 1556 1904 1613 pri-

118 1652 210 1694 mo,
246 1652 305 1683 an
339 1638 630 1696 dispensetur
662 1640 707 1682 in
744 1639 1126 1697 impedientibus:
1164 1639 1383 1694 secundo,
1419 1653 1477 1683 an
1520 1639 1702 1697 plurimi
1747 1653 1904 1683 occur-

115 1726 220 1765 rant
251 1734 382 1766 casus
413 1722 694 1767 concedendi
728 1722 1093 1780 dispensationes
1128 1723 1172 1767 in
1198 1723 1537 1778 dirimentibus,
1564 1723 1833 1780 praesertim
1858 1722 1902 1765 in

115 1804 326 1861 gradibus
361 1805 727 1862 proximioribus.
765 1833 822 1838 —
856 1806 925 1851 58.
965 1809 1031 1850 An
1069 1806 1113 1850 in
1147 1806 1565 1864 dispensationibus
1598 1805 1905 1851 concedendis

118 1886 417 1944 imponantur
452 1890 649 1933 mulctae
684 1891 757 1933 vel
792 1904 980 1947 poenae.
1018 1916 1071 1922 -
1109 1891 1179 1935 59.
1208 1891 1445 1943 Quomodo
1478 1890 1794 1934 concedantur
1817 1889 1903 1933 dis-

119 1970 434 2027 pensationes,
470 1985 528 2016 an
573 1972 619 2016 in
653 1972 833 2030 scriptis
866 1978 910 2017 et
945 1978 1098 2017 utrum
1134 1973 1422 2031 exprimatur
1458 1973 1682 2031 delegatio
1727 1978 1904 2033 aposto·

116 2051 216 2097 lica.
254 2080 310 2086 —
344 2056 415 2098 60.
453 2058 520 2099 An
557 2069 663 2100 usus
699 2057 1099 2101 Matrimoniorum
1137 2057 1391 2101 mixtorum
1436 2057 1687 2102 invaluerit
1728 2063 1774 2102 et
1815 2072 1904 2117 qua

118 2136 391 2194 frequentia,
428 2143 473 2182 et
506 2139 734 2197 quomodo
767 2139 887 2184 circa
923 2154 974 2184 ea
1011 2140 1285 2185 Missionarii
1319 2155 1366 2186 se
1400 2146 1579 2199 gerant.
1624 2168 1681 2173 —
1724 2143 1795 2186 61.
1836 2144 1902 2186 An

120 2218 165 2262 in
199 2219 504 2264 celebratione
542 2221 942 2267 matrimoniorum
978 2223 1222 2268 Christiani
1258 2224 1552 2269 immisceant
1585 2225 1759 2284 aliquas
1805 2240 1904 2270 cae-

121 2303 349 2347 remonias
381 2304 734 2362 superstitiosas.

236 2389 300 2429 De
333 2387 548 2432 abusibus
580 2395 620 2432 et
654 2391 998 2435 necessitatibus
1041 2393 1290 2435 Missionis.
1336 2418 1395 2424 —-
1444 2393 1513 2436 62.
1564 2396 1905 2437 Enumerentur

118 2482 280 2514 omnes
311 2470 478 2515 abusus
511 2471 588 2530 qui
622 2472 739 2517 forte
763 2472 1049 2530 irrepserunt
1071 2474 1211 2518 etiam
1238 2476 1359 2518 inter
1381 2475 1637 2519 Catholicos
1660 2474 1758 2519 sive
1782 2475 1902 2519 circa

120 2552 272 2608 fidem,
307 2554 404 2598 sive
438 2553 558 2599 circa
594 2569 760 2611 mores,
799 2555 871 2600 vel
905 2556 1354 2602 administrationem
1390 2560 1811 2613 Sacramentorum,
1859 2562 1905 2602 et

116 2636 336 2696 cuiusque
369 2638 557 2682 alterius
589 2639 783 2696 generis.
820 2666 861 2671 —
911 2640 981 2684 65.
1013 2639 1341 2698 Exprimantur
1366 2641 1606 2698 praecipue
1631 2653 1794 2684 causae
1823 2642 1903 2684 hu-

118 2718 310 2764 iusmodi
334 2720 578 2776 abusuum,
614 2727 659 2766 et
693 2722 859 2777 media,
894 2723 1059 2782 quibus
1091 2723 1225 2768 evelli
1261 2723 1449 2782 possint.
1497 2751 1548 2755 —
1592 2724 1663 2768 64.
1701 2723 1902 2767 'faudem

115 2804 294 2846 attente
327 2805 668 2862 perpendantur
700 2805 960 2863 spirituales
993 2807 1223 2851 Missionis
1256 2806 1568 2861 necessitates,
1595 2807 1810 2851 distincte
1836 2820 1902 2850 re-

118 2886 355 2944 ferantur3
393 2887 631 2947 mediaque
667 2894 981 2947 proponantur
1012 2889 1174 2934 idonea
1198 2891 1253 2934 ad
1279 2891 1499 2935 maiorem
1526 2890 1772 2947 Religionis
1804 2904 1903 2948 pro-

117 2970 290 3015 fectum
323 2969 650 3016 inducendum.

242 3054 554 3087 ZffELu-Somfim.
1738 3058 1776 3088 18
