2176 3386
169 180 249 220 326
531 190 881 220 SUPPLEMENTUM
911 190 1190 225 QUORUMDAM
1219 189 1587 220 nocuMENTORUM

291 296 356 341 Ad
391 296 460 341 5¹¹².
497 295 618 341 Nihil
652 295 961 342 omittendum
995 301 1047 340 ut
1079 296 1245 342 mulier
1276 311 1299 342 a
1334 296 1436 342 viro
1478 296 1648 342 infideli
1697 301 1948 357 separetur.

170 378 299 432 Quod
331 378 367 423 si
401 382 594 438 uterque
626 380 686 424 sit
718 379 847 434 liber,
877 378 1067 425 concedi
1101 392 1231 438 posse
1263 379 1669 438 dispensationem,
1704 380 1952 425 dummodo

171 466 359 507 cautum
393 462 584 507 omnino
607 462 665 507 sit
686 462 985 522 sequentibus
1006 462 1362 519 conditionibuS,
1387 461 1588 507 scilicet:
1627 464 1666 507 1.
1702 463 1831 517 Quod
1853 476 1952 507 mu-

170 543 255 589 lier
291 544 542 589 christiana
578 545 709 603 plena
744 544 954 590 libertate
994 544 1190 603 gaudeat
1222 544 1412 590 vivendi
1455 543 1696 589 catholice.
1745 545 1787 589 2.
1824 543 1953 597 Quod

170 642 195 673 a
229 629 384 673 futuro
419 628 518 674 viro
550 628 592 673 ei
624 632 920 687 permittatur
953 628 1220 673 universam
1256 629 1428 688 prolem
1461 627 1698 687 utriusque
1735 640 1873 672 sexus
1904 626 1951 671 in

170 710 389 769 religione
413 711 637 756 catholica
661 711 902 756 educandi.
939 712 980 756 5.
1006 711 1135 766 Quod
1160 711 1233 756 vir
1253 711 1584 770 impedimento
1607 710 1835 770 ligaminis
1858 724 1951 755 non

170 796 230 842 sit
260 797 482 842 irretitus.
533 799 575 842 4.
613 798 739 851 Quod
774 797 1010 842 moraliter
1042 802 1221 842 certum
1268 796 1326 842 sit
1367 810 1496 856 posse
1529 797 1745 855 coniuges
1775 796 1822 840 in
1859 810 1951 840 ma-

170 880 389 926 trimonio
422 881 584 938 degere
618 880 716 925 sine
749 881 1031 925 contumelia
1065 880 1291 926 Creatoris
1323 884 1370 925 et
1401 881 1500 924 sine
1535 877 1843 938 perversionis
1879 891 1953 936 pe-

171 963 330 1007 riculo.
369 964 408 1008 5.
436 964 564 1016 Quod
591 963 754 1008 mulier
775 964 999 1022 spondeat
1022 977 1067 1008 se
1092 963 1201 1007 totis
1237 963 1408 1007 viribus
1440 967 1706 1007 curaturam
1729 959 1817 1006 viri
1845 974 1952 1004 con·

172 1046 449 1091 versionem.

292 1132 356 1174 Ad
390 1130 459 1175 6¹¹¹.
499 1129 750 1188 Negative‚
787 1130 874 1174 nisi
923 1144 980 1174 ex
1032 1128 1213 1174 silentio
1247 1130 1320 1174 vel
1362 1127 1683 1186 genuflexione
1732 1125 1952 1184 neophyti

170 1214 451 1269 crederetur,
487 1215 559 1259 vel
594 1214 710 1273 quod
747 1227 840 1258 non
875 1214 1065 1259 haberet
1098 1213 1263 1269 tidem,
1301 1215 1372 1259 vel
1405 1214 1524 1273 quod
1557 1213 1667 1258 fides
1710 1227 1801 1257 non
1835 1217 1954 1257 esset

171 1310 298 1352 vera,
335 1298 407 1342 vel
441 1298 515 1342 alii
553 1312 631 1356 per
662 1297 759 1342 eius
794 1298 1157 1342 taciturnitatem
1197 1301 1521 1342 averterentur
1552 1312 1576 1342 a
1612 1295 1712 1342 fide.

994 1517 1131 1569 XIV.

499 1658 661 1712 Circa
701 1663 1272 1712 communicationem
1310 1664 1367 1713 in
1408 1660 1625 1714 divinis.

294 1799 668 1858 Archiepiscopus
702 1800 996 1858 Smyrnensis
1029 1801 1263 1859 proposuit
1296 1804 1399 1860 Sup.
1432 1801 1567 1846 l'niv.
1592 1805 1685 1861 [nq.
1716 1802 1952 1862 sequentia

171 1882 304 1926 dubia
327 1900 336 1927 :

294 1970 319 2011 1.
356 1964 398 2010 si
432 1966 521 2023 puo
561 1969 836 2023 permettere
885 1964 926 2010 ai
976 1966 1178 2010 cattolici
1224 1966 1267 2011 di
1316 1981 1677 2027 accompagnare
1713 1967 1724 2011 i
1759 1968 1953 2012 funerali

171 2048 285 2106 degli
321 2048 476 2093 cretici
514 2048 604 2092 tino
636 2048 722 2093 alla
756 2053 885 2106 porta
920 2048 1035 2093 della
1069 2048 1264 2094 Chiesa‘?

291 2137 342 2177 11.
381 2132 422 2177 Si
458 2146 651 2190 possono
684 2132 741 2190 gli
775 2132 935 2177 eretici
969 2133 1039 2177 far
1071 2137 1260 2178 cantare
1294 2135 1410 2178 nelle
1447 2139 1601 2180 nostre
1634 2135 1785 2180 chiese
1808 2136 1861 2180 ed
1885 2150 1951 2181 as-

172 2216 331 2261 sistere
365 2216 584 2260 all’altare
621 2231 698 2274 per
730 2216 904 2260 servire
937 2217 978 2261 la
1015 2218 1190 2262 Messa?

290 2305 363 2346 ΙΙΙ.
402 2301 467 2344 [n
503 2300 717 2346 cattolieo
754 2301 840 2358 puo
876 2304 1152 2358 permettere
1185 2301 1240 2345 ad
1274 2315 1335 2346 un
1371 2302 1541 2347 eretico
1564 2316 1589 2347 ο
1616 2302 1876 2348 scismatico
1909 2303 1952 2348 di

170 2389 406 2429 contrarre
441 2382 737 2427 matrimonio
771 2383 887 2427 nella
925 2382 1103 2441 propria
1138 2385 1274 2428 casa‘?

292 2469 364 2511 lV.
403 2459 436 2511 E
468 2466 662 2524 proibito
695 2466 750 2510 ad
785 2480 847 2510 un
881 2467 1143 2511 eterodosso
1175 2467 1218 2511 di
1254 2467 1322 2511 far
1353 2467 1406 2511 da
1442 2467 1633 2526 padrino
1669 2468 1724 2513 ad
1760 2482 1819 2512 un
1854 2469 1951 2512 fan·

171 2553 306 2597 ciullo
330 2551 579 2597 cattolico'?
612 2552 653 2597 Si
677 2553 766 2610 puo
791 2557 1067 2611 permettere
1089 2552 1144 2597 ad
1171 2567 1231 2597 un
1256 2553 1470 2598 cattolico
1502 2554 1546 2598 di
1582 2558 1738 2599 tenere
1760 2554 1802 2598 al
1824 2567 1952 2600 sacro

173 2637 299 2680 sonte
323 2649 382 2679 un
408 2635 605 2692 figliuolo
628 2635 888 2681 scismatico
920 2636 1109 2691 eretico,
1135 2635 1559 2682 amministrandosi
1592 2637 1621 2682 il
1656 2639 1952 2695 Sagramento

171 2719 398 2763 s'intende
432 2719 501 2776 gia
520 2719 574 2763 da
609 2732 670 2763 un
708 2719 918 2764 ministro
951 2719 1159 2764 eretico‘?

291 2804 344 2846 V.
381 2805 527 2846 'l‘anto
560 2802 570 2846 i
606 2802 808 2847 cattolici
841 2803 925 2847 che
958 2802 1015 2860 gli
1049 2802 1296 2848 scismatici
1331 2817 1497 2849 recano
1530 2803 1605 2862 qui
1641 2803 1668 2847 il
1703 2805 1744 2848 S.
1775 2803 1950 2848 Viatico

173 2883 564 2941 pubblicamente:
611 2884 645 2929 si
681 2899 813 2930 cerea
847 2899 894 2930 se
926 2885 991 2930 sia
1027 2899 1256 2944 permesso
1286 2886 1326 2930 ai
1351 2885 1552 2931 cattolici
1586 2885 1629 2929 di
1664 2885 1870 2931 mettersi
1903 2885 1951 2930 in

171 2965 436 3024 ginocchio‚
472 2970 655 3015 almeno
702 2970 810 3015 dare
857 2971 991 3015 alcun
1040 2984 1180 3029 segno
1212 2970 1256 3015 di
1291 2969 1596 3015 venerazione
1628 2970 1671 3014 al
1705 2969 1840 3015 SSmo
1877 2973 1950 3015 Sa·

171 3053 448 3108 gramento‘?
