2176 3386
249 165 328 204 302
891 175 1001 204 PARS
1030 176 1054 204 1.
1089 176 1147 204 DE
1175 174 1386 204 PEnsoms

249 283 377 328 lirma
425 282 662 337 valetudo,
697 282 913 343 quamvis
948 286 1006 328 ob
1038 282 1297 327 huiusmodi
1343 296 1504 328 causas
1535 283 1669 328 datus
1698 283 1765 329 eis
1795 285 1856 329 sit
1893 285 2024 330 coad-

247 363 368 410 iutor
403 367 439 420 ¹,
477 365 582 410 licet
624 365 862 411 coadiutor
908 365 966 410 sit
1014 379 1120 410 cum
1155 365 1309 410 sutura
1343 366 1631 411 successione
1655 367 1684 412 ².
1734 371 1820 412 Eos
1858 368 2027 426 pariter

249 465 340 496 non
384 455 576 496 excnsat
618 463 702 494 nec
744 463 911 507 parvus
951 462 1171 493 numerus
1213 448 1626 506 parochianorum,
1662 463 1748 493 nee
1789 449 2025 508 paroeciae

248 533 464 589 tenuitas,
501 547 586 578 nec
618 533 731 578 coeli
767 532 1074 587 insalubritas‚
1103 545 1190 576 nec
1223 537 1403 589 tempus
1443 531 1596 589 pestis,
1637 545 1722 575 nec
1755 530 2026 577 inimicitiae

247 616 333 660 nisi
367 616 457 661 sint
485 616 716 674 capitales.

368 700 467 753 ΞΜ).
507 699 694 744 Parochi
719 705 874 744 autem
898 697 1168 744 amovibiles
1200 703 1421 743 tenentur
1454 698 1649 743 residere
1682 711 1825 756 aeque
1852 711 1905 743 ac
1929 711 2025 755 per-

248 783 369 840 petui
395 784 426 827 3.
464 784 590 837 Quod
625 784 658 827 si
696 784 919 842 parochus
951 783 1063 828 duas
1086 780 1252 827 habeat
1284 782 1500 827 ecclesias
1533 781 1702 837 unitas,
1731 781 1926 826 residere
1959 784 2024 826 te-

249 872 384 911 netur
418 868 461 911 in
496 868 685 912 ecclesia
719 867 931 924 digniori,
967 871 1013 911 et
1044 867 1080 911 si
1114 866 1349 911 dubitetur
1380 880 1608 926 quaenam
1641 866 1699 910 sit
1737 864 1941 922 dignior,
1978 864 2024 908 in

246 965 298 995 ea
333 952 561 1006 residebit,
597 966 713 1011 quae
748 951 1107 1011 frequentiorem
1143 951 1357 1009 populum
1392 950 1559 1005 habet;
1594 949 1629 993 si
1664 954 1818 993 autem
1854 962 1945 992 una
1967 948 2027 992 sit

245 1033 434 1079 ecclesia
471 1035 588 1079 intra
623 1033 880 1089 civitatem,
917 1039 963 1078 et
995 1033 1138 1077 altera
1170 1036 1319 1086 extra,
1359 1031 1553 1075 residere
1586 1031 1721 1074 debet
1754 1029 1799 1073 in
1834 1043 1885 1074 ea
1909 1043 2026 1088 quae

249 1117 366 1161 intra
401 1117 641 1161 civilatem
677 1122 743 1160 est
771 1117 799 1171 ²,
835 1118 910 1175 qui
947 1116 1072 1160 addit
1104 1114 1222 1174 quod
1257 1114 1292 1159 si
1326 1114 1564 1170 contingat
1586 1112 1697 1157 duas
1719 1110 1935 1156 ecelesias
1963 1110 2025 1155 ita

250 1201 389 1246 videri
427 1215 570 1258 pares,
598 1205 647 1244 ut
682 1214 771 1244 una
808 1214 913 1256 prae
947 1199 1034 1243 alia
1070 1213 1217 1257 neque
1251 1198 1445 1255 dignior,
1473 1210 1619 1254 neque
1643 1194 1928 1254 frequentior
1949 1193 2023 1248 sit,

248 1285 437 1329 liberum
460 1285 546 1329 erit
577 1285 774 1328 Parocho
802 1298 878 1341 pro
902 1297 981 1327 sua
1005 1282 1267 1336 residentia,
1294 1295 1433 1339 quam
1458 1280 1585 1335 xelit,
1611 1279 1790 1336 eligere.
1828 1278 2023 1324 Clarius:

248 1370 288 1414 Si
326 1372 366 1425 1)
396 1368 712 1426 parochiarum
739 1367 848 1411 unio
874 1366 1010 1411 fuerit
1045 1365 1163 1410 tituli
1197 1365 1455 1409 extinctiva
1492 1363 1714 1420 parochus
1747 1360 1792 1404 in
1828 1359 2025 1405 Ecclesia

250 1453 444 1497 residere
468 1452 602 1496 debet
634 1466 749 1510 quae
784 1451 969 1494 titulum
1007 1449 1314 1509 parochialem
1350 1447 1487 1492 habet
1509 1459 1713 1505 quaeque
1747 1443 1924 1502 dignior
1949 1444 2026 1488 ha-

247 1537 392 1581 benda
427 1540 519 1580 est:
558 1537 598 1591 2)
636 1536 671 1579 si
707 1534 816 1579 unio
852 1534 988 1579 fuerit
1023 1533 1174 1578 minus
1210 1530 1485 1590 principalis,
1522 1528 1745 1587 parochus
1768 1527 1814 1571 in
1839 1527 1911 1571 illa
1948 1531 2025 1570 Ec·

246 1620 380 1665 clesia
417 1620 582 1664 residet
614 1633 729 1674 quae
767 1618 949 1662 titulum
983 1616 1203 1662 servavit.
1257 1615 1385 1669 Quod
1418 1614 1452 1658 si
1493 1614 1534 1667 5)
1563 1614 1670 1656 unio
1704 1609 1844 1655 fuerit
1881 1623 2023 1668 aeque

249 1702 510 1760 principalis
554 1702 598 1745 in
639 1701 835 1745 Ecclesia
878 1713 1166 1759 quacumque
1210 1712 1267 1741 ex
1301 1696 1476 1741 duabus
1511 1694 1704 1738 residere
1748 1695 1920 1750 potest,
1963 1691 2025 1735 ita

250 1792 402 1831 tamen
440 1792 488 1829 ut
522 1787 555 1829 si
584 1800 639 1829 ex
678 1786 746 1830 his
789 1799 876 1829 una
923 1784 980 1827 sit
1015 1783 1058 1827 in
1094 1782 1301 1836 civitate,
1338 1780 1381 1824 in
1419 1780 1503 1824 hac
1542 1777 1765 1836 parochus
1814 1775 2021 1820 resideat.

368 1871 467 1941 Q.
505 1869 727 1924 Quamxis
752 1868 1024 1913 residentiae
1050 1867 1121 1910 lex
1148 1865 1207 1909 ita
1234 1876 1406 1921 urgens
1428 1862 1502 1916 sit,
1531 1860 1728 1906 Ecclesia
1753 1864 1909 1904 tamen
1934 1873 2026 1903 non

249 1954 306 1998 ita
335 1953 472 2010 rigida
507 1958 591 2007 est,
619 1958 668 1996 ut
703 1952 834 1996 rebus
868 1949 1174 2008 exigentibus,
1203 1947 1315 1992 nihil
1349 1947 1394 1991 in
1421 1947 1504 1990 hac
1537 1957 1672 1989 causa
1705 1943 1942 1988 concedat.
1981 1942 2026 1987 Id

247 2043 401 2081 tamen
438 2036 657 2095 praecipit
690 2035 918 2089 omnibus,
954 2033 1029 2091 qui
1065 2033 1184 2077 infra
1222 2031 1461 2090 Episcopos
1483 2032 1606 2082 sunt,
1633 2040 1741 2072 cura
1765 2026 2025 2070 animarum

247 2120 465 2178 gravatis,
492 2124 542 2163 ut
568 2139 584 2159 ιι
607 2119 990 2177 quandocumque
1024 2129 1101 2160 eos
1133 2128 1269 2159 causa
1304 2113 1427 2171 prius
1449 2126 1528 2170 per
1552 2110 1822 2169 Episcopum
1845 2107 2026 2165 cognita

251 2223 270 2244 u
296 2210 342 2248 et
375 2203 563 2262 probata
597 2203 753 2246 abesse
786 2199 1048 2258 contigerit,
1088 2199 1316 2242 Viearium
1353 2196 1567 2241 idoneum
1590 2194 1647 2238 ab
1668 2192 1764 2251 ipso
1786 2189 2026 2236 Ordinario

251 2308 270 2328 a
296 2287 639 2346 adprobandum
675 2300 779 2330 cum
814 2284 965 2329 debita
1001 2282 1222 2327 mercedis
1240 2279 1555 2338 adsignatione
1580 2277 1858 2335 relinquant,
1884 2273 2026 2318 disce·

251 2391 269 2412 a
297 2371 430 2416 dendi
465 2374 619 2414 antem
654 2367 888 2412 licentiam
925 2367 970 2410 in
1005 2365 1186 2423 scriptis
1226 2361 1453 2421 gratisque
1494 2359 1862 2412 concedendam,
1908 2357 2025 2401 ultra

252 2476 270 2496 ιι
299 2455 513 2500 bimestre
548 2459 745 2511 tempus,
782 2450 867 2495 nisi
901 2464 959 2494 ex
993 2449 1122 2507 gravi
1156 2460 1291 2492 causa
1336 2459 1426 2490 non
1469 2442 1743 2489 obtineant⁵
1770 2460 1809 2485 n.
1860 2440 2025 2486 Huius·

250 2538 368 2583 modi
407 2551 515 2582 vero
538 2550 702 2581 causae
726 2537 1002 2579 excusantes
1024 2535 1153 2576 sunt:
1195 2531 1233 2586 l)
1257 2528 1509 2574 christiana
1533 2527 1754 2582 charitas;
1791 2525 1832 2581 2)
1860 2535 2026 2581 urgens

367 2765 376 2784 ²
405 2765 486 2801 Sao.
513 2764 645 2808 Congr.
673 2762 783 2798 Cone.
810 2760 907 2806 apud
932 2759 1101 2795 ZAMBom
1128 2765 1218 2793 voce
1246 2756 1442 2797 Parochus,
1468 2758 1483 2794 S
1511 2753 1565 2789 to,

366 2837 378 2855 ²
405 2835 541 2872 Boned.
568 2834 653 2870 XIV
680 2832 804 2869 Consi.
831 2829 1079 2871 Inscrutabili,
1106 2832 1120 2869 ἓ
1146 2827 1204 2864 28.

365 2909 380 2929 ⁸
406 2908 484 2944 Sac.
511 2906 645 2951 Congr.
672 2905 784 2941 Cone.
811 2905 847 2940 in
875 2903 1043 2939 Elboren.
1070 2900 1116 2937 26
1142 2899 1229 2935 maii
1259 2898 1360 2934 1612.

365 2979 378 2999 '⁴
406 2980 576 3015 BARBOSA
604 2977 646 3013 de
671 2976 727 3022 oss.
755 2975 906 3012 Paroch.
933 2975 971 3010 P.
998 2973 1025 3015 Ι,
1051 2981 1131 3018 cap.
1157 2971 1191 3006 8.

366 3050 379 3070 ‘⁵
406 3050 517 3087 Conc.
545 3048 641 3084 Trid.
668 3047 737 3083 loc.
764 3046 824 3083 cit.
