2176 3386
1872 113 1946 155 151

321 285 552 328 NOMINA
582 285 868 327 LOCORUM

1379 285 1664 328 NOTANDA

166 438 225 474 16.
250 436 428 473 Bavaria.

173 615 227 651 17.
253 613 480 650 Franconia.

168 709 227 746 18.
254 709 498 745 palatinatus
523 708 797 755 Neoburgicus.

169 804 228 841 ⁷19.
255 804 423 840 Ducatus
441 803 651 848 Limburgi‚
671 802 856 839 Harlemii
877 812 924 839 ac
949 803 1026 838 Mo·

313 861 378 887 sae
405 850 662 887 Traiectinae.

165 948 230 984 20.
258 946 479 988 Hollandia‚
503 945 708 991 zelandia,
733 945 857 981 Frisia
887 946 928 981 et
952 945 1026 981 foe-

315 994 478 1030 deratae
505 993 626 1039 Belgii
652 993 894 1039 provinciae.

164 1089 230 1125 21.
256 1090 421 1134 Magnus
459 1089 629 1125 Ducatus
662 1088 1025 1134 LuxemburgensiS.

167 1186 232 1220 22.
257 1184 356 1221 Urbs
382 1184 628 1220 Genevensis.

167 1280 233 1316 ⁴23.
260 1279 388 1315 Insula
415 1278 507 1314 Tine
533 1279 787 1324 archipelagi.

174 1376 232 1411 24.
260 1374 542 1421 Archipelagus
569 1377 686 1411 totus.

170 1472 233 1508 25.
260 1470 618 1516 Constantinopolis
642 1480 689 1506 ac
715 1471 939 1507 suburbium
963 1472 1030 1507 Pe-

319 1527 400 1556 rae.

172 1614 234 1650 26.
261 1616 402 1650 Omnes
428 1613 634 1650 Hiberniae
661 1614 876 1651 Dioeceses.

172 1758 234 1794 27.
262 1756 489 1793 Provinciae
529 1756 682 1801 Imperii
721 1757 909 1801 Russiaci‚
944 1767 1034 1793 non-

322 1804 438 1841 nullis
464 1804 652 1849 exeeptis.

174 1901 236 1936 28.
265 1899 469 1936 Ruthenia.

174 1996 237 2032 29.
263 1996 304 2032 In
330 1996 512 2032 universo
539 1996 703 2041 imperio
731 1996 917 2033 hodierno
945 1998 1034 2033 Ger-

323 2044 478 2080 maniae
495 2043 671 2089 exceptis
689 2044 950 2080 matrimoniis
968 2044 1037 2080 mi-

324 2091 402 2127 xtis
427 2092 468 2127 et
498 2091 814 2137 protestantium.

1098 435 1230 475 Saltem
1262 434 1297 475 in
1330 432 1523 475 primitivis
1542 434 1643 471 regni
1664 434 1771 465 huius
1797 435 1952 465 nominis

1133 471 1333 508 provinciis.
1354 471 1494 499 Etenim
1514 473 1592 507 post
1607 477 1740 499 annum
1757 472 1826 500 1805
1843 478 1955 500 novae

1133 513 1271 544 quoque
1291 506 1454 542 regiones
1482 506 1759 543 protestanticae
1783 506 1953 537 Bavariae

1132 545 1369 572 accesserunt.

1098 615 1141 643 Ut
1155 615 1293 643 constat
1308 622 1347 643 ex
1364 616 1462 643 Decr.
1474 616 1505 642 S.
1522 615 1556 643 C.
1571 616 1670 643 Conc.
1685 616 1701 642 4
1716 621 1797 650 aug.
1814 615 1892 643 1743.

1101 819 1149 847 Ex
1170 817 1273 847 actib.
1297 819 1330 846 S.
1351 820 1387 847 O.
1410 819 1422 846 1
1445 818 1506 847 iul.
1530 819 1608 847 1843.

1101 961 1163 991 Ubi
1183 963 1266 990 ante
1299 961 1527 991 defectionem
1558 968 1578 990 a
1612 961 1771 998 Philippo
1792 963 1821 990 11
1850 960 1958 991 fuisse

1137 997 1354 1033 publicatum
1377 998 1485 1026 refert
1504 999 1600 1026 Wex.

1103 1106 1151 1133 Ex
1170 1104 1273 1134 actib.
1295 1106 1325 1133 S.
1349 1107 1384 1133 0.
1405 1111 1461 1134 an.
1485 1106 1562 1134 1845.

1104 1202 1151 1230 Ex
1172 1200 1276 1230 actib.
1299 1203 1329 1229 S.
1351 1203 1388 1229 Ο.
1409 1208 1464 1230 an.
1487 1202 1566 1229 1845.

1105 1297 1156 1324 Ex
1178 1294 1314 1324 iisdem.

1107 1392 1144 1419 ln
1165 1389 1322 1419 ecclesiis
1342 1389 1536 1419 catholicis.

1106 1487 1143 1513 In
1164 1484 1319 1514 ecclesiis
1340 1484 1524 1513 catholicis
1546 1491 1608 1521 pro
1628 1484 1753 1513 latinis
1779 1486 1930 1513 tantum.

1108 1629 1177 1655 Hoc
1198 1626 1316 1655 videre
1339 1630 1392 1656 est
1413 1634 1454 1656 ex
1476 1626 1681 1656 testimonio
1700 1626 1802 1655 Arch.
1825 1627 1923 1656 Dubl.
1947 1629 1965 1656 8

1144 1662 1277 1727 MagtiiC
1276 1663 1345 1727 1826
1356 1663 1438 1692 dato
1451 1662 1631 1692 occasione
1645 1669 1772 1692 causae
1789 1664 1964 1692 tractatae

1145 1706 1179 1727 in
1227 1721 1232 1727 .
1282 1719 1288 1726 .
1327 1702 1343 1727 ¹.

1110 1911 1158 1939 Ex
1180 1913 1210 1940 S.
1234 1914 1271 1940 Ο.
1291 1918 1347 1940 an.
1371 1914 1448 1941 1835.

1112 2009 1158 2036 Ex
1180 2008 1281 2038 Bulla
1301 2008 1351 2037 Pii
1373 2011 1400 2036 X
1421 2008 1491 2038 diei
1515 2011 1546 2037 18
1566 2010 1636 2039 ian.
1659 2011 1736 2038 1906.

991 2287 1162 2334 ASIA

211 2431 242 2466 1.
268 2430 396 2467 Indiae
446 2429 663 2466 orientales
712 2438 759 2464 ac
804 2428 1037 2465 nominatim

327 2479 461 2514 Goana
486 2476 641 2513 Archid.
667 2477 708 2513 et
735 2476 940 2513 Dioeceses
967 2476 1042 2512 suf-

329 2525 553 2570 sraganeae.

205 2623 245 2658 2.
272 2623 349 2657 Ora
374 2619 627 2656 Malabarica.

206 2717 244 2754 3.
271 2715 491 2752 Vicariatus
527 2713 864 2751 Pondicberiensis
890 2724 937 2750 ac
964 2714 1041 2751 uni-

330 2772 447 2799 versa
472 2772 544 2798 ora
568 2761 900 2798 Goromandelica.

213 2860 247 2895 4.
274 2857 485 2894 Calcutiae.

209 2967 248 3003 5.
275 2964 395 3010 Regio
421 2963 711 3010 Bombayensis.

1115 2429 1165 2459 Ex
1186 2431 1280 2459 Decr.
1304 2432 1334 2459 S.
1357 2433 1388 2459 C.
1412 2430 1453 2459 de
1475 2432 1573 2467 Prop.
1596 2430 1678 2460 Fide
1698 2434 1714 2459 4
1736 2433 1823 2468 sept.
1846 2433 1928 2460 1764.

1118 2612 1165 2639 Ex
1186 2612 1219 2639 C.
1242 2612 1276 2639 S.
1297 2612 1333 2640 Ο.
1354 2612 1372 2638 6
1391 2611 1495 2648 april.
1518 2612 1596 2641 1669.

1118 2708 1164 2735 Ex
1186 2708 1282 2735 Decr.
1304 2707 1336 2735 S.
1356 2707 1392 2734 Ο.
1415 2706 1496 2734 1845.

1118 2852 1208 2882 Illuc
1240 2851 1349 2881 etiam
1380 2854 1525 2880 extensa
1557 2850 1624 2879 fuit
1650 2849 1843 2879 declaratio
1872 2851 1977 2878 Bene—

1155 2887 1240 2918 dicti
1261 2889 1331 2917 XIV
1353 2894 1444 2924 quae
1465 2885 1739 2923 publicationem
1761 2885 1939 2922 supponit.

1120 2957 1327 3023 muctjgnim
1357 2958 1501 2986 extensa
1522 2955 1590 2986 fuit
1620 2955 1841 2985 benedictina
1867 2954 1980 2984 decla·

1157 3001 1198 3023 ra
1254 3015 1260 3022 .
