2176 3386
478 187 608 217 LIBER
636 188 661 216 1.
696 187 753 216 DE
783 187 922 217 REBUS
950 187 1187 218 ECCLESIAE
1215 188 1542 219 SPIRITUALIBUS
1819 179 1898 220 217

855 394 1088 424 Ani-{cums
1125 396 1155 424 ι.

573 502 632 544 De
664 499 818 556 falsae
851 501 1093 556 reliyionis
1122 499 1440 545 simulatione.

243 623 368 668 1092.
408 624 471 668 Ad
504 623 590 668 hoc
623 622 860 668 doctrinae
883 625 1022 680 caput
1042 622 1163 682 quod
1195 621 1379 678 attinet,
1405 622 1612 668 damnati
1641 627 1750 668 sunt
1781 637 1899 670 sem-

117 720 198 764 per
228 696 285 750 ab
318 704 572 764 Apostolica
616 704 727 748 Sede
761 705 832 748 vel
866 703 968 763 qui:
1027 704 1064 758 1)
1101 703 1157 749 ad
1205 703 1512 750 simulandam
1563 705 1723 750 falsam
1762 704 1898 751 fidem

117 793 248 834 actus
281 793 458 847 ponunt
480 787 578 833 sive
600 786 772 832 directe
795 787 893 832 sive
916 786 1141 832 indirecte
1162 787 1460 845 respicientes
1493 788 1658 832 falsum
1693 789 1895 846 cultum,

121 874 192 919 vel
224 873 299 933 qui
348 874 389 927 Ξ)
426 876 556 918 actus
588 886 727 917 verae
767 870 999 928 religionis
1031 871 1085 915 ad
1119 871 1332 916 eumdem
1378 870 1517 916 finem
1555 871 1628 916 vel
1676 871 1900 918 omittunt

118 957 190 1002 vel
224 958 549 1002 contemnunt.

239 1039 363 1083 1095.
402 1039 460 1082 1⁰.
490 1039 606 1082 Sane
629 1036 928 1095 congregatio
952 1038 1168 1095 Suprema
1205 1040 1247 1082 S.
1273 1041 1325 1082 O.
1356 1038 1367 1060 ²
1403 1037 1688 1083 declaravit:
1729 1056 1748 1077 a
1774 1037 1899 1082 nullo

116 1124 250 1170 modo
281 1123 419 1168 licere
452 1120 714 1166 christianis
747 1120 1000 1175 catholicis,
1032 1135 1180 1179 neque
1213 1102 1303 1166 ulla
1337 1135 1473 1167 causa
1497 1126 1578 1167 aut
1602 1121 1779 1166 motivo
1803 1135 1900 1178 per-

115 1207 236 1253 mitti
269 1211 350 1251 ant
381 1204 564 1249 tolerari
600 1217 746 1261 posse,
783 1207 833 1248 ut
865 1217 1049 1261 operam
1090 1217 1220 1248 suam
1261 1208 1438 1249 navent
1485 1204 1797 1260 aedificandis,
1833 1205 1899 1249 in-

116 1288 374 1335 staurandis
410 1286 734 1346 verrendisque
768 1286 952 1345 templis
985 1286 1083 1331 falsi
1122 1286 1343 1342 numinis,
1370 1288 1443 1331 vel
1468 1288 1735 1333 auctoribus
1768 1288 1899 1333 falsa-

117 1387 218 1418 rum
252 1376 482 1417 sectarum
507 1370 522 1393 ‘²
555 1370 733 1424 dicatis,
770 1374 850 1414 aut
881 1370 1149 1414 eorumdem
1187 1370 1431 1428 purgandis
1465 1371 1714 1428 parietibus
1746 1376 1793 1415 et
1826 1386 1900 1430 pa·

116 1455 353 1510 vimentis,
390 1453 668 1499 mundandis
700 1452 935 1507 altaribus,
973 1453 1231 1511 aperiendis
1263 1453 1621 1513 claudendisque
1659 1454 1832 1500 foribus
1857 1474 1895 1500 n.

240 1539 366 1583 1094.
418 1537 573 1590 Quoad
609 1550 719 1580 vero
768 1535 1105 1580 haereticorum
1153 1538 1347 1594 templa,
1389 1538 1618 1595 proposito
1661 1538 1798 1582 dubio
1840 1552 1899 1582 an

121 1623 392 1682 permissum
427 1622 486 1666 sit
519 1635 571 1665 ea
604 1619 860 1674 aedificare,
897 1622 1060 1677 Congr.
1097 1622 1136 1664 S.
1172 1623 1224 1664 O.
1253 1620 1266 1642 ³
1304 1621 1561 1680 respondit:
1611 1641 1630 1661 a
1659 1624 1759 1666 Non
1802 1635 1900 1666 esse

120 1705 212 1765 (qui
246 1704 289 1749 id
322 1705 480 1761 agunt)
518 1703 872 1762 inquietandos,
908 1703 1157 1748 dummodo
1201 1717 1293 1748 non
1327 1704 1445 1748 adsit
1484 1705 1779 1759 scandalum,
1816 1719 1901 1749 nec

115 1789 196 1833 fiat
227 1788 273 1832 in
308 1791 628 1845 contemptum
664 1785 910 1844 religionis.
957 1789 1093 1831 Curet
1125 1791 1279 1832 autem
1318 1788 1565 1847 Episcopus
1598 1794 1649 1833 ut
1683 1804 1761 1846 per
1798 1789 1900 1836 Mis-

115 1871 338 1917 sionarios
371 1874 416 1915 et
447 1870 756 1916 Confessarios
802 1874 1059 1929 opportune
1108 1871 1399 1915 instruantur
1445 1872 1629 1930 quando
1662 1886 1685 1916 a
1722 1872 1900 1930 propria

116 1955 387 2015 praestanda
410 1968 546 2013 opera
572 1954 616 1999 in
643 1953 978 1999 baereticorum
1004 1953 1207 1999 ecclesiis
1234 1968 1311 1999 seu
1342 1956 1584 2013 synagogis
1608 1955 1902 2000 aedificandis

115 2052 162 2083 se
185 2037 416 2083 abstinere
440 2037 652 2082 debeant.
690 2040 924 2081 'tenentur
956 2036 1131 2082 scilicet
1152 2037 1209 2081 ab
1232 2051 1367 2095 opere
1390 2051 1438 2082 se
1461 2037 1718 2083 abstinere:
1759 2039 1796 2095 1)
1826 2038 1901 2083 ubi

115 2122 374 2168 huiusmodi
410 2135 523 2179 opus
555 2120 867 2166 communiter
899 2121 1124 2166 habeatur
1156 2136 1236 2181 pro
1270 2122 1399 2180 signo
1424 2123 1725 2181 protestativo
1761 2124 1900 2169 falsae

118 2204 372 2262 religionis3
418 2205 459 2260 2)
498 2205 570 2248 vel
603 2202 771 2263 aliquid
807 2203 852 2248 in
888 2203 984 2262 ipso
1016 2205 1338 2260 contineatur,
1374 2205 1493 2264 quod
1537 2220 1616 2264 per
1648 2220 1694 2251 se
1727 2206 1900 2251 directe

115 2302 168 2333 ac
201 2287 335 2333 unice
367 2288 598 2345 exprimat
631 2287 998 2347 reprobationem
1024 2288 1237 2333 catholici
1262 2289 1412 2333 cultus
1445 2294 1490 2334 et
1522 2289 1899 2348 approbationem

116 2370 322 2415 damnati
356 2372 506 2416 cultus
538 2370 902 2428 haereticorum3
940 2373 982 2429 5)
1016 2376 1096 2416 aut
1128 2376 1309 2417 constet
1341 2373 1541 2418 artilices
1573 2374 1823 2418 catholicos
1845 2374 1900 2418 ad

115 2468 227 2512 opus
259 2454 378 2513 adigi
413 2454 486 2499 vel
521 2454 677 2500 vocari
711 2455 768 2499 ab
802 2454 1044 2500 haereticis
1076 2455 1124 2499 in
1158 2459 1476 2514 contemptum
1512 2455 1766 2501 catholicae
1801 2455 1902 2500 reli·

114 2539 278 2597 gionis.
315 2542 527 2584 Ceterum
561 2538 776 2597 quamvis
808 2540 938 2583 extra
974 2538 1056 2583 hos
1089 2552 1221 2584 casus
1254 2538 1541 2598 relinquendi
1576 2540 1669 2584 sint
1702 2539 1747 2584 in
1782 2540 1900 2585 bona

114 2621 218 2677 fide,
255 2635 436 2679 semper
467 2626 625 2666 tamen
662 2621 877 2666 monendi
903 2625 1012 2666 sunt
1035 2635 1092 2666 ne
1115 2621 1454 2667 haereticorum
1489 2622 1632 2667 cultui
1665 2623 1900 2682 cooperari

116 2703 363 2749 intendant
388 2722 426 2748 n.

234 2848 244 2868 ¹
274 2849 439 2885 Decretis
467 2849 549 2885 latis
575 2859 673 2886 anno
702 2849 794 2886 1626
820 2855 856 2886 et
884 2848 987 2886 1669.

234 2920 246 2938 ²
274 2920 428 2957 Videtur
453 2921 515 2958 hic
540 2921 698 2967 intelligi
725 2922 846 2958 cultus
873 2921 1057 2965 Confucii,
1085 2921 1129 2957 de
1156 2931 1229 2967 quo
1261 2921 1418 2957 constit..
1445 2922 1506 2958 Em
1531 2932 1599 2968 quo
1639 2921 1774 2958 Bened.
1815 2922 1901 2958 XIV

118 2990 151 3027 d.
177 2990 211 3027 d.
242 2991 282 3027 11
312 2990 374 3027 iul.
403 2990 505 3027 1742.

235 3061 248 3080 ²
275 3061 319 3098 14
348 3062 487 3099 ianuar.
516 3062 619 3099 1818.
