2176 3386
319 0 542 38 ,πηιί-ᾐ-ἕα
560 0 674 28 mv.
695 0 814 30 'PU-v
828 0 1003 38 “Eat-2⁷:2⁷⁷:
1016 0 1045 23 ΣΙ
1071 17 1074 19 .
1114 0 1132 12 i·
1173 2 1178 9 =
1216 0 1225 2 ‘
1269 0 1288 7 '
1336 3 1346 11 ῖ
1356 0 1365 14 ἶ
1379 11 1382 13 Α
1415 3 1428 14 .-

836 179 965 209 LIBER
995 180 1019 207 1.
1050 179 1108 208 DE
1137 179 1332 209 emmas
1949 171 1981 212 3·

306 284 346 329 4.
390 287 595 329 Potestas
617 284 946 330 iurisdictionis
964 290 1056 331 est:
1096 306 1115 326 α
1146 290 1348 332 Potestas
1365 287 1568 344 publica,
1594 302 1715 347 qaae
1733 291 1974 347 profluens

187 380 244 410 ex
279 372 461 412 natura
503 369 604 424 ipsa
644 367 894 412 sacerdocii
923 382 979 412 ex
1020 367 1146 425 facto
1193 368 1362 413 Christi
1399 371 1612 426 competit
1659 370 1973 415 sacerdotibus

188 450 470 507 evangelicis
502 450 567 494 ad
596 450 805 509 fidelium
840 453 1051 507 reyt'men
1085 457 1126 495 el
1156 452 1545 509 yubernationem
1583 471 1602 491 υ
1643 454 1671 496 ¹.

308 533 349 576 5.
388 535 593 576 Potestas
626 531 955 578 iurisdictionis
987 538 1057 578 est
1090 534 1163 578 vel
1195 535 1466 590 ordinaria,
1506 535 1576 579 vel
1609 536 1841 593 deleyam.
1887 541 1968 597 Q·

189 614 663 677 Qua—mm
686 615 758 660 iila
791 619 862 660 est
893 630 1011 677 quae
1044 617 1264 661 adhaeret
1286 616 1434 662 officio
1456 631 1513 662 ex
1538 618 1650 663 iuris
1672 619 1970 677 dispositione

189 698 348 742 velex
394 712 626 743 canonum
669 698 926 757 disciplina,
980 700 1052 745 vel
1097 700 1352 758 privilegio,
1397 701 1471 745 vel
1515 701 1874 760 praescriptione
1917 717 1969 748 ac

187 783 374 824 nomine
401 783 595 838 proprz'o
627 786 886 826 exercetur.
913 787 1062 836 Quare
1085 784 1175 828 duo
1201 783 1438 841 potestatis
1460 784 1718 829 ordinariae
1741 785 1970 831 elementa

183 869 307 920 sunt,
347 865 573 910 videlicet:
613 866 650 922 1)
689 870 739 909 ut
770 866 914 925 officio
950 873 1035 911 (ιιιι
1067 867 1294 924 diyne'catz·
1320 882 1375 911 ex·
1403 868 1517 925 leyis
1556 869 1852 925 dispositione
1887 871 1969 915 ad·

184 948 392 1004 haereat,
430 953 475 993 et
510 951 551 1005 2)
590 953 639 992 ut
675 952 865 994 nomme
896 952 1088 1007 proprio
1121 953 1409 995 exerceatur.
1447 950 1531 1004 Qui
1565 950 1796 996 ordinaria
1833 953 1970 1010 pollet

186 1031 499 1077 iurisdictione
537 1035 574 1088 1)
613 1033 736 1078 illam
770 1034 981 1092 deiegare
1014 1039 1179 1093 potest,
1218 1035 1279 1079 ita
1315 1034 1438 1079 enim
1476 1036 1648 1081 bonum
1682 1037 1967 1084 subditorum

183 1128 430 1159 commune
462 1115 620 1172 exigit.
658 1117 698 1171 2)
725 1116 900 1160 Citatus
923 1131 947 1161 a
973 1116 1120 1161 iudice
1144 1117 1375 1162 ordinario
1398 1118 1580 1163 etiamsi
1609 1119 1663 1163 de
1688 1118 1848 1164 iudicis
1872 1119 1969 1164 iure

182 1198 375 1253 dubitet,
414 1199 570 1243 venire
608 1203 809 1254 tenetur,
845 1203 891 1243 at
925 1199 961 1243 si
1004 1199 1115 1244 velit
1152 1200 1475 1259 exceptionem
1516 1216 1746 1260 opponere
1786 1204 1909 1248 valet
1934 1206 1963 1248 '-‘.

185 1283 227 1339 5)
253 1281 392 1327 Iudex
416 1281 674 1326 ordinarius
696 1282 835 1326 latam
861 1297 884 1326 a
909 1296 956 1327 se
978 1282 1259 1328 sententiam
1283 1283 1449 1343 exequi
1485 1285 1622 1329 valet.
1658 1286 1701 1343 4)
1725 1286 1968 1333 Ordiuaria

183 1364 436 1410 iurisdictio
483 1371 626 1409 morte
659 1367 949 1410 concedentis
982 1366 1113 1411 haud
1150 1374 1321 1423 cessam
1368 1382 1459 1413 non
1504 1368 1628 1413 enim
1672 1371 1969 1416 concedentis

184 1454 331 1494 morte
363 1449 595 1494 amittitur
627 1449 826 1494 officium
861 1451 933 1494 cui
968 1450 1198 1494 ordinaria
1235 1450 1487 1495 iurisdictio
1521 1452 1701 1497 adnexa
1722 1458 1806 1508 est,
1831 1468 1966 1513 quae-

180 1546 268 1592 que
288 1533 466 1591 proprio
490 1533 679 1578 nomine
702 1538 960 1579 exercetur.
984 1534 1025 1590 5)
1054 1533 1167 1578 luris
1191 1533 1500 1593 praesumptio
1527 1535 1683 1579 favore
1706 1536 1967 1582 ordinariae

181 1615 419 1673 potestatis
454 1615 635 1660 militat.
674 1619 715 1672 6)
754 1616 946 1661 Nonnisi
981 1617 1264 1674 gravissimis
1296 1617 1623 1662 accedentibus
1645 1618 1795 1662 causis
1830 1620 1966 1665 iudex

185 1698 443 1743 ordinarius
475 1704 696 1758 tanquam
731 1704 970 1758 suspectus
1005 1701 1202 1744 recusari
1240 1705 1402 1759 potest.

301 1782 342 1826 6.
383 1785 585 1827 Potestas
616 1783 821 1840 delegata
867 1782 939 1827 illa
993 1788 1062 1828 est
1104 1797 1222 1843 quae
1271 1798 1364 1827 non
1416 1787 1603 1828 nomine
1641 1789 1851 1843 proprio,
1888 1788 1966 1833 sed

184 1868 371 1910 nomine
403 1867 615 1918 alterius,
650 1881 674 1911 a
706 1881 796 1926 quo
828 1867 1078 1925 accipitur,
1114 1873 1371 1914 exercetur.
1417 1873 1620 1914 Potestas
1659 1871 1864 1929 delegata
1899 1877 1967 1917 est

182 1951 254 1995 vel
289 1964 318 1995 (ι
354 1952 456 1994 iure
489 1950 562 1995 vel
596 1951 653 1996 ab
686 1950 888 1996 homine.
925 1953 1002 1997 lna
1035 1951 1204 1996 dicitur
1244 1966 1361 2011 quae
1409 1967 1465 1997 ex
1508 1953 1617 1998 iuris
1669 1954 1965 2012 dispositione

180 2033 328 2078 officio
370 2034 443 2078 vel
488 2033 699 2091 dignitati
734 2034 1024 2090 adnectitur,
1059 2035 1191 2080 sicuti
1239 2040 1439 2093 potestas
1480 2050 1597 2095 quae
1643 2037 1873 2096 Episcopis
1918 2038 1963 2082 in

183 2117 426 2175 Regulares
458 2122 699 2177 exemptos
734 2118 958 2177 competit
991 2118 1056 2162 uti
1092 2119 1379 2176 Apostolicae
1412 2119 1537 2164 Sedis
1569 2120 1787 2178 delegatis
1812 2121 1840 2165 3.
1883 2126 1961 2166 De-

179 2200 324 2258 legata
360 2205 560 2259 potestas
593 2201 663 2245 vel
699 2206 768 2245 est
802 2202 866 2246 ad
902 2203 1304 2247 universalitatem
1337 2216 1611 2258 ecmsarmn,
1651 2204 1721 2248 vei
1757 2204 1822 2249 ad
1851 2219 1963 2261 par-

181 2285 427 2329 ticularem
459 2298 669 2330 causam.
718 2284 795 2329 lna
837 2284 1006 2330 dicitur
1036 2299 1125 2345 qua
1172 2287 1240 2330 vel
1282 2299 1443 2331 omnes
1488 2287 1743 2332 universim
1779 2301 1961 2342 causae,

183 2367 255 2412 vel
286 2369 449 2413 saltem
483 2372 661 2412 certum
696 2381 839 2426 genus
883 2382 1127 2413 causarum
1178 2383 1222 2413 v.
1260 2384 1324 2427 gr.
1370 2370 1675 2426 decimarum,
1727 2372 1962 2415 matrimo-

182 2450 371 2496 nialium
406 2456 494 2496 etc.
530 2451 904 2506 committuntur,
940 2452 1121 2496 etiamsi
1156 2457 1362 2510 tempore
1400 2453 1470 2497 vel
1504 2454 1601 2498 loco
1625 2454 1888 2499 commissio
1915 2454 1962 2497 li·

183 2534 343 2579 mitata
369 2534 522 2591 fuerit3
558 2535 671 2579 haec
704 2548 727 2579 e
752 2540 912 2579 contra
936 2540 1005 2579 est
1026 2550 1115 2594 qua
1141 2550 1232 2580 una
1260 2537 1331 2580 vel
1354 2538 1494 2582 altera
1516 2551 1651 2582 causa
1671 2537 1961 2582 diiudicanda

302 2702 310 2720 ¹
339 2701 412 2738 Cir.
438 2702 602 2738 BeaAam
629 2703 667 2738 in
695 2703 750 2739 ius
777 2703 1090 2748 ecclesiasticum;
1131 2704 1299 2749 Planius,
1327 2705 1379 2741 De
1407 2703 1464 2740 off.
1493 2705 1565 2742 iud.
1594 2705 1669 2740 ord.
1695 2714 1732 2740 n.
1762 2705 1799 2748 13
1838 2704 1965 2740 Rmrr-

178 2782 343 2810 ENs‘ruEL
382 2775 434 2811 tit.
462 2774 506 2810 29
540 2774 602 2811 lib.
630 2775 643 2810 Ι
673 2775 814 2812 Decret.
851 2785 887 2810 n.
914 2775 958 2818 5;
999 2776 1183 2817 LAYniAN,
1212 2776 1277 2812 Th.
1315 2786 1406 2812 mor.
1442 2777 1505 2812 lib.
1540 2777 1570 2819 ¹,
1605 2781 1648 2812 tr.
1675 2775 1714 2819 4,
1740 2785 1771 2811 c.
1798 2775 1839 2818 5,
1867 2785 1903 2811 n.
1931 2776 1961 2819 1;

179 2845 320 2882 D’ANN.
341 2846 367 2888 1,
387 2846 447 2888 71;
468 2865 487 2872 -
506 2846 577 2883 Cir.
593 2847 752 2891 somma,
772 2848 821 2883 De
839 2848 915 2885 iure
930 2848 1079 2893 publico
1098 2848 1352 2885 ecclesiaslico
1374 2849 1434 2884 lib.
1448 2848 1473 2892 l,
1495 2849 1545 2884 tit.
1564 2848 1589 2891 I,
1609 2857 1687 2893 cap.
1708 2847 1734 2891 1,
1752 2852 1817 2883 art.
1835 2846 1867 2887 2,
1890 2851 1903 2887 ξ,
1924 2847 1960 2891 1;

179 2916 320 2960 omn,
349 2918 540 2964 Synopsis,
567 2918 639 2955 hoc
665 2919 789 2956 verbo.

297 2988 309 3006 ’
336 2989 375 3024 L.
402 2989 438 3025 Si
463 2989 543 3035 quis
568 3001 615 3027 εει)
639 2991 757 3027 aliena
782 2991 806 3027 5
831 2991 866 3027 θ’.
893 2993 945 3028 Βθ
973 2992 1122 3029 Iudiciis
1151 2993 1187 3028 in
1214 2992 1370 3038 digesto.

296 3060 308 3079 ³
335 3061 404 3097 Cfr.
431 3061 467 3098 C.
497 3060 553 3097 Ad
578 3062 792 3099 abolendum
817 3067 832 3103 S
859 3063 919 3100 fin.
947 3063 992 3099 de
1018 3063 1165 3100 Haeret.
