2176 3386
558 140 687 169 umen
715 140 759 168 11.
790 115 846 168 DE
876 138 1015 168 REBUS
1044 137 1380 166 TEMPORALIBUS
1410 137 1464 167 Ac
1493 138 1640 167 M1xT1s
1912 127 1994 170 303

329 248 455 293 1296.
495 245 856 292 Extraordinarii
890 244 1120 305 iidemque
1152 247 1414 303 oriyinarii
1436 245 1557 291 modi
1587 246 1699 291 iuris
1723 251 1994 305 patronatus

205 330 473 391 acquirendi
496 330 586 374 duo
609 333 940 374 numerantur:
983 329 1022 386 l)
1047 328 1352 385 privileqium
1381 328 1507 373 Sedis
1531 329 1835 387 Apostolicae,
1860 330 1992 376 cuius

207 415 492 474 plenitudine
517 413 755 473 potestatis
788 417 936 471 potest
958 412 1074 457 citra
1097 412 1237 457 alium
1274 411 1458 457 titulum
1492 412 1565 458 ius
1587 418 1858 470 patronatus
1883 429 1992 460 con—

206 499 352 555 stitui,
387 513 440 544 ac
474 500 515 555 2)
540 500 862 556 praescriptio,
887 511 975 556 qua
1010 495 1184 541 scilicet
1209 510 1300 540 non
1334 496 1556 541 adversus
1578 496 1718 541 alium
1745 502 1992 554 patronum

211 582 303 642 (qui
339 582 499 627 modus
531 584 652 626 esset
683 579 1008 635 transferendi,
1044 593 1137 624 non
1172 578 1484 624 constituendi
1521 579 1632 624 iuris
1681 581 1990 637 patronatus),

207 666 285 711 sed
317 665 538 710 adversus
570 663 811 710 ecclesiam
835 663 1024 707 liberam
1059 676 1139 706 seu
1173 662 1377 706 nondum
1416 666 1724 719 patronatam,
1751 662 1821 707 ius
1844 668 1993 721 patro-

207 753 343 793 natus
375 735 509 792 alicui
543 746 793 801 asseritur,
828 745 992 790 debitis
1039 745 1366 789 accedentibus
1409 745 1782 801 conditionibus,
1819 746 1861 791 id
1895 751 1990 792 est:

207 833 253 886 a)
281 835 329 875 ut
365 831 513 889 plures
538 831 549 852 ¹
586 831 734 874 factae
768 828 941 873 fuerint
974 828 1396 886 praesentationes3
1448 830 1488 886 b)
1523 833 1574 873 ut
1608 834 1789 887 tempus
1834 829 1992 874 decur-

208 915 319 959 rerit
354 912 733 968 immemorabile,
755 912 870 957 idest
893 912 1054 956 saltem
1074 911 1375 970 qnadraginta
1409 925 1639 956 annornm
1661 912 1807 971 quoad
1845 926 1993 970 perso—

207 1010 289 1041 nas
321 997 374 1041 de
410 995 705 1054 usurpatione
741 995 932 1039 minime
981 998 1218 1053 suspectas
1242 994 1273 1038 ².
1325 999 1372 1040 [n
1407 994 1672 1052 potentibus
1703 1000 1860 1039 autem
1897 1010 1992 1054 per·

208 1083 432 1137 petuaque
467 1077 682 1136 praeditis
716 1077 1050 1133 iurisdictione,
1086 1078 1248 1122 saltem
1286 1078 1341 1121 50
1373 1091 1604 1122 annorum
1630 1078 1660 1123 ³.

328 1162 450 1206 1297.
489 1165 679 1205 Restant
711 1161 962 1206 derivativi
1010 1159 1162 1215 modi,
1198 1160 1363 1219 quibus
1395 1160 1570 1205 scilicet
1616 1160 1684 1205 ius
1724 1164 1994 1219 patronatus

206 1243 297 1287 iam
331 1243 653 1297 constitutum,
676 1242 721 1286 in
745 1242 858 1286 alios
892 1243 1185 1297 transfertur,
1210 1243 1331 1287 unde
1355 1243 1438 1287 sub
1461 1243 1599 1288 unico
1623 1243 1811 1288 nomine
1835 1250 1993 1289 trans-

206 1327 395 1371 latt'om's
427 1328 547 1369 iaris
578 1331 861 1382 patronatus
895 1329 1017 1369 recte
1051 1324 1363 1370 continentur.
1409 1328 1524 1370 Sunt
1562 1330 1718 1370 autem
1754 1326 1868 1370 varii
1913 1341 1993 1385 pro

208 1410 334 1453 varia
370 1409 481 1453 iuris
515 1413 784 1465 patronatus
817 1408 982 1466 specie,
1021 1413 1156 1468 prout
1190 1408 1410 1452 nimirum
1446 1408 1505 1453 sit
1539 1410 1611 1453 vel
1647 1410 1783 1463 reale,
1810 1410 1882 1454 vel
1917 1410 1993 1454 he-

208 1492 491 1549 reditarium,
522 1493 591 1536 iel
617 1491 858 1548 familiare,
887 1492 956 1535 x'el
985 1491 1198 1535 mixtum.
1238 1495 1354 1535 Nam
1378 1496 1559 1536 ceterae
1582 1492 1757 1550 species
1782 1497 1993 1551 respectu

210 1577 521 1621 translationis
555 1577 598 1620 in
634 1578 834 1635 aliquam
868 1591 926 1620 ex
963 1576 1205 1634 praedictis
1230 1577 1555 1632 refunduntur,
1591 1576 1667 1621 alii
1690 1581 1847 1622 autem
1882 1582 1991 1622 sunt

206 1674 478 1705 communes
510 1660 701 1717 singulis
733 1660 984 1719 speciebus.

332 1744 455 1788 1298.
497 1748 675 1802 ltaque:
718 1745 753 1800 l)
781 1744 909 1788 reale
944 1744 1012 1787 ius
1047 1748 1316 1801 patronatus
1350 1743 1404 1787 iis
1438 1744 1584 1788 modis
1618 1743 1663 1788 in
1698 1744 1810 1789 alios
1844 1750 1991 1790 trans-

207 1830 382 1883 fertur,
417 1827 581 1886 quibus
616 1841 685 1871 res
718 1826 812 1885 ipsa
846 1827 919 1870 cui
960 1827 1194 1883 inhaeret,
1245 1829 1449 1886 adeoque
1494 1827 1775 1883 donatione,
1812 1828 1989 1886 legato,

206 1910 493 1955 successione
527 1910 819 1965 hereditaria,
859 1910 1142 1965 venditione,
1181 1910 1537 1968 permutatione,
1572 1910 1891 1969 emphyteusi,
1926 1912 1991 1955 lo-

207 1993 405 2048 catione,
442 1996 501 2038 ila
545 1999 698 2039 tamen
745 2000 794 2038 ut
837 1995 1026 2039 materia
1072 1996 1408 2053 praedictorum
1453 1999 1776 2039 contractuum
1820 1995 1879 2038 sit
1922 2007 1992 2038 res

206 2077 279 2122 cui
321 2078 389 2121 ius
432 2082 703 2135 patronatus
744 2079 982 2133 inhaeret,
1021 2079 1168 2137 ipsum
1202 2084 1357 2123 autem
1406 2079 1474 2123 ius
1509 2083 1810 2136 patronatus,
1848 2079 1990 2124 veluti

208 2175 385 2205 merum
420 2161 727 2206 accessorium
780 2162 902 2206 nullo
937 2162 1080 2220 pretio
1114 2163 1444 2217 aestimatum,
1481 2176 1572 2206 una
1616 2177 1721 2207 cum
1757 2177 1809 2207 ea
1846 2168 1990 2206 trans·

208 2245 381 2289 feratur
404 2245 435 2288 ι.
490 2245 614 2289 [nde
662 2245 869 2303 sequitur
903 2260 998 2290 rem
1051 2261 1140 2290 non
1193 2260 1321 2304 posse
1359 2246 1471 2290 citra
1512 2245 1736 2290 simoniae
1770 2246 1988 2290 delictum

207 2329 264 2372 ob
298 2328 365 2372 ius
399 2333 668 2387 patronatus
700 2328 933 2372 adnexum
974 2329 1114 2386 pluris
1154 2329 1289 2373 vendi
1324 2333 1404 2373 aut
1442 2328 1608 2384 locari,
1648 2343 1702 2373 ac
1735 2329 1771 2374 si
1810 2329 1884 2373 illo
1918 2343 1990 2373 ca-

208 2410 375 2454 reret⁵.

330 2494 498 2538 Deinde
532 2495 573 2549 2>
600 2494 941 2539 lteredz'tarz‘wn
978 2496 1254 2539 transfertur
1285 2495 1486 2553 quidem,
1510 2500 1559 2538 ut
1593 2509 1763 2539 nomen
1799 2494 1987 2551 indicat,

207 2577 496 2621 successione
531 2577 823 2634 hereditaria,
859 2579 935 2622 sed
971 2578 1093 2622 hisce
1126 2578 1323 2622 servatis
1356 2578 1550 2635 legibus:
1593 2577 1826 2622 Successio
1860 2579 1988 2622 here-

328 2722 336 2740 ¹
367 2722 445 2758 Hoc
471 2725 527 2757 est
552 2722 679 2758 saltem
705 2722 813 2764 duaa·
842 2722 1124 2757 RfflFFENs'rUEL
1152 2720 1219 2757 loc.
1239 2730 1270 2756 c.
1296 2731 1330 2756 n.
1361 2721 1414 2756 15.

325 2793 337 2811 ²
365 2794 550 2829 FennAnis
578 2793 740 2829 Biblioth.
769 2792 949 2829 Ganom‘ca
975 2793 1087 2829 verbo
1113 2794 1172 2828 ins
1194 2795 1340 2838 patron.
1369 2802 1403 2828 n.
1431 2791 1487 2828 56.

325 2865 338 2884 ³
365 2865 475 2902 Cone.
502 2864 599 2901 Trid.
628 2864 697 2900 loc.
725 2874 767 2908 c.;
797 2865 1076 2901 RfflFFENSTUEL
1106 2865 1174 2901 loc.
1201 2874 1232 2900 c.
1259 2874 1294 2900 n.
1324 2865 1378 2900 14.

326 2935 340 2956 ⁸
368 2938 712 2973 SchAchausssscn
740 2937 774 2972 h.
803 2942 825 2972 t.
854 2940 868 2976 ἐ
894 2936 916 2972 5
943 2946 1008 2973 seu
1036 2946 1135 2973 num.
1166 2936 1231 2972 125
1259 2946 1362 2981 seqq.

326 3007 338 3026 ¹⁵
362 3007 703 3044 ScuMALzonuEBssa
731 3006 800 3044 loc.
828 3017 858 3044 c.
885 3016 919 3043 n.
949 3006 1027 3043 159.
