2176 3386
782 193 913 222 LfflEn
941 194 966 222 1.
1001 194 1057 222 DE
1086 193 1281 223 CLERICIS
1577 208 1581 210 -
1852 185 1929 225 173

143 311 191 352 et
222 301 524 348 Provincialis
555 301 613 346 ad
644 300 776 346 cuius
808 300 1101 346 Provinciam
1137 301 1337 360 pertinet
1369 301 1542 358 Μ13310,
1566 302 1650 347 sibi
1680 303 1930 349 substituat

143 387 431 446 Superiorem
467 385 722 442 regularem
754 385 858 444 qui,
894 384 960 428 uti
1010 384 1172 444 reliqui
1221 383 1462 429 Societatis
1503 372 1793 444 Superiores,
1829 391 1931 445 post

140 468 396 516 triennium
429 472 498 513 est
530 468 794 513 mutandus.
831 467 975 513 Huius
1009 467 1261 525 Superioris
1293 467 1545 512 auctoritas
1578 482 1761 526 prorsus
1804 469 1930 514 nulla

141 560 210 599 est
242 553 391 613 quoad
424 567 476 597 ea
508 566 625 611 quae
660 550 913 610 respiciunt
950 550 1204 596 vicariatus
1239 550 1481 609 Apostolici
1517 551 1723 608 regimen
1773 557 1820 597 et
1853 553 1932 597 ad-

143 637 550 683 ministrationem.
602 635 721 681 Hinc
754 649 870 695 quae
903 635 958 680 ad
992 634 1233 680 Seminarii
1275 639 1323 680 et
1355 635 1469 681 Cleri
1503 636 1756 681 Saecularis
1799 636 1930 681 disci-

143 722 334 781 plinam,
369 721 485 779 quae
518 720 574 764 ad
609 719 879 765 Monialium
912 732 1090 774 curam,
1125 732 1242 777 quae
1274 718 1330 762 ad
1368 717 1672 763 Ecclesiarum
1706 722 1752 762 61
1785 718 1932 763 Sacel-

144 806 290 850 lorum
325 803 606 848 erectionem
639 807 686 846 et
718 802 1140 857 conservationem,
1175 815 1292 861 quae
1326 802 1382 846 ad
1403 801 1582 860 piorum
1605 815 1933 860 quorumcum-

146 901 234 946 que
269 886 591 931 Institutorum
625 886 849 944 regimen,
887 886 997 930 item
1030 899 1147 945 quae
1180 886 1235 930 ad
1268 885 1397 944 quasi
1432 885 1710 943 parochialia
1756 886 1932 944 religio·

144 984 299 1015 sorum
334 970 479 1014 officia
514 971 793 1025 referuntur,
829 983 922 1013 uno
958 969 1114 1024 verbo,
1150 973 1244 1014 tota
1279 969 1550 1027 gubernatio
1573 974 1619 1014 et
1642 970 1933 1015 administra-

145 1053 209 1098 tio
242 1054 500 1098 Vicariatus
531 1053 586 1097 ad
620 1053 766 1097 solum
805 1051 1036 1096 Vicarium
1071 1052 1380 1109 Apostolicum
1417 1051 1659 1110 pertineat.
1723 1052 1936 1111 Superior

145 1141 300 1182 autem
339 1135 572 1194 Regularis
606 1136 770 1180 babeat
802 1149 964 1179 omnes
998 1135 1239 1180 facultates
1273 1136 1318 1179 in
1356 1136 1588 1191 Missione,
1612 1150 1725 1194 quas
1743 1137 1934 1180 Provin-

146 1220 273 1264 cialis
307 1220 353 1264 in
389 1219 630 1264 Provincia
664 1233 743 1263 sua
777 1219 926 1278 quoad
961 1218 1217 1275 religiosam
1253 1219 1398 1263 vitam
1449 1233 1664 1265 exercere
1714 1220 1852 1277 solet,
1891 1225 1936 1264 et

146 1302 360 1363 quamvis
392 1317 416 1347 a
453 1302 713 1361 Praeposito
747 1302 956 1347 Generali
993 1301 1051 1345 sit
1083 1302 1379 1356 constitutus,
1407 1303 1572 1347 babeat
1594 1308 1752 1347 tamen
1787 1302 1831 1347 in
1858 1317 1936 1347 ex-

147 1386 343 1431 ercenda
378 1400 458 1430 sua
492 1387 766 1431 auctoritate
801 1384 1136 1430 provincialem
1172 1385 1236 1429 uti
1273 1386 1560 1444 Superiorem
1598 1386 1932 1431 immediatum.

149 1475 406 1524 Praeterea⁷
442 1470 547 1514 licet
582 1469 627 1513 in
662 1469 716 1513 iis
759 1482 876 1528 quae
918 1468 1207 1526 disciplinam
1251 1468 1508 1526 religiosam
1559 1473 1787 1527 spectant,
1834 1474 1932 1513 tum

150 1566 227 1611 pro
262 1552 681 1597 communitatibus
714 1555 813 1595 tum
850 1565 927 1608 pro
971 1551 1161 1608 singulis
1214 1543 1432 1595 membris
1482 1551 1574 1609 ipse
1627 1552 1936 1596 directionem

150 1634 343 1692 accipiat
377 1649 399 1678 a
435 1648 515 1678 suo
551 1633 843 1689 Proviiiciali,
881 1637 1037 1677 tamen
1074 1633 1214 1676 relate
1247 1633 1302 1676 ad
1351 1632 1710 1676 destinationem
1767 1631 1937 1677 ι’1113310-

153 1720 387 1779 nariornm
422 1719 577 1764 subest
611 1718 792 1763 vicario
826 1718 1101 1776 Apostolico.
1140 1719 1355 1761 Attamen
1391 1717 1497 1776 quia
1531 1717 1744 1775 Superior
1792 1721 1936 1774 Regu-

151 1803 256 1848 laris
289 1803 418 1847 iuxta
454 1817 627 1847 morem
664 1802 904 1847 Societatis
938 1802 1140 1846 rationes
1173 1801 1483 1847 conscientiae
1538 1802 1750 1860 excipere
1805 1804 1936 1857 solet,

150 1903 254 1933 eum
290 1888 498 1932 vicarius
532 1887 818 1945 Apostolicus
851 1886 1034 1945 quando
1087 1885 1420 1930 destinationes
1454 1891 1562 1930 sunt
1616 1887 1854 1931 faciendae
1888 1888 1935 1932 in

151 1971 391 2016 consilium
427 1971 639 2015 adsciscit
663 1971 849 2029 eiusque
886 1969 1050 2014 iudicio
1084 1971 1247 2025 defert,
1284 1970 1328 2013 111
1364 1974 1588 2029 quantum
1626 1971 1721 2015 lieri
1760 1975 1933 2029 potest3

151 2055 364 2115 quamvis
398 2069 538 2113 penes
571 2054 716 2112 ipsum
758 2053 989 2098 vicarium
1025 2053 1333 2111 Apostolicum
1390 2059 1628 2098 remaneat
1662 2054 1753 2112 ipsa
1789 2056 1936 2099 nomi-

157 2139 280 2182 natio
314 2142 360 2182 et
392 2138 575 2183 collatio
609 2137 952 2182 iurisdictionis.
991 2137 1055 2183 Ad
1090 2138 1131 2181 ⁹2.
1172 2139 1407 2193 Neyat‘z've.

239 2225 290 2266 In
323 2221 683 2279 Congregatione
718 2235 830 2265 vero
867 2221 1079 2266 Generali
1134 2221 1288 2270 habita
1337 2221 1409 2265 die
1458 2220 1513 2264 28
1557 2221 1753 2265 ianuarii
1809 2221 1937 2277 1886,

156 2305 395 2363 propositis
427 2305 605 2349 dubiis:
648 2306 686 2361 1)
723 2308 788 2350 An
828 2303 1149 2362 interpretatio
1182 2304 1449 2348 authentica
1484 2303 1580 2348 dari
1604 2304 1791 2348 deberet
1823 2305 1940 2349 deci-

155 2388 358 2433 sionibus
393 2387 494 2432 latis
526 2387 598 2432 die
630 2389 658 2432 4
690 2387 845 2446 aprilis
881 2387 993 2431 1880
1026 2391 1072 2431 et
1109 2392 1337 2446 quatenus
1380 2387 1656 2431 affirmative
1694 2401 1753 2431 an
1792 2387 1939 2431 decla-

156 2471 366 2515 randum.
418 2472 459 2527 2)
498 2474 531 2516 Α
565 2485 654 2530 quo
687 2471 979 2530 dependeant
1013 2469 1288 2515 Missionarii
1330 2472 1428 2515 Soc.
1466 2474 1564 2515 Iesu
1609 2475 1828 2528 tanquam
1874 2484 1939 2514 rc-

156 2553 317 2612 ligiosi,
354 2568 412 2598 an
446 2554 621 2599 36111661
668 2568 692 2598 3
740 2553 981 2612 Superiore
1034 2554 1242 2612 Regulari
1280 2554 1348 2598 vel
1383 2568 1408 2598 a
1444 2555 1623 2598 Vicario
1665 2552 1936 2611 Apostolico.

158 2637 201 2694 5)
235 2636 426 2682 Cuinam
453 2638 520 2681 ius
553 2642 786 2694 competat
820 2637 1097 2682 immutandi
1132 2651 1292 2682 eorum
1316 2636 1663 2682 destinationes.
1699 2638 1741 2693 4)
1772 2639 1838 2680 An
1876 2638 1940 2680 iu-

157 2720 358 2765 risdictio
391 2733 527 2778 super
564 2721 771 2778 Collegiis
811 2722 883 2766 vel
923 2720 1222 2766 Convictibus
1264 2721 1309 2764 in
1354 2734 1515 2764 eorum
1555 2719 1850 2764 missionibus
1883 2719 1938 2764 ad

158 2804 444 2861 Superiorem
479 2805 734 2861 regularem
769 2807 944 2861 spectet
976 2803 1046 2847 vel
1069 2804 1125 2847 ad
1150 2803 1382 2847 vicarium
1408 2802 1734 2861 Apostolicum.
1773 2803 1813 2858 ὅ)
1841 2802 1940 2846 Cui·

159 2899 266 2931 nam
299 2891 474 2945 spectet
506 2886 845 2931 administratio
879 2887 1104 2931 bonorum
1139 2886 1463 2944 temporalium
1498 2886 1606 2943 ipsis
1650 2883 1856 2941 Collegiis
1895 2887 1942 2927 et

159 2969 456 3015 Convictibus
487 2970 822 3028 pertinentium
857 2970 931 3014 vel
965 2968 1267 3014 Missionariis
1303 2982 1361 3013 ex
1406 2967 1755 3026 particularibus
1797 2966 1943 3010 titulis

155 3051 552 3112 provenientium,
588 3052 952 3097 Eminentissimi
989 3057 1141 3097 Patres
1174 3051 1535 3110 responderunt:
1572 3050 1637 3094 Ad
1655 3051 1855 3107 primum
1877 3050 1942 3093 af-
