2176 3386
773 194 903 222 LIBER
931 193 957 221 1.
996 194 1052 222 DE
1080 193 1272 222 CLERICIS
1840 182 1915 226 107

135 299 193 359 gii
226 312 323 345 esse
358 302 410 343 ut
440 299 588 343 solum
621 297 791 356 aliquid
824 296 1046 342 concedat
1067 302 1235 342 contra
1256 299 1332 341 ius
1353 311 1614 354 commune,
1641 312 1749 344 nam
1773 299 1914 345 etiam

138 397 218 442 per
248 382 596 428 concessionem
628 387 821 438 praeter
853 383 924 425 ius
955 381 1029 425 lex
1065 380 1242 439 privata
1277 380 1585 426 constituitur·
1613 382 1642 426 ¹.

258 466 351 510 141.
393 469 456 509 Ex
490 464 625 509 allata
673 463 896 522 privilegii
947 468 1110 508 natura
1161 468 1288 521 patet
1323 464 1507 523 quando
1555 465 1847 524 privilegium
1888 481 1914 512 a

130 547 549 604 dispensationibus
582 545 777 591 differat.
816 546 999 591 Illorum
1025 546 1265 591 sententia
1299 547 1619 605 praetermissa
1653 548 1727 607 qui
1752 548 1914 593 dicunt

131 629 519 688 dispensationem
542 643 727 674 causam
754 629 984 688 requirere
1002 643 1094 674 non
1115 643 1224 674 vero
1245 629 1554 689 privilegium,
1583 631 1703 689 quod
1722 631 1913 675 omnino

130 713 354 757 absonum
396 717 480 768 est,
524 712 771 757 dicendum
815 717 883 756 est
925 712 1314 771 dispensationem
1359 728 1382 757 a
1427 712 1666 772 privilegio
1708 728 1798 773 quo
1838 714 1911 759 lex

134 797 311 855 privata
346 796 644 841 constituitur
675 797 875 852 differre,
910 797 1013 856 quia
1050 797 1339 856 privilegium
1375 802 1443 842 est
1475 798 1722 857 aliquando
1756 814 1835 857 per
1867 813 1913 845 se

131 895 405 938 permanens
439 894 530 925 non
565 886 719 926 autem
755 881 1047 940 dispensatio.
1087 884 1257 926 Verum
1292 882 1355 926 uti
1392 883 1681 940 privilegium
1712 884 1776 929 ad
1805 892 1912 928 tem-

131 979 218 1021 pus
251 965 323 1009 vel
357 964 403 1008 in
438 978 604 1021 genere
637 965 927 1023 privilegium
964 979 1054 1010 non
1100 970 1370 1024 perpetuum
1408 966 1598 1026 ideoque
1638 967 1783 1024 legem
1819 981 1911 1012 non

135 1047 452 1102 constituens,
490 1047 723 1092 reducitur
754 1048 809 1092 ad
850 1048 1267 1107 dispensationem,
1305 1048 1365 1093 ita
1415 1049 1694 1107 dispensatio
1737 1063 1912 1107 perma-

131 1143 246 1174 nens
278 1131 331 1174 ad
369 1130 659 1188 privilegium
696 1136 965 1189 perpetuum
1002 1131 1233 1176 reducitur
1270 1146 1359 1191 quo
1407 1132 1479 1177 lex
1525 1133 1703 1190 privata
1738 1132 1913 1178 induci-

131 1217 219 1257 tur.
257 1218 405 1267 Quare
439 1227 555 1273 quae
588 1215 644 1258 ad
682 1213 1069 1272 dispensationem
1116 1215 1349 1273 pertinent
1394 1216 1682 1261 conditiones
1724 1217 1781 1261 ad
1825 1219 1912 1275 pri-

135 1296 298 1354 vilegia
333 1311 438 1341 cum
474 1297 764 1355 proportione
798 1298 1025 1355 aptandae
1058 1302 1180 1342 sunt.
1222 1302 1334 1342 ltem
1381 1298 1670 1356 privilegium
1709 1312 1734 1342 a
1767 1299 1910 1357 gratia

131 1380 203 1424 vel
236 1380 458 1425 beneticio
491 1381 658 1435 differt,
697 1380 758 1425 ita
793 1386 843 1425 ut
874 1395 1012 1426 omne
1048 1380 1336 1439 privilegium
1372 1382 1515 1439 gratia
1559 1381 1618 1426 sit
1658 1387 1703 1426 et
1743 1382 1910 1427 benefi-

129 1465 270 1520 cium,
308 1478 398 1509 non
438 1479 546 1509 vero
580 1479 603 1509 e
636 1454 869 1509 contrario
904 1464 934 1508 ².

628 1612 645 1655 ᾗ
672 1612 704 1646 2.
742 1633 748 1634 ff
803 1612 861 1647 De
884 1611 1192 1657 p1·i1›ile9i01·um
1219 1611 1407 1647 subiecto.

252 1716 349 1760 142.
391 1715 619 1773 Privilegii
653 1715 910 1760 subiectum
934 1719 1003 1759 est
1028 1716 1099 1760 vel
1124 1730 1316 1774 persona
1339 1717 1603 1768 sinqularts
1630 1717 1699 1761 vel
1722 1719 1912 1761 societas

127 1812 206 1843 seu
240 1799 554 1843 communitas
590 1797 863 1855 imperfecta
887 1798 961 1843 vel
994 1798 1038 1843 in
1063 1813 1230 1857 genere
1251 1814 1455 1857 persona
1479 1801 1673 1845 moralis
1693 1815 1810 1860 quae
1844 1815 1910 1845 re-

127 1882 218 1926 late
252 1881 307 1925 ad
341 1883 567 1939 integram
603 1881 874 1927 societatem
907 1887 958 1926 ut
981 1882 1223 1940 singularis
1248 1897 1440 1942 persona
1466 1883 1574 1928 iuris
1597 1883 1784 1929 fictione
1803 1898 1911 1930 con-

128 1963 353 2009 sideratur
387 1964 417 2008 ².
455 1967 666 2010 Ceterum
701 1978 817 2024 quae
850 1965 972 2010 dicta
1005 1971 1114 2010 sunt
1146 1966 1201 2010 de
1234 1966 1440 2011 subiecto
1474 1966 1637 2011 idoneo
1673 1967 1911 2025 rescripto·

128 2060 229 2091 rum
265 2047 370 2092 data
407 2048 698 2107 proportione
732 2049 1009 2103 recolantur.

546 2184 563 2228 ,ξ
590 2184 622 2219 3.
663 2205 678 2206 ψ
721 2184 780 2220 De
802 2184 1109 2231 privileyiormn
1138 2196 1257 2220 causa
1285 2185 1487 2231 efficiente.

250 2288 348 2332 145.
384 2287 733 2346 Privilegiorum
757 2302 894 2333 causa
919 2288 1120 2333 efficiens
1153 2303 1244 2334 non
1279 2295 1348 2334 est
1381 2289 1467 2334 nisi
1502 2291 1737 2348 leyitimas
1770 2293 1912 2348 Supe-

128 2372 228 2413 rior
255 2383 333 2415 seu
367 2370 585 2429 Princeps
618 2371 665 2416 in
698 2372 917 2417 societate
950 2371 1219 2427 universali⁷
1248 2373 1320 2417 vel
1356 2373 1618 2430 particulari
1651 2373 1910 2433 aliqualiter

126 2458 394 2510 autonoma,
420 2458 536 2500 data
559 2460 718 2500 tamen
738 2458 1056 2513 proportione.
1098 2455 1276 2501 Etenim
1301 2457 1387 2500 iuri
1412 2457 1648 2502 communi
1672 2457 1906 2514 derogare,

133 2537 203 2580 vel
238 2537 306 2581 ius
342 2537 616 2595 particulare
649 2539 947 2595 constituere,
982 2540 1100 2598 quod
1135 2539 1462 2597 obligationem
1495 2540 1542 2584 in
1573 2540 1909 2585 communitate

128 2619 331 2677 inducat,
368 2621 552 2666 nonnisi
585 2622 639 2667 ad
686 2636 952 2681 supremum
993 2623 1111 2668 illius
1151 2623 1385 2668 societatis
1417 2624 1770 2681 gubernatorem
1810 2638 1908 2681 per-

127 2703 275 2749 tinere
298 2710 461 2763 potest.
487 2705 604 2750 Hinc
629 2709 795 2752 Suarez
821 2708 901 2752 has
925 2708 1102 2765 regulas
1124 2708 1343 2766 assignat:
1385 2708 1423 2764 1)
1447 2706 1737 2766 Quicumque
1762 2711 1909 2764 potest

246 2843 252 2860 ¹
284 2843 334 2879 Cf.
363 2844 508 2880 SUAnez
536 2843 557 2879 l.
585 2848 620 2880 et
645 2853 704 2888 op.
731 2853 773 2888 c.;
800 2849 929 2880 contra
954 2845 1127 2890 opinatur
1154 2844 1276 2882 Milon.
1307 2846 1391 2882 [nst.
1421 2845 1441 2881 Ι.
1469 2845 1512 2888 V,
1539 2850 1562 2881 t.
1588 2845 1644 2882 55.
1671 2846 1721 2882 Cf.
1751 2845 1907 2883 D’Amu-

128 2924 222 2950 BALE
249 2914 387 2952 Summ.
414 2915 538 2951 Theol.
567 2926 600 2962 p.
630 2915 686 2951 12.
715 2915 765 2952 De
791 2916 863 2962 leg.
890 2925 924 2953 n.
954 2915 1033 2953 227.

246 2985 257 3004 ²
284 2986 336 3023 Cf.
366 2987 510 3024 SuAnssz
537 2997 596 3033 op.
623 2997 655 3024 c.
685 2987 706 3024 l.
732 2987 765 3032 8,
792 2998 822 3024 c.
849 2987 883 3024 2.

246 3056 259 3076 ³
287 3057 457 3100 MAcaem,
484 3059 574 3094 Inst.
602 3069 661 3105 op.
687 3064 724 3095 et
748 3058 770 3095 1.
798 3060 857 3096 cit.

1226 3028 1241 3073 1
