2176 3386
778 178 908 207 L113ER
938 178 961 206 1.
993 177 1050 206 DE
1078 176 1272 206 CLEmcrs
1563 210 1566 214 ⁴
1864 164 1920 205 63

311 286 356 340 a)
392 283 543 342 excipi
577 282 634 328 ab
666 297 719 328 eo
751 287 903 329 tractu
935 284 1132 329 debeant
1167 282 1596 344 Archiepiscopatus
1628 297 1707 330 seu
1731 285 1917 342 provin-

135 373 249 428 ciae,
283 385 400 431 quac
434 370 553 415 intra
588 369 802 414 eumdem
836 368 1116 413 constitutae
1149 372 1275 423 sunt,
1312 368 1428 413 idest
1460 367 1699 425 provincia
1738 371 1916 412 Raven-

134 455 356 510 natensis,
384 440 661 507 florentina,
699 451 929 506 Senensis,
956 450 1287 504 I'rbinatensis,
1312 436 1545 506 Firmana‚
1580 451 1883 496 Bononiensis
1902 453 1914 476 ¹

133 543 179 583 et
210 536 565 591 Camerinensis‚
600 537 671 580 cui
707 535 881 580 scilicet
917 535 1236 592 Episcopatum
1277 534 1540 579 'I'reiensem
1580 549 1604 579 a
1638 549 1685 580 se
1733 534 1916 579 restitu-

134 626 230 666 tum
275 621 376 665 Pius
421 623 495 664 VII
528 634 651 664 anno
687 619 797 664 1816
830 619 1171 675 suffraganeum
1209 619 1331 663 fecit.

310 705 350 759 b)
387 707 554 749 Contra
596 703 697 747 addi
737 702 1000 761 (improprie
1042 705 1215 758 tamen)
1262 706 1477 759 possunt:
1525 703 1565 758 1)
1603 715 1766 747 omnes
1818 703 1915 761 Epi-

131 792 360 843 scopatus,
386 799 499 845 quos
532 789 572 830 S.
602 786 736 831 Sedes
757 785 838 830 sibi
866 785 1131 830 immediate
1163 784 1382 841 subiecit3
1419 786 1460 840 2)
1488 785 1918 843 Archiepiscopatus

130 870 206 930 qui
242 870 389 915 nullas
422 870 594 915 habent
619 870 841 915 Ecclesias
864 870 1176 928 suffraganeas
1200 871 1231 916 ².

251 958 322 998 III.
353 953 639 1008 Primatialis,
665 968 781 1012 quae
814 954 867 998 ad
896 959 1037 998 totam
1066 954 1239 999 [tallam
1265 955 1534 999 extenditur
1555 957 1584 999 ³.
1624 955 1740 1000 Hinc
1763 957 1916 1014 plures

130 1051 155 1080 a
193 1038 409 1082 RomaniS
443 1037 740 1081 Pontificibus
772 1037 968 1095 scriptae
1002 1037 1295 1095 reperiuntur
1317 1039 1674 1084 constitutiones
1710 1054 1788 1097 pro
1821 1041 1915 1085 sola

132 1119 257 1163 Italia
293 1123 339 1162 et
373 1119 532 1163 insulis
553 1119 885 1164 adiacentibus.

249 1206 321 1247 IV.
363 1203 696 1259 patriarchalis,
722 1218 839 1262 quae
862 1204 1161 1249 Occidentem
1189 1210 1335 1249 totum
1361 1206 1684 1264 complectitur
1708 1207 1738 1251 ·'‘.
1767 1207 1913 1253 Ceteri

129 1287 272 1342 enim,
307 1287 382 1345 qui
421 1288 712 1332 patriarchali
751 1288 936 1332 nomine
973 1290 1018 1333 In
1056 1289 1295 1334 occidente
1329 1290 1479 1334 ornati
1517 1292 1827 1348 reperiuntur,
1863 1295 1915 1336 ut

132 1369 378 1427 Episcopus
411 1373 614 1414 Venetus
647 1376 692 1415 et
734 1371 1109 1429 I'lissipoueusis,
1149 1373 1175 1416 ii
1214 1373 1502 1432 Patriarchae
1544 1373 1745 1419 minores
1785 1378 1910 1430 sunt,

128 1465 322 1510 quorum
361 1452 546 1510 proinde
595 1453 794 1511 (lIgnitas
829 1455 945 1498 iul'ra
998 1455 1352 1499 l‘atriarchalem
1389 1455 1567 1513 proprie
1617 1455 1789 1500 dictam
1823 1460 1912 1500 sta-

133 1535 300 1578 tuenda
334 1541 419 1590 cst,
454 1550 506 1580 ac
542 1537 788 1593 primatiali
825 1539 916 1582 fere
951 1538 1294 1597 aequiparanda

251 1622 341 1662 Has
375 1632 483 1663 vero
515 1624 712 1677 quatuor
746 1620 1011 1680 praecipuas
1034 1621 1127 1665 dixi
1151 1622 1325 1679 species
1356 1622 1642 1680 particularis
1677 1622 1916 1681 potestatis

132 1703 324 1746 Romani
361 1702 607 1758 pontificis,
643 1703 748 1762 quia
785 1704 868 1748 illis
901 1709 1024 1748 recte
1057 1704 1158 1748 addi
1185 1709 1334 1763 potest
1365 1705 1526 1764 quinta
1559 1705 1673 1749 idest
1703 1706 1910 1762 politica,

128 1798 265 1842 quam
300 1799 324 1829 a
361 1785 686 1830 vetustissimis
719 1786 1003 1844 temporibus
1037 1787 1082 1831 in
1117 1788 1252 1832 terris
1289 1792 1521 1832 Romanae
1556 1788 1656 1833 Sedi
1680 1788 1914 1834 attributis

130 1865 247 1910 idem
272 1867 534 1911 exercebat.
573 1867 695 1912 Licet
718 1869 842 1912 enim
871 1874 1034 1913 natura
1067 1883 1147 1913 sua
1172 1884 1223 1913 ea
1249 1884 1339 1915 non
1375 1870 1434 1914 sit
1454 1870 1780 1926 ecclesiastica,
1811 1871 1914 1916 talis

129 1949 430 1995 nibilominus
477 1953 596 1997 facta
636 1958 734 1996 erat
770 1953 814 1996 vi
852 1953 1174 2008 donationum,
1210 1953 1374 2012 quibus
1409 1955 1667 2012 praedictae
1704 1955 1913 2012 regiones

129 2033 355 2077 Ecclesiae
392 2038 622 2079 Romanae
657 2035 864 2080 addictae
888 2037 1073 2080 fuerunt
1100 2051 1191 2081 non
1217 2050 1348 2081 secus
1380 2051 1433 2081 ac
1467 2042 1619 2082 cetera
1644 2037 1761 2082 bona
1794 2052 1911 2096 quae

131 2122 219 2164 Deo
251 2119 477 2164 dicantur.
529 2126 589 2166 De
620 2136 708 2181 qua
742 2122 927 2181 quidem
964 2127 1189 2180 potestate
1224 2124 1310 2168 boc
1345 2125 1577 2168 monuisse
1612 2138 1777 2182 operae
1814 2140 1907 2182 pre-

127 2202 243 2247 tium
277 2207 361 2258 cst,
387 2218 645 2259 erroneam,
682 2210 732 2249 ut
766 2205 1011 2250 minimum
1045 2206 1219 2261 dicam,
1256 2219 1353 2251 csse
1393 2206 1778 2265 propositionem,
1813 2223 1902 2268 qua

127 2300 151 2330 a
187 2287 420 2331 nonnullis
451 2288 684 2344 asseritur,
722 2303 824 2333 eam
858 2303 963 2333 cum
1001 2294 1225 2347 potestate
1258 2290 1479 2348 spirituali
1517 2293 1909 2349 e'nconzpatz'bz'lem

128 2383 251 2427 esse;
298 2371 668 2430 quandoquidem
714 2386 804 2416 non
840 2374 974 2417 modo
1009 2387 1056 2416 re
1090 2378 1135 2416 et
1169 2374 1315 2427 facto,
1354 2387 1515 2418 verum
1551 2374 1690 2418 etiam
1730 2375 1912 2420 disertis

82 2461 86 2464 ’
128 2453 444 2512 expressisque
491 2455 643 2499 verbis
693 2455 886 2500 Romani
938 2456 1180 2501 Pontifices
1222 2471 1275 2502 ac
1318 2457 1587 2515 praesertim
1641 2458 1742 2503 Pius
1776 2462 1830 2502 lx
1864 2463 1911 2502 et

129 2541 215 2581 Leo
249 2541 346 2582 XIII
378 2537 669 2582 declararunt
703 2539 970 2583 earumdem
1007 2543 1285 2596 potestatum
1330 2540 1710 2585 coniunctionem
1745 2555 1906 2598 oppor

128 2622 424 2665 tunissimam
459 2620 550 2665 imo
583 2634 696 2676 esse,
723 2626 773 2665 ut
797 2621 891 2679 ipsa
925 2622 1171 2678 spiritualis
1207 2627 1407 2681 potestas
1431 2624 1608 2668 facilius
1641 2639 1694 2669 ac
1724 2624 1910 2669 liberius

248 2803 256 2822 ¹
286 2804 420 2841 Bened.
448 2805 533 2840 XIV
560 2806 600 2841 cle
627 2807 710 2850 Syn.
738 2806 879 2843 dioeces.
907 2807 969 2843 lib.
997 2807 1028 2849 ⁰2,
1057 2817 1136 2853 cap.
1162 2807 1194 2844 2.

246 2862 258 2880 ⁹
286 2863 353 2899 Cfr.
381 2864 661 2908 dictamconst.
690 2866 904 2912 Redemptor
929 2866 973 2902 24
1001 2867 1078 2902 dcc.
1109 2867 1213 2903 1724.

247 2922 259 2940 ³
288 2922 417 2959 Bened.
446 2924 531 2959 XIV
557 2924 624 2960 loc.
652 2925 710 2962 cit.
738 2934 817 2971 cap.
849 2925 878 2961 1.

245 2979 259 3000 ὅ
285 2982 419 3019 Bened.
446 2983 531 3019 XIV
559 2984 626 3020 loc.
654 2985 732 3028 cit.;
760 2986 897 3021 Davo'ri
926 2986 1043 3022 Instit.
1071 2997 1146 3022 erm.
1176 2986 1196 3021 l.
1227 2986 1257 3028 1,
1286 2987 1337 3022 tit.
1365 2987 1397 3029 5,
1424 2991 1437 3026 Ξ
1464 2987 1520 3031 54,
1547 2991 1635 3023 nota
1661 2987 1692 3023 4.

246 3040 258 3059 ‘⁵
284 3042 422 3078 Devo'ri
453 3041 474 3078 l.
501 3053 532 3078 c.
559 3052 594 3078 n.
622 3043 679 3079 57.
