2176 3386
767 203 898 232 mmm
926 203 951 232 1.
990 202 1048 231 DE
1076 201 1271 231 CLEmms
1836 190 1917 231 233

77 339 93 343 -
126 314 334 360 dularum
369 313 543 359 montis
573 312 772 372 pietatis,
808 315 855 357 et
888 324 1075 357 mensae
1108 309 1450 356 nummulariae
1474 313 1516 355 S.
1534 310 1745 371 ‚Spiritum
1778 311 1914 356 sicuti

127 401 174 442 et
204 397 239 442 si
273 397 355 442 bas
385 396 450 441 sic
482 395 761 450 falsificatas,
797 399 844 440 et
875 394 1092 439 alteratas
1125 393 1434 452 expenderint
1454 394 1485 437 ².

248 481 319 525 51.
355 479 513 534 Quoad
547 478 854 538 punitionem,
893 479 955 535 (et
989 478 1221 536 privative
1243 476 1392 536 quoad
1426 490 1584 521 eorum
1620 476 1913 535 superiores),

129 567 312 623 propter
354 561 664 608 assistentiam
716 560 982 619 praestitam
1030 560 1074 604 in
1120 559 1431 604 celebratione
1483 558 1765 604 matrimonii
1816 560 1915 605 sine

128 647 312 707 praevia
348 646 571 704 Episcopi,
606 645 704 690 sive
739 644 924 703 parochi
958 642 1335 689 contrahentium
1370 642 1557 687 licentia
1581 643 1614 687 ².

248 731 319 775 52.
355 729 510 784 Quoad
547 741 716 773 munus
737 726 1049 781 exorcizandi,
1076 725 1174 770 sive
1199 725 1244 769 in
1280 739 1460 780 eorum,
1481 724 1644 770 sivein
1669 726 1818 770 aliena
1846 740 1916 770 ec-

128 814 280 868 clesia,
316 813 414 858 sive
447 816 596 867 extra,
631 810 730 855 sive
763 810 883 854 intra
918 813 1205 855 conventum
1247 808 1418 867 absque
1466 807 1670 867 Episcopi
1710 808 1914 865 licentia,

128 898 211 943 sub
243 897 402 956 poenis
434 896 492 940 ab
522 895 683 939 eodem
718 893 976 951 infligendis
1000 893 1029 937 ³.

249 981 318 1025 55.
356 978 513 1033 Quoad
547 977 854 1036 punitionem,
891 977 926 1021 si
963 976 1099 1020 libros
1131 976 1185 1019 de
1220 976 1354 1020 rebus
1386 975 1552 1031 sacris,
1589 974 1791 1034 aliosque
1833 976 1916 1019 im—

130 1063 392 1122 presserint,
431 1062 502 1106 vel
538 1060 738 1118 imprimi
775 1059 970 1105 feceriut
992 1060 1091 1104 sine
1116 1058 1306 1104 nomine
1329 1058 1548 1114 auctoris,
1575 1063 1656 1103 aut
1683 1058 1781 1104 illos
1806 1073 1918 1103 ven-

128 1148 295 1202 derint,
334 1148 403 1191 vel
437 1146 554 1204 apud
588 1159 635 1190 se
670 1143 948 1188 retinuerint
982 1143 1151 1202 absque
1187 1125 1415 1202 episcopi,
1456 1147 1503 1187 et
1545 1155 1734 1186 suorum
1787 1155 1916 1201 supe-

130 1231 301 1276 riorum
336 1229 568 1284 examine,
604 1234 650 1273 et
682 1227 1010 1286 approbatione
1031 1228 1061 1271 4.

249 1315 318 1359 54.
356 1313 511 1367 Quoad
541 1311 827 1357 taxationem
855 1311 1036 1355 numeri
1065 1311 1109 1354 in
1138 1309 1431 1354 monasteriis
1451 1309 1721 1354 monialium
1744 1309 1917 1354 eisdem

130 1397 458 1453 subiectarum,
496 1396 752 1441 faciendam
775 1396 802 1441 ⁵.

250 1482 319 1526 55.
342 1480 499 1535 Quoad
517 1480 799 1524 erectionem
821 1493 1048 1524 novorum
1074 1483 1392 1524 conventuum
1416 1483 1511 1522 tam
1534 1477 1758 1532 virorum,
1778 1490 1918 1536 quam

133 1565 378 1609 mulierum
399 1564 431 1609 ⁶.

253 1649 324 1692 56.
360 1647 518 1700 Quoad
553 1647 772 1691 iudicium
807 1647 1048 1690 ferendum
1073 1660 1209 1704 super
1243 1649 1483 1704 praetensa
1515 1644 1725 1689 nullitate
1750 1643 1919 1702 profes-

130 1731 286 1785 sionis,
323 1745 412 1775 una
447 1744 554 1775 cum
588 1744 746 1775 eorum
781 1730 1014 1788 superiore
1049 1729 1178 1774 locali
1218 1735 1454 1788 tamquam
1489 1727 1832 1782 coniudicibus;
1873 1730 1920 1771 et

130 1815 166 1859 si
199 1818 361 1872 agatur
392 1814 446 1858 (le
483 1813 773 1868 monialibus,
810 1827 900 1858 una
938 1827 1042 1858 cum
1088 1812 1320 1871 superiore
1371 1811 1665 1867 monasterii,
1701 1809 1774 1856 cui
1819 1808 1918 1854 uni-

132 1911 316 1943 versum
352 1897 469 1942 illius
503 1897 706 1955 regimen
741 1897 1038 1942 commissum
1073 1898 1191 1941 est⁷.

250 2073 258 2092 ¹
289 2072 412 2110 Consi.
440 2073 577 2110 Urbani
606 2072 690 2109 VIII
719 2073 884 2118 superna
913 2071 954 2107 15
983 2082 1068 2107 nov.
1098 2071 1190 2108 1627
1217 2076 1253 2107 et
1279 2071 1365 2107 Ben.
1395 2070 1481 2106 XIV
1514 2068 1571 2105 Ad
1597 2079 1728 2106 curam
1754 2071 1919 2105 nostram

131 2144 174 2180 51
202 2149 271 2182 oct.
302 2145 403 2181 1756.

249 2215 262 2234 ¹
288 2215 412 2252 Consi.
439 2215 547 2261 Greg.
574 2216 641 2251 XV
668 2215 913 2258 Inscrutabili,
940 2214 963 2250 5
990 2215 1060 2252 feb.
1091 2213 1194 2250 1622.

193 2275 196 2278 ’
247 2287 261 2306 ⁸
290 2288 442 2323 Deci-eto
469 2286 584 2333 Cong.
612 2287 785 2332 Episcop.
811 2290 846 2322 et
876 2287 964 2332 Reg.
991 2285 1038 2322 22
1066 2286 1239 2322 februarii
1269 2285 1362 2322 1625
1380 2291 1416 2322 et
1434 2289 1552 2322 consi.
1571 2285 1658 2321 Ben.
1680 2283 1767 2320 XIV
1788 2285 1919 2331 Maqno

131 2369 212 2395 cum
236 2360 348 2395 animi
372 2359 489 2394 nostri
514 2363 528 2398 ἓ
553 2357 610 2400 54,
639 2358 659 2394 2
688 2358 778 2394 iunii
808 2358 911 2394 1751.

249 2429 263 2448 ⁸
288 2430 394 2467 quta
419 2430 604 2466 decretum
634 2429 788 2466 Concilii
815 2429 1075 2466 Lateranensis
1102 2430 1135 2466 V
1164 2430 1390 2474 innovatum,
1417 2433 1452 2466 et
1479 2429 1740 2465 confirmatum
1767 2437 1788 2464 a
1819 2428 1919 2464 Trid.

133 2501 228 2539 sess.
254 2502 286 2542 4,
315 2503 351 2538 in
377 2502 523 2538 decreto
550 2502 594 2538 de
622 2502 706 2539 edit.
734 2506 768 2537 et
795 2512 863 2538 usu
902 2502 1046 2539 Sacror.
1073 2501 1239 2544 Libror.‚
1266 2506 1301 2538 et
1339 2511 1386 2538 ex
1420 2506 1536 2537 const.
1575 2501 1708 2536 Leonis
1748 2501 1782 2536 X
1819 2499 1921 2536 Inter

131 2573 383 2610 sollicitudines
407 2574 456 2609 IV
484 2574 571 2610 maii
600 2573 691 2610 1515
716 2583 760 2610 ac
786 2573 923 2610 Urban.
949 2572 1037 2609 VIII
1065 2574 1322 2610 Sam-tissimus
1350 2573 1395 2609 18
1420 2578 1512 2619 sept.
1543 2571 1645 2608 1625.

248 2645 261 2665 ⁸
288 2645 394 2682 quta
419 2655 499 2691 cap.
525 2645 589 2690 ΙΙΙ,
616 2645 713 2682 Sess.
742 2645 847 2682 XXV
874 2645 916 2681 de
941 2646 1026 2691 Περ.
1054 2654 1149 2691 quae
1176 2655 1222 2681 ex
1250 2645 1347 2681 decr.
1374 2644 1491 2690 Cong.
1518 2644 1630 2680 Conc.
1661 2643 1775 2680 relato
1801 2652 1823 2679 a
1853 2643 1921 2679 Fa-

132 2724 254 2761 gnano
278 2716 318 2752 in
343 2725 422 2762 cap.
443 2717 486 2753 19
506 2717 623 2753 Grave
647 2718 813 2762 gerimus
839 2717 883 2753 de
913 2716 1015 2754 Offic.
1043 2717 1162 2753 ordin.
1181 2725 1216 2752 n.
1235 2715 1294 2759 52,
1321 2716 1483 2761 pertinet
1508 2716 1554 2752 ad
1572 2716 1791 2761 episcopum
1809 2714 1919 2751 simul

131 2795 214 2823 cum
239 2797 367 2825 eorum
394 2788 598 2834 superiore,
624 2797 670 2824 ex
704 2792 823 2825 const.
851 2788 960 2834 Greg.
987 2788 1074 2824 XIII
1101 2788 1174 2824 Deo
1201 2788 1321 2824 Sacris
1346 2788 1393 2824 50
1418 2787 1585 2823 decemb.
1616 2786 1718 2823 1572.

251 2858 264 2878 ⁸
289 2858 356 2895 Cit.
383 2869 461 2905 cap.
491 2859 564 2902 111,
590 2860 688 2896 Sess.
721 2860 827 2896 XXV
854 2859 976 2902 Trid.‚
1017 2865 1053 2896 et
1089 2863 1207 2896 const.
1243 2858 1357 2896 Clem.
1392 2859 1472 2895 vlu
1506 2859 1685 2902 Quoniam
1719 2858 1766 2894 26
1800 2867 1919 2903 augu-

133 2928 177 2965 sti
204 2929 296 2966 1605
321 2930 430 2977 Greg.
456 2931 526 2967 XV
553 2930 645 2968 Cum
670 2932 765 2968 alias
791 2931 833 2968 17
861 2940 946 2977 aug.
975 2930 1066 2967 1622
1082 2960 1090 2974 ,
1127 2935 1162 2966 et
1195 2930 1334 2967 Urbani
1353 2930 1439 2966 VIII
1470 2931 1657 2966 Romanus
1682 2929 1850 2975 Pontifex
1874 2928 1921 2964 28

136 3001 285 3046 augusti
312 3001 414 3038 1624.
1799 3008 1803 3016 ·’

61 3133 70 3142 0

91 3317 117 3331 ,μ-

21 3344 30 3364 “.

16 3372 30 3386 'i

252 3071 266 3092 ⁷
291 3072 378 3119 Cap.
404 3073 504 3116 XIX,
530 3073 628 3110 Sess.
655 3073 762 3111 XXV
787 3074 830 3110 de
855 3074 956 3121 Req„
982 3079 1019 3111 et
1042 3077 1160 3110 const.
1187 3073 1277 3110 Ben.
1303 3073 1389 3109 XIV
1416 3073 1454 3110 Si
1479 3073 1604 3110 datam
1629 3071 1652 3108 4
1678 3071 1800 3108 martii
1829 3069 1921 3107 1748
