2176 3386
772 180 901 209 Lmen
929 180 957 208 1.
989 181 1046 208 DE
1076 178 1271 208 emmens
1833 168 1914 209 313

133 286 417 333 nelicialibus
450 287 579 332 bonis
611 301 704 332 non
737 286 892 332 solvit.
937 287 1180 344 Regulares
1211 286 1415 331 decimas
1447 287 1636 332 solvunt
1667 300 1725 331 cx
1760 286 1914 332 fundis

131 384 249 430 quae
271 370 399 415 oneri
432 369 689 416 decimandi
724 369 1087 415 subiiciebantur
1117 373 1368 428 antequam
1393 369 1448 414 ad
1469 360 1559 414 eos'
1576 370 1911 428 pervenissent,

134 453 219 498 nisi
254 453 437 512 speciali
474 452 712 511 privilegio
747 453 1027 497 eximantur.

248 537 351 611 Q
388 539 554 581 Contra
588 549 664 580 eos
683 535 758 595 qui
784 535 986 580 decimas
1017 536 1195 580 solvere
1230 535 1486 591 renuerint,
1511 535 1585 580 vel
1617 535 1912 591 subtrahunt,

134 620 206 665 vel
245 619 525 678 impediunt,
555 619 873 664 Tridentinum
913 618 1161 663 concilium
1187 633 1382 677 poenam
1417 618 1916 664 excommunicationis

132 702 389 758 constituit,
426 717 510 748 nec
543 702 807 747 absolvendi
831 707 938 746 sunt
970 701 1054 746 nisi
1081 702 1212 761 plena
1236 703 1356 746 facta
1387 702 1678 746 restitutione
1703 703 1732 746 ¹.
1774 702 1815 747 Si
1841 702 1914 747 de-

132 785 280 830 cimae
313 786 600 843 denegantur
640 785 893 830 decimator
928 784 1021 843 agit
1059 784 1106 829 in
1145 785 1356 843 petitorio
1401 786 1584 830 actione
1617 786 1913 842 confessoria,

132 883 221 929 qua
255 868 460 928 exposcit
491 884 516 914 a
551 869 699 914 iudice
731 868 950 914 declarari
985 869 1067 914 sibi
1103 869 1170 914 ius
1202 868 1461 914 decimandi
1496 872 1741 928 pertinere,
1788 870 1916 922 Quod

133 953 168 997 si
208 952 253 997 in
290 952 560 1011 possessorio
593 956 698 1010 agat
730 953 982 998 remedium
1007 947 1155 997 'habet
1187 952 1507 1011 adipiscendae
1542 954 1613 998 vel
1648 953 1916 998 retinendae

134 1036 429 1095 possessionis
461 1039 502 1080 ff.

251 1205 275 1228 ‘¹’
309 1207 447 1247 Nom.
483 1229 510 1235 -
546 1207 685 1260 Leges
707 1202 867 1247 civiles
889 1216 1005 1261 quae
1039 1202 1242 1260 pluribus
1265 1202 1310 1246 in
1337 1202 1447 1247 locis
1480 1202 1764 1247 decimarum
1800 1202 1916 1246 solu-

134 1286 305 1332 tionem
332 1271 681 1344 fflstogaverunt
703 1301 758 1331 ex
786 1287 965 1331 defectu
995 1286 1322 1331 iurisdictionis
1344 1287 1489 1345 quoad
1516 1287 1706 1331 effectus
1729 1287 1917 1331 canoni·

133 1384 210 1416 cos
234 1371 435 1428 profecto
459 1371 628 1414 nullam
655 1369 750 1414 vim
776 1370 942 1414 habere
970 1370 1014 1413 in
1040 1373 1326 1427 compertum
1353 1375 1437 1425 est,
1463 1370 1596 1415 sicuti
1622 1370 1715 1428 ipsa
1741 1372 1782 1414 S.
1813 1375 1917 1415 Poe-

134 1453 401 1498 nitentiaria
434 1453 614 1511 saepius
645 1453 910 1498 declaravit.
953 1456 1119 1498 Verum
1143 1453 1199 1498 ad
1222 1453 1484 1498 animarum
1519 1455 1691 1498 bonum
1731 1457 1772 1498 S.
1811 1459 1917 1499 Poe-

135 1536 399 1581 nitentiaria
435 1537 534 1581 vult
567 1541 615 1580 ut
638 1536 866 1581 Ordinarii
899 1537 952 1580 ad
988 1536 1368 1595 compositionem
1403 1550 1596 1595 aequam
1621 1536 1917 1581 admitteren—

134 1625 224 1675 tur,
260 1621 414 1680 eisque
447 1627 726 1679 opportunas
758 1620 881 1664 dedit
916 1621 1171 1665 facultates.
1212 1624 1346 1666 Facta
1381 1634 1493 1665 vero
1526 1620 1809 1665 decimarum
1850 1635 1917 1664 re-

133 1704 396 1763 demptione
423 1704 494 1748 vel
518 1705 867 1763 compositione,
905 1704 1132 1762 praetium
1159 1706 1203 1748 in
1232 1708 1347 1759 tuto,
1373 1704 1565 1748 honesto
1593 1717 1645 1748 ac
1679 1703 1918 1748 fructifero

135 1789 465 1834 investimento
498 1789 815 1834 collocandum
856 1795 939 1844 est,
969 1790 1144 1834 fructus
1178 1803 1288 1834 vero
1322 1787 1557 1833 beneficiis
1600 1802 1654 1832 ac
1690 1787 1800 1833 locis
1834 1788 1919 1846 piis

134 1874 421 1932 applicentur
442 1888 558 1933 quae
581 1874 802 1918 damnum
825 1887 950 1931 passa
975 1878 1084 1918 sunt
1103 1874 1132 1918 2.
1167 1873 1426 1919 Declaravit
1445 1876 1485 1917 S.
1507 1876 1551 1917 P.
1577 1873 1762 1918 tolerari
1782 1877 1833 1916 ut
1855 1872 1918 1916 illi

133 1971 327 2017 quorum
353 1957 545 2002 interest
566 1972 590 2001 a
611 1957 841 2002 Gubernio
861 1958 1283 2015 compensationem
1313 1960 1520 2015 peterent
1544 1969 1624 2014 pro
1641 1955 1812 2000 damno
1836 1954 1919 1999 sibi

134 2039 258 2084 illato
292 2039 424 2085 titulo
458 2039 686 2098 legitimae
716 2039 1032 2085 indemnitatis
1056 2040 1085 2084 ³.
1124 2040 1252 2094 Quod
1286 2040 1320 2083 si
1359 2042 1586 2084 l‘arochus
1624 2053 1648 2083 a
1688 2038 1920 2084 Gubernio

134 2129 435 2183 augmentum
458 2138 687 2181 congruae
711 2124 768 2168 ob
791 2123 1057 2182 impeditam
1078 2123 1365 2168 decimarum
1390 2122 1681 2167 exactionem
1701 2121 1917 2176 obtinuit,

139 2208 366 2252 Parochus
414 2206 714 2252 nihilominus
762 2207 1002 2275 persistere
1043 2211 1192 2265 potest
1232 2206 1275 2250 in
1311 2206 1501 2251 decimis
1540 2204 1776 2263 exigendis
1820 2208 1919 2248 tum

134 2291 239 2351 quia
273 2305 389 2351 quae
424 2291 708 2349 recipiuntur
740 2295 849 2335 sunt
883 2292 998 2336 bona
1033 2290 1343 2335 ecclesiastica
1377 2294 1550 2348 erepta,
1578 2294 1675 2332 tum
1709 2288 1917 2348 quialne-

137 2375 250 2419 mini
285 2374 449 2419 iniuria
485 2375 695 2418 infertur.
735 2377 902 2418 Verum
939 2372 1122 2431 parochi
1156 2377 1346 2431 possunt
1378 2372 1460 2417 sibi
1495 2386 1553 2416 ex
1587 2371 1776 2416 decimis
1815 2372 1920 2415 reti-

137 2471 246 2502 nere
268 2457 387 2517 quod
413 2457 723 2502 necessarium
757 2462 826 2502 est
858 2457 913 2501 ad
947 2457 1297 2516 coaequandum
1333 2458 1523 2501 totalem
1556 2456 1751 2501 reditum
1790 2461 1920 2501 Paro-

137 2540 265 2586 chiae
298 2554 386 2599 quo
406 2546 513 2585 ante
536 2539 738 2584 decimas
769 2540 961 2585 abolitas
993 2539 1266 2597 gaudebant.
1309 2540 1536 2584 Parochus
1571 2554 1680 2584 vero
1713 2539 1790 2598 qui
1814 2553 1921 2583 con·

138 2638 247 2681 grua
267 2625 352 2669 900
375 2624 626 2669 libellarum
653 2625 842 2669 honeste
861 2624 1019 2669 vivere
1044 2623 1219 2682 nequit,
1240 2625 1375 2669 debet
1400 2625 1486 2668 hoc
1509 2624 1627 2682 apud
1650 2623 1920 2682 Episcopum

141 2707 328 2765 probare
360 2708 436 2767 qui
471 2707 696 2766 permittit
727 2713 779 2753 ut
810 2721 971 2753 omnes
1003 2708 1206 2753 decimas
1240 2708 1312 2752 vel
1343 2711 1519 2766 partem
1543 2706 1827 2751 decimarum
1854 2721 1920 2750 re·

259 2909 268 2929 ¹
297 2910 393 2947 Trid.
421 2911 517 2948 sess.
544 2911 661 2954 XXV,
688 2921 766 2957 cap.
795 2911 864 2947 XII
891 2911 935 2947 de
962 2912 1039 2948 Res.

257 2981 270 3001 ¹
296 2981 331 3018 S.
355 2981 561 3019 Poenitent.
586 2983 632 3019 ad
657 2983 885 3029 Episcopum
910 2982 1052 3019 Pallien
1077 2981 1124 3018 20
1150 2981 1244 3018 Nov.
1274 2980 1375 3024 1902,
1402 2991 1445 3018 ac
1470 2981 1492 3017 8
1518 2981 1621 3018 Mart.
1651 2980 1754 3017 1898.

260 3051 273 3071 ³
299 3053 334 3089 S.
360 3053 502 3090 Poenit.
528 3052 550 3088 2
576 3053 675 3099 Sept.
703 3053 806 3097 1887,
832 3053 876 3089 10
907 3055 994 3090 Dec.
1023 3053 1126 3090 1860.
