2176 3386
517 202 647 231 mmm
675 202 699 230 1.
730 201 787 230 DE
817 199 955 230 REBus
983 198 1218 228 memsuis
1246 196 1574 227 SPIRITUALIBUS
1861 186 1938 226 271

887 403 1119 435 An'rlcums
1151 404 1207 432 lV.

659 513 724 555 Dc
755 511 1056 555 immunitate
1090 507 1422 552 Ecclesia-rum.

279 643 406 687 1214.
445 640 750 687 Ecclesiarum
790 638 1060 685 immunitas
1107 642 1177 683 est
1224 636 1410 682 libertas
1448 635 1536 681 illis
1574 639 1845 694 competens
1883 637 1941 682 ab

155 726 210 771 iis
241 725 472 780 omnibus,
507 738 624 784 quae
656 722 892 768 sanctitati
926 722 1011 766 loci
1047 720 1240 764 minime
1263 720 1443 764 decent.
1487 722 1584 763 Duo
1618 718 1688 764 ius
1721 718 1939 763 immuni-

154 810 262 855 tatis
286 809 531 867 importat:
573 807 610 862 1)
639 820 696 851 ne
719 805 766 850 in
790 803 994 850 ecclesiis
1018 804 1208 862 profana
1226 806 1551 858 exerceantur,
1578 816 1651 846 ex.
1680 815 1746 859 gr.
1771 801 1939 847 iudicia

153 894 420 948 saecularia,
456 892 705 950 negotiatio
737 893 818 935 aut
850 887 1057 934 venditio
1091 886 1212 945 (initi
1246 890 1403 931 tamen
1439 889 1707 930 contractus
1742 885 1936 941 valent),

153 977 400 1024 conciones
433 975 608 1029 civiles,
646 972 822 1032 publica
857 970 1064 1022 comitia,
1100 974 1362 1014 conventus
1409 967 1701 1025 societatum,
1738 980 1817 1012 seu
1852 968 1940 1012 col-

152 1062 372 1120 legiorum
408 1057 730 1114 saecularium,
766 1055 1003 1111 convivia,
1040 1057 1205 1099 cantus
1238 1052 1398 1098 lascivi
1433 1056 1523 1096 etc.
1543 1069 1552 1109 ;
1590 1052 1631 1108 2)
1659 1064 1717 1096 ne
1745 1051 1942 1096 violetur

151 1144 268 1203 asyli
302 1144 385 1188 ius.
424 1146 524 1186 Iura
545 1145 701 1186 autem
726 1139 840 1197 asyli
875 1142 1008 1183 sunt:
1046 1139 1091 1195 a)
1118 1151 1177 1182 ne
1210 1136 1288 1196 qui
1322 1136 1379 1180 ad
1411 1134 1626 1180 ecclesias
1650 1134 1725 1179 vel
1748 1133 1819 1193 pia
1842 1135 1939 1179 loca

152 1227 441 1284 confugiunt,
478 1225 582 1269 inde
616 1223 797 1269 extrahi
833 1223 875 1268 vi
914 1221 1108 1280 possint3
1145 1221 1184 1277 b)
1212 1233 1272 1264 ne
1294 1219 1369 1264 alii
1403 1218 1734 1277 prohibeantur
1766 1217 1831 1261 eis
1863 1216 1938 1261 de-

153 1314 271 1357 ferre
303 1325 420 1370 quae
456 1309 512 1354 ad
545 1308 691 1353 vitam
725 1310 834 1351 sunt
867 1302 1147 1358 necessaria;
1199 1304 1237 1358 c)
1275 1316 1333 1346 ne
1365 1301 1467 1361 quis
1504 1299 1724 1359 effugium
1770 1299 1840 1344 his
1872 1299 1940 1344 in-

150 1396 392 1441 tercludat.
446 1398 582 1438 Porro
615 1390 976 1436 ecclesiasticum
1020 1387 1202 1445 asylum
1236 1385 1410 1430 violare
1444 1385 1654 1429 iubentes
1697 1387 1778 1429 aut
1825 1396 1938 1427 ausu

152 1478 400 1525 temerario
447 1477 702 1529 violantes,
747 1473 959 1518 incidunt
1006 1471 1102 1529 ipso
1153 1471 1272 1514 facto
1312 1468 1358 1513 in
1401 1467 1936 1514 excommunicationem

156 1570 361 1610 Romano
396 1561 603 1607 Pontifici
639 1562 938 1603 reservatam.
975 1560 1106 1600 Hanc
1141 1568 1252 1599 vero
1285 1567 1529 1598 censuram
1565 1552 1760 1596 incurrit
1782 1551 1858 1611 qui
1893 1553 1939 1595 et

152 1648 198 1693 vi
233 1646 393 1692 fecerit
433 1650 479 1690 et
520 1657 633 1689 ausu
682 1640 951 1696 temerario,
988 1639 1030 1683 id
1065 1642 1134 1682 est
1174 1637 1323 1682 sciens
1365 1636 1590 1695 prudens,
1628 1650 1713 1680 nec
1751 1634 1808 1679 ab
1840 1633 1940 1679 aliis

151 1735 337 1777 coactus
362 1731 391 1774 ².

885 1907 1117 1938 ARTiCULUS
1150 1908 1190 1936 V.

559 2019 623 2059 Dc
653 2017 802 2060 sacris
833 2013 1026 2058 vestibus
1057 2018 1098 2056 ec
1130 2014 1253 2055 vasis
1284 2012 1533 2067 celerisque

673 2098 736 2143 ad
773 2098 1022 2142 Ecclesiam
1054 2094 1408 2152 pertinentibus.

276 2229 402 2273 1215.
441 2231 624 2272 Sacram
674 2224 1001 2283 supellectilem
1051 2223 1343 2267 constituunt
1385 2233 1515 2265 sacra
1563 2219 1835 2264 indumenta
1869 2232 1936 2262 sa-

153 2312 390 2358 cerdotum
425 2316 470 2355 et
503 2309 838 2364 ministrorum,
875 2321 1002 2363 vasa,
1037 2320 1154 2366 quae
1187 2304 1465 2350 adhibentur
1497 2303 1544 2347 in
1577 2317 1624 2347 re
1647 2302 1804 2346 divina
1838 2315 1936 2359 per-

152 2396 326 2454 agenda
351 2396 384 2451 ²,
420 2400 465 2440 et
497 2394 653 2439 omnia
687 2393 905 2439 ecclesiae
938 2392 1267 2437 instrumenta.
1306 2393 1516 2434 lamvero
1539 2388 1626 2433 alia
1650 2403 1707 2432 ex
1731 2388 1785 2431 iis
1807 2401 1936 2432 sacro

152 2478 296 2524 cultui
329 2478 606 2524 addicuntur
638 2491 717 2536 per
748 2475 1164 2530 consecrationem,
1200 2487 1316 2533 qnae
1352 2472 1402 2517 fit
1434 2471 1654 2517 unctione
1677 2469 1793 2516 sacri
1818 2470 1936 2515 chri·

153 2563 342 2620 smatis‚
378 2567 429 2607 ut
459 2567 568 2608 sunt
600 2562 790 2617 calices,
834 2563 1054 2620 patenae,
1090 2572 1344 2616 campanae
1378 2562 1465 2601 ete.
1519 2556 1613 2600 Alia
1661 2554 1937 2600 addicuntur

153 2645 295 2691 cultui
331 2660 408 2704 per
429 2644 817 2699 benedictionem,
842 2648 892 2688 ut
925 2647 1036 2688 sunt
1060 2646 1211 2687 vestes
1234 2655 1407 2697 sacrae,
1433 2639 1597 2699 quibus
1630 2638 1676 2683 in
1711 2637 1935 2683 sacrificio

154 2729 343 2786 utimur,
379 2728 518 2773 lintea
552 2727 709 2772 altaris
740 2731 828 2772 etc.

272 2858 281 2878 ¹
312 2859 346 2896 S.
373 2859 480 2896 UniV.
506 2858 586 2905 Inq.
615 2859 632 2895 1
661 2858 749 2895 febr.
777 2858 880 2895 1871.

271 2931 283 2950 ’
311 2930 556 2968 Contrectatio
582 2931 714 2968 horum
736 2939 908 2967 vasorum
927 2930 1087 2976 permitti
1107 2929 1217 2965 debet
1236 2931 1379 2964 tantum
1405 2926 1548 2964 clericis
1567 2925 1698 2962 saltem
1716 2925 1931 2967 tonsuratis,

151 3012 228 3039 non
254 3011 340 3038 vero
367 3001 482 3044 laicis;
510 3006 547 3039 et
571 3002 741 3048 quamvis
778 3001 901 3038 adsint
939 3001 1107 3042 decreta,
1139 3008 1234 3046 quae
1260 2998 1372 3035 etiam
1398 2997 1588 3034 conversis
1615 2997 1720 3033 laicis
1746 2996 1934 3042 religiosis

152 3078 362 3111 contactum
388 3074 597 3120 prohibent,
623 3079 747 3111 tamen
772 3084 816 3111 ex
844 3073 1112 3110 consuetudine
1140 3071 1368 3108 contrarium
1394 3069 1592 3107 tolleratur.
