2176 3386
188 186 267 227 462
831 198 941 228 PARS
971 200 996 228 1.
1030 199 1087 228 DE
1115 198 1327 228 Pansoms

190 305 309 364 piret
330 303 548 361 officium,
569 304 730 350 Emum
750 306 1063 350 Protectorem
1086 302 1311 360 edocebit,
1331 302 1613 363 rogabitque,
1639 307 1691 348 ut
1712 303 1989 350 necessaria«

190 388 381 434 consilia
412 402 494 447 pro
526 387 692 433 futuris
724 387 1029 434 electionibus
1064 386 1338 446 tempestive
1368 386 1511 432 ineat.

307 472 351 516 7.
386 471 616 517 Canonica
662 472 843 529 expleta
891 471 1142 528 electione,
1189 470 1326 516 Effius
1359 471 1594 516 Protector
1633 483 1736 515 eam
1769 469 1970 530 superio·

190 554 330 600 rissae
363 568 556 600 munere
589 568 670 599 suo
702 554 890 599 obeunti
923 554 1166 613 significet,
1191 557 1243 598 ut
1264 566 1371 598 cum
1404 552 1561 598 electis
1596 553 1810 598 nuntium
1845 553 1970 598 hunc

190 638 522 695 communicet,
556 652 672 698 quae
706 638 824 683 illico
862 639 918 683 ad
951 638 1102 684 locum
1145 652 1254 683 suae
1296 637 1568 683 residentiae
1601 650 1647 682 se
1683 638 1799 682 ferre
1841 641 1971 683 tene·

190 722 379 769 buntur.

310 804 353 850 8.
391 808 520 850 Nova
554 804 848 864 superior-issa
892 805 1131 864 generalis,
1166 806 1233 850 sui
1268 804 1473 850 muneris
1506 804 1787 863 possessione
1818 807 1970 863 capta,

190 887 346 932 literas
378 887 640 946 encyclicas
680 888 894 933 omnibus
936 888 1140 934 Instituti
1182 887 1391 934 domibus
1434 886 1686 947 perscribit,
1720 886 1885 947 quibus
1915 885 1973 931 de

191 983 272 1016 sua
305 975 351 1016 et
383 971 696 1017 assistentium
730 972 955 1017 electione
988 986 1066 1017 eas
1098 971 1498 1017 commonefaciat.

311 1055 352 1098 9.
390 1058 530 1099 Extra
563 1053 810 1099 dioecesim
844 1054 1000 1100 literas
1020 1054 1223 1115 obsequii
1258 1055 1414 1114 plenas
1445 1053 1633 1099 cuilibet
1665 1055 1874 1113 episcopo
1896 1053 1973 1098 da-

193 1136 273 1192 hit,
309 1136 357 1181 in
391 1136 522 1182 cuius
552 1137 749 1182 dioecesi
782 1137 946 1183 domus
979 1141 1060 1182 aut
1092 1137 1303 1183 instituta
1337 1137 1645 1197 reperiuntur.

316 1220 384 1264 10.
420 1219 462 1265 si
496 1220 820 1279 superiorissae
853 1221 1079 1279 generalis
1109 1221 1260 1266 obitus
1291 1221 1493 1277 eveniat,
1528 1226 1776 1282 antequam
1810 1234 1972 1267 sexen-

193 1301 323 1347 nium
357 1317 599 1348 emensum
633 1303 786 1360 fuerit,
811 1318 928 1364 quae
960 1307 1083 1362 prior
1115 1309 1184 1349 est
1216 1304 1338 1350 inter
1367 1305 1634 1350 assistentes
1666 1305 1795 1352 Card.
1823 1308 1972 1350 Prote·

193 1390 368 1431 ctorem
402 1386 646 1432 certiorem
670 1386 824 1442 faciat,
854 1391 904 1431 ut
929 1386 1002 1433 llic
1023 1388 1283 1445 generalem
1319 1388 1539 1434 vicariam
1573 1387 1832 1444 confirmet,
1857 1401 1977 1447 quae

194 1470 397 1516 Instituti
432 1470 638 1528 regimen
671 1484 812 1530 usque
846 1470 901 1515 ad
935 1470 1170 1528 proximas
1202 1471 1450 1516 electiones
1481 1470 1721 1516 sustineat.
