2176 3386
1247 0 1251 3 ·
1272 0 1290 8 ⁸
1423 0 1443 10 ψ
1464 0 1530 22 ''v-0,
1562 0 1574 10 ³
1590 0 1702 28 '‘·.*.·‚·⁸
1716 0 1862 26 solu-qim
1883 14 1892 22 .,
1909 23 1923 34 5
1944 15 1945 19 ,

1660 30 1686 34 ,,
1727 32 1730 33 γ
1930 35 1934 46 ,

228 175 306 215 126
902 192 1012 223 PARS
1041 194 1082 222 11.
1117 195 1174 223 DE
1204 195 1342 225 REBUS

962 399 1194 429 AR‘HCULUS
1227 402 1266 431 V.

491 497 551 540 De
584 498 928 555 impedimentis
959 504 1259 548 Matrimonii
1290 510 1386 548 tum
1421 506 1748 552 dirimentibus

859 589 956 628 tum
998 586 1367 642 impedientibus.

343 708 445 753 867.
484 711 870 769 impedimentum
895 716 1178 761 Matrimonii
1202 722 1271 762 est
1293 719 1598 778 obstaculum,
1624 722 1744 780 quod
1777 722 1884 767 illud
1907 726 2006 769 red-

222 788 289 832 dit
321 788 395 833 vel
430 792 621 836 omnino
654 794 921 839 invalidum
956 796 1029 841 vel
1061 797 1224 843 saltem
1258 800 1490 845 illicitum.
1527 802 1653 847 Unde
1676 802 2005 861 impedimenta

222 871 508 918 Matrimonii
541 879 651 920 sunt
681 876 873 935 duplicis
919 879 1123 936 generis:
1175 881 1262 926 alia
1298 881 1423 927 enim
1472 883 1690 929 dicuntur
1720 885 2001 944 dirimentia,

220 969 337 1014 quae
371 955 520 1015 ipsum
567 963 858 1005 contractum
900 961 1113 1018 irritant,
1149 977 1228 1008 seu
1272 964 1530 1020 impediunt
1576 968 1823 1027 quominus
1857 970 2005 1015 valide

222 1040 419 1095 ineatur,
457 1041 625 1086 tollunt
656 1042 780 1087 enim
815 1044 1100 1091 habilitatem
1135 1050 1458 1107 contrabendi;
1510 1052 1596 1097 alia
1630 1067 1740 1098 vero
1786 1054 2006 1101 dicuntur

221 1125 551 1185 impedimenta
588 1128 902 1187 impedientia,
938 1146 1054 1192 quae
1089 1135 1442 1180 matrimonium
1479 1136 1687 1183 illicitum
1723 1139 1934 1185 reddunt.

339 1209 441 1255 868.
482 1214 617 1256 Porro
662 1213 898 1258 exclusive
947 1216 1124 1273 propria
1168 1222 1214 1261 et
1245 1218 1383 1262 solius
1430 1219 1654 1265 Ecclesiae
1703 1225 1771 1265 est
1804 1227 2006 1280 potestas

220 1293 532 1340 constituendi
574 1294 903 1354 impedimenta
948 1298 1249 1345 matrimonii.
1301 1301 1419 1346 Hinc
1453 1302 1651 1359 practice
1689 1306 1999 1364 consequitur,

222 1376 530 1422 matrimoniis
564 1378 781 1434 fidelium,
811 1380 975 1439 quibus
1009 1383 1184 1427 nullum
1219 1384 1370 1429 obstat
1401 1386 1677 1432 canonicum
1703 1387 2003 1447 impedimen·

218 1464 344 1516 tum,
379 1475 510 1506 suam
543 1463 691 1522 quoad
726 1463 983 1510 maritalem
1019 1480 1191 1511 nexum
1238 1467 1385 1513 inesse
1421 1468 1514 1513 vim
1551 1472 1597 1513 et
1630 1470 1859 1527 valorem,
1894 1486 2001 1531 qua-

220 1544 480 1604 liacumque
513 1546 701 1590 tandem
748 1547 922 1592 fuerint
955 1547 1283 1607 impedimenta
1318 1565 1340 1594 a
1375 1550 1596 1597 saeculari
1635 1556 1884 1610 potestate,
1922 1558 2001 1599 Ec-

218 1629 353 1675 clesia
389 1644 474 1675 nec
507 1631 715 1677 consulta
750 1646 835 1677 nec
869 1633 1106 1690 probante,
1134 1648 1371 1693 perperam
1396 1649 1449 1680 ac
1483 1636 1669 1682 nulliter
1691 1637 1941 1683 constituta
1967 1639 1997 1684 ¹.

218 1715 384 1758 Contra
418 1727 528 1758 vero
563 1714 913 1760 matrimonium
947 1731 1052 1761 cuin
1087 1717 1396 1763 ecclesiastico
1431 1720 1761 1777 impedimento
1802 1724 2001 1766 attenta·

217 1801 334 1853 tum,
371 1798 495 1842 nulla
529 1797 654 1843 civili
689 1800 784 1856 lege
818 1800 1126 1855 cohonestari,
1162 1801 1350 1859 perinde
1382 1816 1435 1848 ac
1468 1804 1503 1847 si
1537 1803 1738 1848 validum
1772 1818 1869 1849 esse
1901 1818 2000 1863 pos-

221 1884 290 1924 set
322 1883 372 1924 ut
406 1884 688 1937 contractus,
714 1881 821 1926 licet
853 1881 1109 1927 invalidum
1133 1889 1253 1929 esset
1276 1889 1326 1928 ut
1348 1887 1713 1931 Sacramentum.
1748 1889 1859 1931 Cum
1889 1901 2000 1931 vero

218 1962 548 2021 impedimenta
573 1964 667 2009 sint
694 1966 766 2010 vel
800 1965 1007 2011 recidant
1040 1964 1084 2011 in
1120 1968 1241 2025 leges
1261 1967 1622 2026 inhabilitantes‚
1650 1969 1749 2015 ideo
1767 1983 1852 2014 nec
1874 1970 1999 2028 igno-

217 2045 385 2102 rantia,
422 2060 509 2092 nec
542 2047 629 2102 viS‚
666 2062 751 2093 nec
786 2053 953 2104 metus,
978 2050 1035 2094 ab
1057 2050 1123 2095 eis
1150 2050 1439 2096 incurrendis
1471 2055 1621 2111 potest
1654 2066 1887 2097 excusare.
1920 2052 2001 2097 His

218 2128 473 2185 generatim
510 2131 785 2187 praemissis,
812 2131 867 2176 de
890 2132 1078 2191 singulis
1110 2133 1453 2192 impedimentis
1486 2135 1688 2179 brexiter
1718 2148 1919 2192 agemus.

976 2359 1181 2401 SECTIO
1213 2361 1243 2401 Ι.

726 2508 781 2536 DE
820 2508 1131 2538 lMPEDIMENTIS
1165 2510 1486 2539 DIRIMENTIBUS.

333 2630 434 2675 869.
484 2631 815 2690 [mpedimenta
862 2632 1125 2678 dirimentia
1175 2634 1309 2679 hodie
1357 2634 1602 2681 existentia
1646 2639 1755 2680 sunt
1794 2635 1999 2693 defectus

213 2727 481 2770 consensus,
518 2715 718 2759 conditio
752 2718 1048 2761 matrimonii
1076 2717 1367 2763 substantiae
1397 2722 1667 2775 contraria,
1702 2732 1860 2775 error,
1889 2733 1994 2763 con·

214 2796 325 2840 ditio
356 2797 537 2841 servilis
568 2800 807 2855 ignorata,
843 2802 911 2843 vis
943 2806 985 2843 et
1015 2806 1180 2856 metus,
1216 2807 1396 2859 raptus,
1430 2801 1800 2857 clandestinitas,
1825 2815 1995 2860 coyna-

215 2881 274 2922 tio
316 2879 414 2925 sive
459 2881 699 2926 naturalis
737 2882 1177 2941 (consanguinitas),
1218 2883 1315 2928 sive
1361 2885 1646 2942 spiritualis,
1673 2883 1788 2942 {sive
1831 2884 1996 2943 lequlis

334 3057 343 3076 ¹
372 3057 410 3095 S.
437 3058 581 3096 Poenit.
611 3059 628 3095 1
656 3060 750 3097 iunii
777 3060 868 3098 1824
894 3071 940 3098 ex
966 3060 1073 3099 Instr.
1101 3062 1188 3109 Sup.
1215 3061 1322 3109 Inqu.
1350 3072 1417 3109 per
1443 3062 1546 3100 Sacr.
1575 3062 1710 3110 Congr.
1736 3063 1846 3101 Cone.
