2176 3386
0 751 11 765 r
0 721 5 730 ⁷
0 672 6 707 '⁷
0 595 10 662 <···t-
0 485 11 585 <ww-v
0 460 4 471 “

839 217 970 246 Linea
998 217 1022 245 1.
1054 217 1110 245 DE
1139 216 1333 245 CLERICIS
1584 253 1589 258 Ι,
1899 206 1978 246 355

319 326 358 383 l)
395 326 452 369 Ut
481 323 682 383 legitima
727 323 992 369 indicantur
1031 323 1323 380 auctoritate,
1359 323 1475 369 idest
1520 339 1547 372 a
1583 328 1788 370 Romano
1822 324 1975 370 Ponti·

198 409 309 456 lice:
345 410 570 469 siquidem
601 408 789 455 Concilii
823 407 1059 455 Generalis
1099 408 1374 453 convocatio
1407 412 1477 453 est
1517 412 1648 452 actus
1687 421 1782 453 sua
1810 414 1975 454 natura

195 491 547 547 ecclesiasticus,
583 491 794 550 idemque
829 491 1066 549 potestatis
1088 504 1328 549 supremae
1351 504 1458 535 cum
1481 491 1536 538 de.
1558 490 1812 548 obligandis
1835 491 1975 537 totius

198 576 425 628 Ecclesiae
462 575 690 634 Episcopis
723 579 897 633 agatur.
937 578 1214 620 Potestatem
1248 579 1403 619 autem
1439 588 1701 633 supremam
1748 588 1867 619 unus
1899 577 1976 620 ha-

195 659 272 704 bet
305 659 350 704 in
388 659 585 704 Ecclesia
623 663 856 704 Romanus
892 658 1117 704 Pontifex.
1156 658 1282 702 Unde
1315 659 1523 717 sequitur

314 747 358 796 a)
407 747 648 801 perperam
700 746 1011 788 protestantes
1057 757 1111 788 ac
1158 743 1470 788 Febronianos
1516 742 1644 787 laicis
1695 742 1976 801 Principibus

195 826 419 871 eiusmodi
452 825 776 871 auctoritatem
810 826 1089 883 asseruisse;
1120 831 1467 884 >argumentum
1516 831 1690 882 autem,
1743 828 1862 886 quod
1915 842 1974 872 ex

198 911 319 954 facto
353 910 552 968 priorum
589 915 692 954 octo
724 910 1031 955 Conciliorum
1065 910 1316 966 deducunt,
1355 910 1660 955 vanissimum
1702 924 1815 956 esse.
1872 915 1974 957 Pec-

196 998 271 1038 cat
302 994 427 1038 enim
460 994 608 1052 quoad
643 995 835 1049 factum,
871 1007 977 1038 cum
1011 998 1187 1038 certum
1223 994 1296 1049 sit,
1324 995 1486 1039 saltem
1511 994 1778 1039 eorumdem
1805 1009 1974 1040 convo-

196 1076 426 1121 cationem
477 1081 789 1121 Romanorum
843 1077 1112 1122 Pontilicum
1161 1091 1348 1122 assensu
1392 1077 1642 1136 legitimam
1694 1079 1859 1134 fuisse,
1910 1079 1975 1123 uti

196 1163 377 1203 constat
409 1159 463 1203 de
495 1163 696 1218 quatuor
727 1159 949 1217 prioribus
982 1175 1038 1204 ex
1072 1161 1263 1205 solemni
1302 1165 1571 1217 Legatorum
1615 1161 1807 1205 Romani
1861 1164 1973 1206 Pon·

196 1242 330 1288 tificis
362 1243 628 1287 testimonio
661 1243 881 1289 adversus
918 1244 1181 1289 Dioscorum
1214 1244 1336 1289 edito
1371 1245 1414 1289 in
1448 1245 1631 1289 actione
1667 1244 1811 1303 prima
1837 1244 1975 1303 ipsius

199 1330 253 1371 lV
286 1327 475 1371 Concilii
509 1329 693 1386 (nempe
726 1328 1142 1386 Chalcedonensis),
1176 1329 1295 1388 quod
1339 1329 1559 1373 nimirum
1609 1328 1868 1373 haereticus
1901 1328 1974 1373 ille

195 1411 450 1455 Concilium
489 1413 582 1466 (seu
618 1412 767 1468 potius
800 1412 1155 1457 conciliabulum
1189 1411 1477 1470 ephesinum)
1514 1412 1684 1471 absque
1740 1417 1974 1458 Romanae

197 1493 321 1538 Sedis
350 1493 623 1539 auctoritate
657 1500 974 1551 convocasset,
1012 1495 1080 1540 his
1116 1489 1265 1539 verbis
1298 1496 1355 1540 ab
1388 1495 1549 1541 iisdem
1584 1496 1742 1553 legatis
1783 1496 1971 1541 nemine

198 1577 458 1634 refragante
501 1578 720 1635 prolatis:
773 1599 792 1618 a
820 1580 947 1632 Quod
995 1593 1231 1638 nunquam
1279 1580 1450 1624 factum
1497 1580 1598 1635 fuit,
1653 1595 1890 1640 nunquam
1924 1581 1975 1625 li-

196 1660 291 1704 cuit
317 1679 354 1704 n.
395 1664 504 1705 ltem
538 1661 592 1705 de
628 1661 785 1706 iisdem
819 1667 1016 1721 quatuor
1047 1662 1275 1718 conciliis,
1321 1663 1467 1722 deque
1515 1663 1690 1708 duobus
1732 1664 1974 1723 insequen-

197 1742 333 1799 tibus,
369 1758 427 1788 ex
462 1745 810 1802 prosphonetico
843 1746 898 1790 ad
935 1750 1260 1804 [mperatorcm
1295 1746 1420 1791 Sexti
1456 1746 1595 1804 ipsius
1627 1747 1813 1792 Concilii
1859 1747 1975 1792 idest

197 1828 690 1888 Constantinopolitani
717 1833 788 1874 Ill.
821 1834 932 1875 [tem
957 1830 1012 1874 de
1035 1844 1114 1875 sex
1150 1830 1308 1875 iisdem
1345 1831 1585 1889 prioribus,
1611 1835 1656 1876 et
1678 1832 1733 1875 de
1759 1832 1971 1889 septimo,

199 1910 419 1970 implicite
442 1912 625 1971 quidem
643 1913 720 1956 sed
739 1912 1023 1970 gravissime,
1050 1928 1108 1958 ex
1131 1913 1314 1959 actione
1336 1919 1467 1959 sexta
1492 1914 1631 1973 ipsius
1654 1915 1842 1973 Septimi
1862 1918 1974 1960 Con-

197 1994 305 2049 cilii,
327 1994 442 2040 idest
459 1995 650 2040 Nicaeni
670 2000 722 2052 11,
749 1996 823 2040 ubi
844 1996 1049 2041 reiicitur
1071 1998 1482 2042 iconomachorum
1508 1997 1869 2043 Conciliabulum
1890 1999 1975 2044 hac

197 2076 252 2121 de
274 2091 428 2133 causa,
459 2099 477 2118 ιι
503 2079 607 2138 quia
633 2094 724 2124 non
750 2079 907 2124 habuit
944 2100 961 2120 α
989 2086 1314 2139 cooperantem
1336 2081 1453 2126 illius
1472 2082 1690 2140 temporis
1711 2086 1875 2139 Papam
1901 2082 1974 2127 vel

201 2179 220 2198 ιι
248 2161 512 2205 Sacerdotes
530 2161 643 2216 eius,
666 2176 814 2221 neque
834 2178 912 2219 per
933 2167 1135 2221 Legatos,
1158 2178 1306 2223 neque
1327 2179 1406 2222 per
1422 2164 1708 2222 encyclicam
1735 2164 1973 2224 epistolam

203 2262 222 2283 α
250 2247 300 2287 ut
324 2245 520 2302 postulat
542 2245 615 2290 lex
638 2245 944 2292 Conciliorum
973 2266 1011 2291 n.
1052 2248 1272 2305 lssxplicite
1306 2253 1459 2293 autem
1496 2248 1551 2293 de
1573 2248 1769 2306 septimo
1792 2263 1850 2292 ex
1878 2247 1974 2306 Epi-

198 2326 311 2371 stola
347 2327 565 2372 Hadriani
602 2333 634 2373 ll
668 2329 723 2373 ad
752 2329 960 2374 Basilium
986 2333 1330 2389 Imperatorem.
1370 2332 1451 2377 Sed
1473 2337 1973 2390 peccatargumentum

199 2410 519 2456 febronianum
554 2412 693 2457 etiam
723 2417 928 2471 respectu
957 2415 1079 2459 iuris.
1107 2419 1217 2460 Cum
1242 2416 1367 2460 enim
1392 2431 1449 2460 ex
1474 2417 1536 2460 rei
1563 2421 1725 2461 natura
1749 2421 1795 2460 et
1817 2415 1974 2460 divina

200 2494 425 2538 Ecclesiae
458 2494 789 2540 constitutione
811 2497 1002 2541 evidens
1024 2497 1098 2553 sit,
1127 2512 1215 2542 non
1244 2512 1371 2556 posse
1393 2498 1592 2543 Concilia
1616 2497 1925 2542 ecclesiastica
1949 2512 1974 2542 a

198 2576 324 2621 laicis
350 2577 633 2636 Principibus
654 2581 918 2636 convocari,
938 2581 1045 2640 quid
1062 2581 1169 2640 quid
1187 2595 1318 2626 secus
1335 2586 1490 2626 actum
1515 2581 1785 2639 reperiatur,
1808 2582 1849 2625 id
1869 2580 1974 2625 iusti

199 2661 466 2720 argumenti·
494 2661 591 2706 loco
623 2675 720 2707 esse
755 2676 847 2708 non
882 2667 1060 2721 potest3
1096 2665 1171 2708 sed
1206 2664 1480 2709 alterutrum
1513 2665 1759 2709 dicendum
1795 2669 1864 2709 est
1895 2669 1976 2710 aut

199 2741 363 2787 iniuria
400 2745 567 2789 factam
602 2758 717 2801 esse,
753 2749 832 2790 aut
864 2749 1248 2792 convocationem
1285 2748 1406 2792 illam
1433 2762 1523 2793 non
1551 2748 1687 2792 fuisse
1713 2749 1971 2805 formalem,

199 2825 276 2869 sed
310 2827 593 2872 materialem
627 2832 763 2887 atque
797 2830 1129 2886 executoriam,
1188 2832 1258 2875 vel
1301 2832 1356 2876 ad
1401 2845 1636 2876 summum
1685 2832 1972 2890 integralem.

199 2912 321 2955 Haec
353 2915 507 2955 autem
542 2911 707 2970 triplici
741 2912 796 2957 de
831 2926 967 2958 causa
1001 2914 1369 2971 permittebatur,
1415 2916 1453 2973 Ἰ)
1501 2920 1550 2959 ut
1597 2916 1787 2975 quaevis
1833 2916 1977 2961 offen-

198 2990 338 3037 sionis
369 2995 549 3039 occasio
580 2994 851 3051 evitaretur,
885 2996 991 3055 quia
1024 3002 1285 3042 conventus
1317 2999 1518 3056 publicos
1551 2999 1670 3057 leges
1701 2999 1861 3044 civiles
1894 3013 1972 3044 ve-
