2176 3386
1356 23 1375 30 e

245 154 333 194 458
904 166 1014 196 PARS
1043 168 1067 196 1.
1099 167 1155 196 DE
1183 159 1395 197 Pensoms

254 271 683 317 Eminentissimum
711 276 1018 318 protectorem
1052 286 1150 318 sese
1183 277 1352 329 vertat,
1379 277 1431 317 ut
1451 272 1546 333 ipse
1579 287 1659 333 pro
1686 287 1767 320 sua
1794 275 2033 334 prudentia

246 355 480 400 consulat.

375 438 440 483 15.
475 437 517 482 Si
551 437 788 497 episcopus
821 438 934 483 nolit
967 443 1018 483 ut
1040 439 1190 498 aliqua
1223 452 1351 484 soror
1383 439 1428 483 in
1463 452 1543 484 sua
1577 439 1772 485 dioecesi
1807 444 2029 497 moretur,

245 520 573 580 superiorissa,
609 521 757 580 quoad
807 522 996 579 poterit,
1033 521 1130 567 eius
1178 527 1288 567 voto
1335 522 1521 583 obsequi
1569 523 1770 579 curabit,
1805 523 2033 584 aliamque

244 604 512 649 substituet.

376 691 442 734 16.
484 689 670 734 Etiamsi
721 689 1044 748 superiorissae
1078 690 1146 735 ius
1178 691 1237 735 sit
1268 704 1608 750 quamcumque
1656 705 1859 737 sororem
1892 692 2031 739 etiam

244 773 349 818 sine
383 772 578 831 episcopi
614 785 840 818 consensu
873 774 1043 818 denno
1075 773 1131 818 ad
1154 773 1295 818 alium
1330 774 1479 819 locum
1515 775 1782 831 transferre,
1805 775 2033 821 nihilomi-

251 871 338 902 nus
387 871 624 916 nunquam
658 857 743 901 hoc
792 856 889 900 iure
924 861 1096 912 utatur,
1134 856 1219 901 nisi
1270 857 1535 912 necessitas,
1571 861 1651 902 aut
1683 857 1832 918 aliqua
1874 858 2033 916 proba-

250 939 352 984 bilis
375 952 510 984 causa
534 939 578 983 id
603 938 926 997 postulaverit:
966 953 1112 997 neque
1146 944 1302 983 tamen
1337 938 1522 984 omittat
1546 954 1624 997 per
1646 939 1800 984 literas
1829 939 2033 1000 obsequii

252 1024 408 1080 plenas
441 1023 525 1067 hac
558 1024 612 1067 de
647 1037 694 1067 re
729 1022 990 1081 episcopum
1024 1023 1227 1068 edocere.

375 1107 442 1150 17.
480 1106 782 1161 Generalissa,
818 1105 973 1150 audito
1006 1106 1319 1151 assistentium
1354 1105 1561 1159 consilio,
1597 1106 1864 1152 facultatem
1899 1107 2034 1151 babet

251 1189 522 1233 nominandi
573 1189 893 1246 superiorissas
936 1188 1099 1233 locales
1133 1188 1177 1232 in
1211 1188 1310 1232 aliis
1351 1188 1577 1244 domibus,
1615 1188 1659 1232 in
1693 1188 1857 1248 quibus
1906 1188 2032 1233 iuxta

244 1271 605 1316 constitutiones
638 1271 801 1316 electio
835 1271 930 1316 lieri
966 1285 1057 1316 non
1094 1275 1240 1327 potest
1271 1272 1369 1316 sive
1401 1271 1458 1316 ob
1481 1285 1675 1329 parvum
1708 1284 1916 1316 sororum
1950 1285 2032 1316 nu-

253 1369 449 1410 merum,
486 1355 583 1399 sive
618 1355 674 1400 ob
706 1355 937 1399 defectum
972 1368 1197 1410 sororum,
1232 1369 1348 1414 quae
1382 1353 1487 1399 huic
1519 1354 1666 1414 officio
1700 1354 1890 1398 idoneae
1921 1353 2028 1398 sint.

251 1443 376 1490 Quae
413 1452 519 1483 vero
568 1438 893 1495 superiorissae
928 1452 1006 1495 per
1053 1437 1328 1482 scrutinium
1364 1437 1410 1481 in
1444 1437 1536 1481 suis
1568 1451 1774 1496 quaeque
1823 1436 2032 1481 domibus

243 1522 421 1566 electae
456 1521 644 1576 fuerint,
673 1526 922 1580 antequam
957 1521 1002 1565 in
1036 1520 1235 1566 officium
1270 1520 1602 1578 ingrediantur,
1628 1519 2030 1564 confirmationem

244 1619 270 1648 a
305 1604 600 1662 superiorissa
634 1603 831 1661 generali
866 1603 1083 1663 consequi
1120 1604 1401 1648 tenebuntur
1424 1603 1454 1647 ¹.

376 1687 438 1732 18.
476 1687 775 1746 Superiorissa
808 1686 1032 1745 generalis
1065 1686 1122 1731 ob
1154 1700 1316 1744 graves
1348 1686 1720 1731 circumstantias
1762 1684 1928 1744 poterit
1959 1698 2032 1730 co·

251 1772 371 1829 piam
406 1773 555 1817 facere
587 1770 896 1829 superiorissis
927 1775 972 1814 et
1005 1770 1447 1828 sub-superiorissis,
1474 1775 1523 1813 ut
1556 1769 1602 1813 in
1637 1769 1785 1814 officio
1817 1782 1898 1813 suo
1933 1783 2030 1827 per-

247 1869 438 1899 manere
474 1859 689 1913 pergant,
726 1858 774 1899 at
800 1868 906 1899 vero
940 1854 1207 1898 facultatem
1233 1854 1351 1898 hanc
1384 1854 1503 1897 ultra
1526 1852 1662 1897 unius
1693 1853 1803 1897 anni
1832 1851 2031 1910 spatium

251 1952 493 1996 prorogare
528 1953 620 1983 non
655 1937 836 1996 poterit.

373 2023 437 2068 ¹19.
474 2022 776 2080 Superiorissa
824 2021 1063 2079 generalis.
1101 2021 1302 2066 adhibito
1350 2020 1665 2066 assistentium
1711 2020 1919 2076 consilio,
1955 2020 2030 2065 ob-

245 2110 470 2166 tentoque
494 2105 745 2152 Cardinalis
772 2106 1043 2151 Protectoris
1075 2119 1320 2161 consensu,
1347 2106 1513 2163 poterit
1546 2105 1797 2163 indulgere,
1824 2109 1875 2149 ut
1905 2104 2031 2164 quid·

249 2189 356 2248 quid
390 2189 510 2234 circa
558 2189 887 2246 supellectilem
937 2188 1060 2233 domi
1094 2193 1140 2233 et
1172 2202 1305 2233 usum
1343 2188 1464 2233 vitae
1510 2187 1833 2247 praescribitur
1865 2202 1889 2232 a
1924 2202 2030 2232 con-

370 2331 378 2350 ¹
409 2331 680 2377 Superiorissae
707 2331 854 2374 locales,
874 2341 969 2376 quae
998 2331 1056 2366 hic
1082 2341 1103 2366 a
1128 2331 1318 2367 sororibus
1344 2325 1594 2377 singularium
1621 2331 1815 2368 domorum
1842 2341 1906 2377 per
1932 2340 2032 2368 scru-

246 2403 366 2440 tinum
393 2403 480 2449 eligi
508 2402 685 2446 innuitur,
713 2403 751 2438 in
776 2402 858 2439 aliis
887 2402 1065 2438 Institutis
1093 2402 1148 2439 vel
1174 2411 1196 2438 a
1222 2401 1395 2448 capitulo,
1422 2412 1487 2439 seu
1515 2402 1673 2438 consilio
1701 2401 1863 2447 generati
1889 2401 2031 2447 eligun-

250 2481 318 2518 tur,
339 2480 375 2512 ut
403 2475 440 2511 in
466 2475 637 2511 Instituto
665 2474 823 2510 filiarum
851 2474 885 2511 S.
906 2475 954 2511 M.
973 2484 994 2510 a
1019 2474 1122 2509 Bono
1149 2474 1310 2510 Pastore.
1339 2473 1469 2509 Utilior
1495 2473 1648 2509 fortasse
1674 2472 1835 2518 putanda
1859 2476 1914 2508 est
1941 2472 2032 2509 haec

244 2547 364 2584 altera
390 2547 494 2590 ratio,
513 2547 661 2592 quando
688 2547 809 2592 agitur
833 2546 876 2581 de
904 2546 1092 2589 institutis,
1112 2545 1148 2580 in
1174 2545 1308 2590 quibus
1336 2554 1484 2581 sorores
1510 2545 1554 2581 de
1582 2554 1656 2581 una
1683 2544 1728 2581 ad
1746 2543 1855 2581 aliam
1882 2544 2031 2581 domum

249 2619 447 2657 transferre
474 2619 577 2655 licet:
606 2627 692 2654 nam
719 2618 917 2655 consilium
944 2617 1115 2664 generale
1147 2616 1202 2652 vel
1221 2616 1450 2662 generalissa
1476 2616 1620 2653 facilius
1640 2621 1686 2652 et
1705 2615 1866 2662 penitius
1892 2624 2032 2660 cogno-

248 2700 351 2727 scere
390 2694 556 2736 possunt,
583 2699 677 2735 quae
704 2690 897 2735 speciatim
924 2698 1070 2726 sorores
1109 2688 1280 2734 regimini
1315 2688 1477 2734 aptiores
1503 2688 1598 2731 sint3
1625 2686 1759 2724 deinde
1798 2695 1943 2723 sorores
1968 2695 2031 2723 ex·

247 2766 397 2797 traneae
424 2760 556 2797 melius
584 2764 682 2797 certe
701 2766 737 2797 et
754 2760 977 2807 obsequium
1000 2759 1308 2797 etauctoritatem
1336 2759 1406 2795 sibi
1434 2759 1647 2796 conciliant.
1673 2758 1750 2795 Nec
1767 2758 1888 2795 obstat
1906 2766 2033 2794 exem-

250 2833 352 2878 plum
370 2842 392 2869 a
411 2833 644 2869 monasteriis
670 2837 840 2869 votorum
867 2832 1088 2869 solemnium
1118 2831 1284 2877 petitum.
1309 2831 1403 2867 Nam
1431 2840 1504 2868 una
1528 2840 1574 2867 ex
1591 2830 1781 2867 sororibus
1807 2829 1858 2866 ibi
1885 2818 2044 2865 moran-³

247 2903 347 2941 tibus
373 2903 583 2940 necessario
611 2903 649 2939 in
666 2903 871 2939 abatissam
898 2902 1126 2939 nominanda
1149 2902 1228 2938 erit.
1261 2901 1394 2947 Aptiuz
1423 2901 1506 2938 facit
1532 2901 1746 2947 exemplum
1771 2900 1819 2937 ab
1838 2899 2032 2937 ordinibus

246 2975 480 3021 regularibus
507 2985 619 3012 sexus
645 2975 840 3012 masculini
867 2975 1031 3017 ductum,
1060 2973 1121 3010 ubi
1147 2974 1341 3010 domorum
1381 2973 1637 3019 religiosarum
1664 2972 1836 3010 fratribus
1861 2970 2034 3018 guardia·-

247 3056 338 3083 num
364 3046 525 3093 eligendi
555 3047 612 3083 iffi
639 3047 791 3082 minime
818 3047 996 3083 inhaeret.
