2176 3386
219 170 298 210 174
861 180 971 209 PARS
999 181 1024 209 1.
1059 180 1116 208 DE
1144 179 1355 209 Pl-:Rsorns

217 289 464 344 firmative,
500 289 556 334 ad
588 289 842 334 secundum
875 293 1105 348 quatenus
1136 293 1244 333 sunt
1277 288 1473 346 religiosi
1506 289 1766 335 subduntur
1787 292 1994 350 Superio-

216 373 340 417 ribus
374 372 655 430 regularibus
687 375 734 416 vi
764 375 856 417 voti
886 372 1015 416 iuxta
1037 370 1399 426 constitutiones
1435 371 1700 417 Societatisz
1736 372 1783 418 in
1817 373 1996 419 casibus

216 471 373 502 veroa
408 457 505 502 iure
539 455 817 501 nominatim
852 455 1096 514 expressis,
1145 459 1192 499 et
1237 454 1493 512 generatim
1540 455 1586 500 in
1621 455 1690 511 iis,
1738 469 1854 515 quae
1897 470 1993 515 spe·

215 546 345 586 ctant
377 556 535 586 curam
570 540 850 595 animarum,
886 543 933 584 et
964 543 1360 584 sacramentorum
1395 539 1865 596 administrationem,
1890 541 1993 586 sub·

213 629 322 670 sunt
355 625 535 670 Vicario
571 623 826 682 Apostolico
848 623 1106 667 obedientia
1138 624 1387 678 canonica,
1423 622 1488 666 uti
1522 622 1614 667 iam
1648 623 1858 668 Clemens
1899 626 1993 668 VIII

213 709 429 764 sancivit,
467 708 510 752 in
550 707 723 752 Indiam
760 707 920 752 missos
943 705 1193 763 religiosos,
1219 706 1266 750 in
1291 706 1679 751 concernentibus
1702 720 1860 751 curam
1894 706 1991 751 ani-

215 806 394 837 marum
427 792 670 837 Ordinario
697 791 782 836 loci
817 791 1018 845 subesse,
1055 789 1100 833 in
1135 789 1322 848 reliquis
1354 803 1465 834 vero
1498 803 1591 834 non
1610 788 1852 834 ordinario
1885 789 1988 845 loci,

213 877 290 921 sed
322 876 415 920 suis
458 874 771 933 Superioribus
810 873 1040 918 subiectos
1081 886 1352 929 remanere3
1388 872 1443 916 ad
1477 873 1553 917 5¹¹¹.
1607 875 1720 916 'rum
1768 872 1823 916 ad
1858 871 1991 916 mini-

212 959 348 1004 steria
389 958 777 1004 Missionariorum
812 971 971 1001 curam
1006 956 1267 1001 animarum
1302 956 1650 1011 concernentia,
1687 960 1785 1000 tum
1826 955 1880 1000 ad
1914 969 1990 1000 cu-

213 1044 354 1086 randa
388 1042 457 1099 pia
495 1042 726 1096 Instituta,
768 1055 884 1100 quae
929 1044 1038 1085 sunt
1070 1039 1116 1084 in
1169 1038 1333 1084 Vicarii
1388 1038 1628 1097 Apostolici
1665 1042 1905 1097 potestate,
1940 1043 1992 1083 ut

213 1124 482 1179 Seminaria,
528 1125 961 1178 Catechnmenatus,
1007 1122 1273 1181 Hospitalia,
1318 1122 1499 1167 scholae
1546 1123 1799 1180 populares,
1845 1121 1992 1166 ethis

211 1207 394 1263 similia,
429 1206 674 1252 destinatio
708 1220 1025 1265 personarum,
1060 1219 1174 1265 quas
1211 1205 1422 1263 Superior
1459 1205 1677 1263 regularis
1711 1208 1987 1263 praesentat,

210 1296 255 1335 et
288 1290 470 1335 collatio
504 1290 832 1334 iurisdictionis
867 1291 1066 1348 pertinet
1098 1289 1154 1333 ad
1190 1288 1423 1334 Vicarium
1457 1288 1764 1347 Apostolicum
1800 1287 1990 1346 ideoque

211 1374 350 1418 ctiam
375 1374 536 1418 harum
564 1386 862 1431 personarum
897 1372 1134 1417 revocatio
1157 1377 1203 1417 et
1229 1372 1469 1417 translatio
1499 1371 1734 1430 pertinent
1765 1371 1819 1415 ad
1863 1370 1990 1416 Vica-

211 1457 328 1501 rium
351 1456 660 1515 Apostolicum
679 1457 797 1500 etad
822 1455 1111 1512 Superiorem
1138 1456 1394 1513 regularem
1418 1455 1547 1499 iuxta
1579 1468 1764 1499 normas
1795 1458 1992 1499 statutas

210 1556 234 1586 a
280 1540 442 1584 Bened.
484 1543 596 1594 XIV,
634 1539 677 1583 in
699 1528 818 1583 Bulla
857 1540 1130 1583 Firmandis
1165 1544 1188 1591 ἓ
1230 1539 1272 1582 ll
1312 1538 1454 1582 idest:
1495 1557 1514 1578 a
1546 1537 1799 1581 Eveniente
1833 1541 1989 1581 autem

210 1637 316 1668 casu
350 1637 438 1682 quo
474 1623 546 1666 x‘el
573 1623 817 1680 Episcopus
851 1622 922 1666 vel
959 1621 1171 1679 Superior
1194 1621 1413 1679 regularis
1435 1620 1633 1679 aliquem
1666 1634 1722 1664 ex
1748 1618 1991 1678 praedictis

212 1706 423 1751 Parocbis
455 1707 512 1751 ab
534 1705 755 1750 exercitio
779 1720 917 1750 curae
940 1706 1292 1760 removendum,
1318 1704 1569 1763 eademque
1594 1703 1870 1762 privandum
1894 1715 1990 1746 esse

210 1790 533 1844 iudicaverint,
559 1789 779 1848 quoniam
805 1788 1065 1833 huiusmodi
1095 1789 1320 1833 Parochus
1342 1787 1441 1833 sine
1466 1786 1650 1845 praevia
1686 1785 1889 1844 Episcopi
1914 1798 1989 1842 ap·

209 1873 494 1931 probatione,
519 1873 574 1916 ad
594 1886 752 1916 curam
773 1872 1036 1917 animarum
1060 1871 1277 1916 accedere
1304 1884 1594 1929 nequaquam
1625 1869 1747 1924 licet,
1774 1867 1988 1927 quamvis

207 1956 299 2001 sint
322 1955 608 2011 amovibiles,
634 1956 892 2000 dubitatum
915 1959 1154 2013 propterea
1182 1955 1283 2010 fuit,
1310 1968 1368 1998 an
1393 1954 1637 2011 Episcopus
1659 1956 1810 2010 posset
1832 1951 1885 1996 ad
1907 1951 1988 1995 hu-

207 2040 398 2084 iusmodi
426 2038 705 2083 remotiones
727 2040 987 2096 procedere,
1009 2038 1107 2083 sine
1133 2039 1383 2095 Superioris
1416 2036 1634 2094 regularis
1668 2048 1912 2089 consensu,
1939 2039 1986 2078 et

207 2137 265 2166 an
300 2121 571 2166 remotionis
604 2134 765 2165 causas
796 2121 945 2165 eidem
979 2120 1222 2175 adducere,
1273 2132 1440 2178 easque
1491 2117 1728 2162 verificare
1779 2117 1982 2172 deberet,

207 2211 305 2250 tum
340 2205 481 2250 etiam
514 2218 573 2248 an
607 2204 825 2261 regularis
859 2203 1071 2262 Superior
1102 2203 1156 2247 ad
1189 2203 1386 2247 similem
1422 2201 1727 2246 remotionem
1761 2204 1806 2245 et
1839 2200 1988 2258 priva-

208 2288 382 2332 tionem
416 2299 497 2330 suo
531 2285 627 2329 iure
660 2285 929 2340 deveniens,
965 2298 1242 2330 consensum
1280 2283 1482 2342 Episcopi
1518 2283 1762 2342 exquirere
1794 2296 1987 2342 suasque

207 2369 369 2428 agendi
405 2368 605 2412 rationes
639 2367 701 2410 illi
735 2371 868 2412 notas
900 2371 1038 2426 atque
1073 2368 1285 2425 probatas
1318 2368 1467 2412 facere
1503 2370 1754 2411 teneretur.
1801 2369 1897 2418 Qua
1931 2366 1986 2410 de

208 2467 272 2508 re,
308 2451 567 2509 supradicta
609 2451 907 2508 Congregatio
955 2450 1142 2496 Concilii
1190 2451 1413 2505 decrevit,
1450 2449 1709 2494 huiusmodi
1763 2448 1988 2493 Parochus

205 2540 301 2580 tam
334 2534 391 2579 ab
427 2534 660 2592 Episcopo,
696 2547 832 2592 quam
868 2548 892 2578 a
927 2534 1165 2590 Superiore
1190 2532 1382 2591 regulari
1405 2546 1549 2591 aeque
1573 2531 1687 2587 iure,
1713 2545 1805 2575 non
1840 2532 1987 2590 requi-

206 2620 293 2664 sito
325 2617 514 2663 alterins
545 2630 789 2672 consensu,
806 2618 862 2661 ab
878 2617 1140 2662 animarum
1165 2631 1273 2661 cura
1299 2615 1526 2661 removeri
1551 2627 1696 2674 posse,
1732 2627 1818 2659 nec
1840 2627 1984 2658 unum

204 2701 336 2747 alteri
369 2713 530 2746 causas
562 2699 715 2745 iudicii
749 2700 816 2744 sui
850 2701 1044 2758 aperire,
1082 2701 1316 2759 multoque
1350 2699 1503 2744 minus
1536 2698 1725 2757 probare
1757 2701 1804 2741 et
1836 2695 1986 2742 verifi-

205 2798 310 2830 care
341 2783 521 2828 debere.
559 2782 605 2826 l‹l
637 2783 755 2842 quod
788 2797 813 2828 a
848 2784 979 2828 nobis
1011 2784 1058 2828 in
1092 2782 1308 2828 omnibus
1340 2782 1618 2841 approbatur
1648 2785 1695 2825 et
1741 2779 1983 2825 confirma-

204 2871 281 2912 tur
301 2885 339 2911 n.
377 2866 442 2911 Ad
473 2867 538 2911 4¹¹¹
571 2866 728 2920 Quoad
753 2866 946 2924 Collegia
969 2871 1017 2911 et
1037 2865 1338 2922 Collegiorum
1362 2865 1546 2910 Scholas
1567 2867 1706 2923 atque
1738 2861 1988 2908 Convictus

205 2949 253 2994 in
285 2949 450 3010 quibus
486 2948 695 3006 Religiosi
728 2948 814 2992 viri
848 2949 1101 2993 secundum
1136 2947 1319 2993 Ordinis
1351 2947 1419 2992 sui
1453 2945 1731 3005 praescripta
1754 2943 1986 2989 iuventuti

324 3093 333 3112 ¹
362 3092 532 3130 Clemens
558 3092 658 3130 VIII.
685 3091 807 3128 Const.
834 3091 884 3129 VI
913 3091 959 3127 id.
985 3100 1070 3127 nov.
1098 3090 1188 3127 1601
1217 3090 1481 3137 Reliyiosorum
1507 3098 1825 3136 quorumcumque.
