2176 3386
812 230 943 259 mni-:n
971 230 996 259 1.
1031 230 1089 259 DE
1118 230 1314 260 cmmcis
1882 221 1960 268 337

162 338 396 382 tinentiae
426 338 624 394 suspicio
656 335 716 381 sit
739 337 770 392 ¹,
805 336 988 381 etiamsi
1021 341 1409 395 consanyuineae
1455 336 1598 382 sint2.
1650 337 1850 383 Clericus
1881 339 1960 397 qui

164 423 333 464 contra
365 433 603 464 sacrorum
638 432 873 470 canonum
907 418 1258 477 dispositionem
1292 433 1401 464 cum
1436 419 1629 465 muliere
1670 419 1726 477 de
1764 406 1960 477 ⁴inconti—

167 501 327 547 nentia
350 507 559 560 suspecta
583 502 834 558 cohabitat,
858 503 1226 547 concubinarius
1250 501 1296 546 in
1321 502 1419 547 iure
1444 503 1779 548 consideratur.
1806 506 1960 549 Caete-

167 599 271 630 rum
300 599 407 630 vere
440 585 634 630 clericus
666 585 1023 630 concubinarius
1055 589 1125 630 est
1155 585 1232 645 qui
1269 599 1469 643 pravum
1504 590 1551 630 et
1583 585 1814 631 habituale
1837 601 1961 632 com-

167 668 394 715 mercium
429 683 534 716 cum
570 683 661 713 una
695 673 775 712 aut
808 668 1012 726 pluribus
1046 667 1329 723 mulieribus,
1368 669 1438 713 vel
1477 669 1693 714 mulieres
1727 674 1963 727 suspectas

164 751 291 796 domi
325 756 406 796 aut
437 750 542 796 alibi
580 751 767 795 retinet.
806 750 1127 795 'tridentinum
1161 750 1418 796 Concilium
1453 752 1563 796 dum
1598 766 1768 810 poenas
1801 758 1962 798 contra

163 834 358 885 clericos
389 834 745 879 concubinarios
777 834 955 889 statuit,
982 847 1060 878 eos
1094 838 1292 894 quatuor
1315 834 1361 878 in
1387 836 1555 879 classes
1589 835 1844 893 distinguit.
1892 840 1962 880 Et·

166 917 296 963 enim
329 918 404 963 alii
436 923 546 963 sunt
583 919 620 975 1)
658 918 733 977 qui
767 918 990 976 beneficia
1029 921 1076 961 et
1115 920 1361 974 pensiones
1405 919 1736 971 ecclesiasticas
1776 919 1960 975 liabent,

163 1001 241 1046 alii
278 1003 319 1056 2)
361 1015 444 1046 nec
477 1002 700 1060 beneficia
737 1015 820 1045 nec
848 1003 1095 1058 pensiones
1125 1001 1372 1057 possident,
1411 1001 1484 1046 alii
1524 1002 1566 1059 5)
1601 1006 1710 1046 sunt
1733 1005 1961 1060 Episcopi,

166 1084 247 1129 alii
281 1086 323 1141 4)
360 1089 470 1129 sunt
497 1084 710 1141 parochi.
748 1084 905 1136 Quoad
941 1084 1112 1142 primos
1146 1083 1472 1129 Tridentinum
1507 1085 1762 1130 Concilium
1802 1086 1966 1130 statuit

168 1173 221 1212 ut
255 1167 481 1226 imprimis
517 1168 817 1225 personaliter
851 1169 1183 1222 moneantur3,
1219 1169 1340 1227 quod
1374 1169 1408 1212 si
1448 1183 1540 1228 non
1566 1168 1844 1227 resipuerint
1866 1172 1965 1227 ipso

166 1250 294 1308 lacto
330 1251 571 1308 privantur
603 1253 743 1295 tertia
774 1257 911 1308 parte
944 1251 1191 1306 fructuum
1225 1251 1563 1296 obventionum
1584 1257 1963 1309 ctproventuum

166 1336 500 1394 beneficiorum
535 1348 589 1379 ac
618 1337 900 1399 pensionum
935 1349 1051 1393 quac
1084 1335 1141 1379 ab
1173 1335 1322 1379 cidem
1350 1336 1685 1394 possideantur,
1706 1351 1824 1395 quae
1847 1338 1965 1381 bona

173 1417 401 1463 Ecclesiae
436 1416 660 1474 fabricae
681 1418 750 1461 vel
781 1419 855 1473 pio
890 1418 983 1461 loco
1022 1418 1275 1462 Ordinarii
1308 1419 1505 1462 arbitrio
1539 1419 1844 1476 adplicantur.
1884 1422 1966 1463 Ve-

173 1514 278 1544 rum
314 1502 569 1545 notandum
603 1506 673 1544 est
710 1503 747 1556 l)
784 1501 903 1559 quod
938 1502 994 1545 ab
1027 1501 1098 1545 liis
1131 1500 1364 1558 fructibus
1401 1502 1707 1559 quotidianae
1750 1503 1966 1547 distribu-

170 1585 318 1627 tiones
350 1586 652 1640 eit-cipiantur
685 1585 725 1639 2)
762 1589 809 1628 el:
842 1583 1029 1641 insuper
1061 1584 1270 1629 criminis
1292 1585 1614 1630 declaratoria
1637 1585 1870 1629 sententia
1897 1599 1965 1628 re-

169 1666 398 1722 quiritur.
440 1669 539 1709 Post
572 1671 729 1710 autem
763 1666 1010 1722 fructuum
1041 1669 1358 1723 privationem
1392 1667 1588 1711 clericus
1610 1667 1967 1713 concubinarius

175 1747 223 1791 in
260 1747 454 1792 crimine
490 1762 792 1806 perseverans
824 1751 995 1792 iterum
1031 1749 1292 1793 monendus
1324 1755 1408 1804 est,
1448 1753 1494 1793 et
1526 1748 1563 1794 si
1598 1764 1690 1794 non
1746 1749 1967 1809 paruerit,

173 1846 231 1884 eo
266 1834 360 1890 ipso
393 1831 578 1889 fructus
610 1846 769 1876 omnes
809 1833 1020 1891 beneficii
1051 1833 1120 1876 vel
1151 1835 1390 1889 pensionis
1438 1832 1483 1876 in
1528 1833 1777 1877 utilitatem
1823 1832 1969 1889 fabri-

172 1928 259 1959 cae
295 1914 521 1959 Ecclesiae
557 1917 628 1959 vel
661 1916 858 1960 alterius
885 1917 957 1971 pii
987 1915 1074 1959 loci
1105 1914 1334 1959 Ordinarii
1377 1914 1566 1959 arbitrio
1615 1915 1804 1960 amittit.
1857 1919 1970 1976 'ifan-

174 1997 282 2042 dem
315 1997 507 2042 clericus
539 1998 898 2043 concubinarius
930 1997 1085 2042 adltuc
1108 2004 1364 2042 contumaoe
1387 1998 1631 2057 benefieiis,
1655 1999 1968 2056 pensionibus,

175 2087 221 2124 et
252 2081 409 2140 officiis
440 2082 754 2126 ecclesiasticis
789 2081 997 2138 privatur
1028 2095 1082 2125 ac
1115 2082 1170 2125 ad
1203 2081 1444 2136 henelicia,
1482 2070 1747 2143 dignitates,
1774 2082 1973 2145 bonores

177 2164 528 2222 consequendos
551 2163 596 2207 in
625 2163 821 2208 Ecclesia
845 2163 1068 2209 instabilis
1090 2164 1382 2208 declaratur.
1429 2167 1663 2209 Postremo
1688 2165 1839 2209 clerici
1864 2179 1971 2209 con-

175 2245 406 2290 cubinarii
438 2249 934 2291 excommunicationis
964 2260 1117 2304 poena
1152 2247 1431 2304 plectuntur.
1489 2249 1650 2301 Quoad
1681 2249 1904 2310 secundos
1937 2248 1973 2293 si

179 2335 282 2390 post:
308 2331 611 2375 monitionem
630 2346 723 2376 non
744 2331 1031 2388 resipiscant,
1053 2333 1187 2375 iuxta
1209 2331 1365 2375 delicti
1386 2332 1663 2390 qualitatem
1681 2335 1969 2389 puniuntur.

183 2416 397 2471 Episcopi
428 2428 533 2458 vero
556 2417 607 2458 in
634 2415 832 2458 Concilio
855 2415 1144 2458 provinciali
1166 2428 1195 2458 a
1215 2414 1572 2473 Metropolitano
1595 2429 1733 2473 eoque
1755 2416 1973 2472 impedito

181 2497 241 2542 ab
275 2498 541 2555 antiquiore
571 2496 881 2555 suffraqaneo
917 2503 1183 2541 monentur.
1224 2502 1326 2541 Post
1348 2503 1504 2542 autem
1541 2499 1847 2543 monitionem
1876 2500 1974 2558 Epi-

181 2593 348 2637 scopus
379 2587 634 2625 contumax
652 2583 763 2638 ’ipso
795 2580 919 2638 facto
951 2595 1201 2638 suspensus
1223 2587 1299 2635 est,
1325 2595 1379 2626 ac
1402 2582 1465 2625 ad
1490 2582 1650 2626 Sedem
1671 2584 1973 2639 ⁴4postolieam

182 2662 352 2707 deferri
376 2663 525 2707 debet.
562 2667 728 2709 Contra
757 2664 941 2709 tandem
962 2664 1225 2722 paroelium
1253 2664 1325 2708 vel
1350 2666 1612 2722 proceditur
1645 2666 1778 2710 sicuti
1813 2673 1975 2712 contra

309 2894 318 2912 ¹
348 2895 435 2931 Can.
465 2894 518 2940 18,
544 2895 709 2931 distinct.
736 2895 794 2930 52.

307 2963 320 2982 ¹
346 2964 398 3000 Cf.
425 2974 506 3010 cap.
534 2964 567 3007 9,
596 2965 650 3000 tit.
681 2965 712 3009 1,
739 2969 773 3000 et
798 2974 881 3010 cap.
910 2965 940 3007 1,
971 2965 1025 3000 tit.
1054 2963 1086 3006 2,
1115 2963 1176 3000 lib.
1204 2963 1224 2998 5
1252 2964 1387 3000 decret.

308 3033 323 3052 ³
350 3034 510 3072 Trident.
537 3045 618 3081 cap.
645 3035 742 3078 xiv,
771 3045 860 3072 sess.
890 3035 1006 3071 XXV.

313 3129 631 3161 Z1TELL1-Somssn1.
1022 3124 1025 3126 ’
1122 3124 1124 3126 ’
1205 3125 1208 3128 ’
1709 3124 1711 3127 ⁴
1814 3128 1856 3159 22
