2176 3386
736 173 867 202 LiBER
895 173 920 201 1.
950 173 1008 201 DE
1037 171 1230 201 eunucis
1797 159 1874 199 143

90 282 200 327 iuris
223 282 254 326 ¹.
291 282 333 338 ὃ)
370 284 421 325 111
454 279 677 338 rescripto
709 279 766 324 ad
798 278 1076 324 beneficium
1109 277 1469 337 subintelligitur
1499 278 1535 324 si
1569 278 1737 337 dignus
1775 278 1872 324 exi-

90 370 197 422 stat,
235 365 304 411 vel
338 364 374 410 si
409 378 502 410 non
534 364 684 408 obstet
714 361 993 408 canonicum
1028 361 1416 423 impedimentum
1443 363 1474 406 ².
1527 363 1570 420 6)
1612 365 1712 407 Non
1747 362 1874 408 valet

90 450 353 508 impetratio
386 448 432 492 in
465 445 656 491 ecclesia
689 448 932 490 numerata
967 458 1059 490 non
1096 445 1215 489 iacta
1248 444 1303 490 de
1337 458 1534 490 numero
1569 444 1807 490 mentione
1836 445 1873 490 si

91 547 171 592 per
202 546 303 577 eam
337 530 564 588 frangitur
598 542 818 574 numerus
850 529 1206 583 canonicorum;
1254 527 1338 572 etsi
1373 541 1467 573 non
1511 528 1751 586 frangatur
1790 543 1873 573 nu-

92 629 246 661 merus
278 614 640 673 praebendarum
666 613 696 657 ⁸.
733 614 775 670 7)
814 617 863 657 ln
899 612 1044 658 literis
1088 611 1346 671 impetratis
1389 612 1446 657 ad
1483 611 1760 657 beneficium
1795 627 1874 657 ex-

90 711 241 756 pressa
277 696 518 742 vacatione
553 710 632 754 per
664 700 861 740 mortem
902 708 994 740 non
1042 693 1314 752 intelligitur
1358 693 1540 739 vacatio
1584 708 1664 752 per
1706 708 1873 739 renun-

90 782 338 827 ciationem
372 794 458 825 nec
491 781 728 825 viceversa
754 780 785 824 1.
838 779 880 836 8)
921 780 1118 824 Litterae
1151 792 1289 837 super
1328 778 1610 823 conferendo
1649 778 1874 824 beneficio

91 868 312 910 vacaturo
353 863 555 908 directae
587 863 643 907 ad
676 862 970 918 beneficium,
996 866 1097 920 post
1118 862 1274 906 datam
1300 862 1502 920 ipsarum
1527 865 1753 916 creatum,
1780 875 1873 905 non

89 948 403 994 extendantur
427 948 440 970 ⁵
463 952 550 992 etc.
575 946 605 990 ⁶.
636 946 867 1004 Rescripta
892 945 1064 1003 gratiae
1093 945 1213 990 latae
1236 949 1345 989 sunt
1368 943 1765 1003 interpretationis
1787 943 1872 989 nisi

90 1037 285 1091 vergant
317 1031 363 1076 in
398 1031 731 1090 praeiudicium
766 1030 890 1075 tertii
913 1032 942 1074 ⁷.

212 1115 309 1159 185.
350 1118 642 1159 Revocentur
675 1114 720 1158 in
754 1127 920 1171 genere
954 1127 1006 1157 ea
1039 1126 1158 1172 quae
1194 1112 1356 1157 tradita
1393 1117 1502 1156 sunt
1540 1112 1596 1156 de
1644 1111 1875 1170 rescriptis

91 1203 141 1242 ut
173 1212 331 1243 eorum
366 1199 495 1241 valor
537 1197 847 1254 dignoscatur.
896 1195 1070 1240 Addere
1112 1195 1328 1240 volumus
1378 1196 1423 1251 α)
1458 1194 1503 1238 111
1538 1193 1675 1239 dubio
1715 1194 1873 1238 rescri-

90 1285 219 1340 ptum
253 1294 350 1325 esse
383 1279 586 1325 iustitiae
620 1278 863 1338 praesumi.
901 1280 940 1336 b)
983 1279 1126 1323 Verba
1152 1277 1403 1323 hortatoria
1426 1277 1614 1338 quaein
1643 1278 1876 1336 rescriptis

91 1366 206 1409 sorte
241 1363 528 1422 reperiantur
561 1363 851 1421 praeceptiva
896 1362 1104 1407 habenda
1138 1375 1236 1407 esse
1262 1362 1292 1406 ⁸.
1338 1363 1376 1418 c)
1430 1362 1663 1420 Rescripta
1706 1361 1872 1406 intelli-

90 1447 234 1504 genda
269 1460 366 1491 esse
398 1446 460 1491 ita
494 1452 544 1490 ut
576 1460 681 1491 cum
716 1445 994 1503 supplicibus
1026 1445 1322 1490 cohaereant.
1360 1446 1404 1502 (l)
1444 1448 1678 1503 Rescripta
1714 1445 1758 1490 in
1793 1445 1872 1489 du-

91 1528 163 1573 bio
195 1529 249 1573 de
284 1529 549 1587 obreptione
584 1531 654 1574 vel
689 1529 982 1587 subreptione
1018 1528 1186 1573 valere.
1224 1528 1427 1573 Tandem
1451 1528 1541 1572 huc
1565 1532 1776 1586 spectant
1806 1543 1874 1573 re-

91 1611 220 1668 gulae
252 1625 369 1670 quae
401 1611 534 1655 datae
566 1616 675 1655 sunt
710 1626 788 1669 pro
822 1612 972 1669 legum
1008 1610 1404 1669 interpretatione.

254 1756 295 1792 d)
322 1777 368 1780 —
395 1757 454 1792 De
481 1757 734 1792 ‹·‹›11‹·01·‹1atis
761 1757 865 1792 intel·
892 1756 1113 1792 Ecclesiam
1142 1759 1176 1792 el
1204 1756 1361 1792 Statum
1391 1757 1714 1803 interpretumlis.

213 1863 310 1908 184.
347 1865 503 1917 Quoad
537 1865 813 1909 concordata
836 1864 1180 1923 interpretanda
1206 1870 1392 1910 notetur
1420 1866 1456 1922 1)
1489 1866 1874 1911 concon-datorum

90 1946 405 1991 authenticam
441 1946 871 2005 interpretationem
907 1962 997 1993 non
1032 1951 1085 1993 ad
1132 1950 1308 1993 Statum
1354 1948 1582 2005 pertinere
1627 1962 1754 2007 posse
1795 1949 1873 1994 sed

90 2029 144 2073 ad
183 2029 447 2084 Ecclesiam,
483 2045 587 2074 cum
622 2030 677 2075 ad
711 2031 830 2075 hanc
865 2032 1092 2088 pertineat
1125 2032 1326 2076 iudicare
1359 2032 1467 2091 quid
1500 2033 1762 2077 animarum
1804 2045 1873 2077 sa·

91 2111 159 2155 lus
192 2110 238 2155 in
272 2111 451 2156 casibus
482 2113 752 2171 specialibus
784 2113 954 2172 exigat,
981 2127 1179 2173 cumque
1213 2117 1366 2159 Status
1400 2114 1586 2159 tandem
1628 2114 1873 2173 aliquando

93 2193 205 2238 nihil
237 2194 291 2239 de
324 2195 416 2239 suis
450 2195 622 2240 iuribus
659 2197 884 2241 Ecclesiae
917 2197 1142 2242 concedat
1178 2197 1262 2242 nisi
1298 2197 1416 2242 illius
1448 2198 1783 2256 protectionem
1817 2198 1873 2242 ad

91 2291 229 2335 quain
264 2279 581 2335 praestandam
617 2279 707 2324 iam
742 2279 940 2325 naturali
973 2294 1026 2325 ac
1060 2280 1218 2325 divino
1253 2280 1350 2325 iure
1383 2281 1643 2326 tenebatur.
1681 2281 1810 2335 Quod
1837 2281 1872 2324 si

92 2357 260 2418 aliquid
294 2360 521 2405 concessit
553 2361 596 2406 id
629 2362 708 2407 fini
747 2362 971 2408 Ecclesiae
1005 2362 1228 2421 spirituali
1278 2363 1510 2408 addictum
1560 2369 1645 2419 est,
1682 2364 1874 2424 ideoque

214 2468 220 2486 ¹
251 2470 287 2505 c.
308 2470 326 2504 7
348 2468 501 2511 in60‚11.
522 2475 544 2505 t.

211 2541 223 2559 ²
250 2541 286 2576 G.
305 2539 349 2575 27
368 2540 405 2575 h.
424 2546 445 2577 t.

210 2611 222 2630 ³
249 2613 286 2648 G.
309 2613 350 2648 19
369 2613 403 2648 11.
423 2618 445 2648 t.

212 2682 225 2701 a
253 2683 330 2719 (1.6
356 2683 461 2727 11160,
481 2685 514 2720 11.
539 2689 560 2720 t.

212 2756 224 2773 ⁶
251 2754 426 2791 Clemeni..
445 2756 509 2793 ult.
529 2757 564 2793 11.
584 2761 605 2791 t.

212 2825 225 2846 ⁸
250 2826 301 2863 Cf.
320 2827 496 2864 Zamuc-
517 2829 600 2865 inst.
619 2829 685 2866 iur.
704 2830 792 2866 eccl.
813 2830 875 2866 lib.
897 2831 927 2872 1,
949 2835 970 2868 t.
992 2830 1024 2865 5.

212 2898 225 2918 ⁷
251 2900 287 2937 C.
307 2899 352 2935 2⁴2
370 2900 414 2936 de
432 2901 535 2947 pi·iv.,
550 2911 580 2937 c.
603 2902 646 2938 16
663 2902 708 2938 de
727 2902 826 2939 verb.
844 2903 952 2948 sign„
984 2913 1015 2939 c.
1036 2903 1079 2939 18
1100 2903 1133 2939 11.
1156 2907 1176 2937 t.
1197 2903 1231 2939 S.
1253 2903 1367 2948 Cong.
1398 2903 1433 2939 111
1460 2902 1686 2939 Ariminens.
1715 2900 1871 2938 Paroch.

95 2968 152 3006 die
170 2969 192 3005 5
209 2970 310 3016 Sept.
332 2971 434 3007 1821.

213 3039 226 3059 ⁸
254 3040 306 3077 Cf.
327 3041 437 3077 ZALL.
457 3042 503 3078 ad
523 3042 575 3078 tit.
594 3043 638 3079 (le
657 3043 746 3089 priv,
766 3047 801 3079 et
818 3053 958 3081 excess.
980 3044 1071 3090 priv.
1090 3048 1104 3084 ἐ
1123 3043 1204 3080 262.
