2176 3386
246 167 323 207 114
883 176 993 205 PARS
1022 177 1050 204 1.
1087 177 1144 204 DE
1172 175 1383 205 Pssnsoms

242 283 371 329 tandi
403 298 636 329 exercere.
678 282 914 341 Excipitur
945 283 982 327 si
1006 286 1190 327 constet
1212 282 1268 325 de
1290 295 1385 325 non
1409 284 1514 326 iare
1535 280 1821 340 possessoris,
1848 281 1921 327 vel
1945 295 2024 339 per

245 381 341 411 rem
376 367 635 412 iudicatam
671 366 741 410 vel
775 379 856 424 per
884 368 1135 423 propriam
1167 363 1519 421 confessionem.
1565 364 1611 421 d)
1646 365 1829 422 Περαία
1873 366 1935 409 36
1969 365 2027 408 de

244 450 477 495 triennali
503 452 794 507 possessione,
831 449 885 494 de
918 464 1007 508 qua
1040 449 1247 508 quaestio
1272 448 1449 493 moveri
1483 462 1574 493 uon
1600 452 1748 506 potest
1775 448 2024 494 dummodo

249 535 286 590 1)
313 533 431 578 adsit
463 533 624 577 titulus
654 534 912 589 coloratus;
949 533 991 588 Ξ)
1021 532 1240 589 possessio
1274 531 1516 576 triennalis
1558 532 1698 576 fuerit
1728 534 2023 587 continuata,

240 617 467 675 pacifiea;
503 617 544 671 5)
566 614 885 660 beneficiarius
916 614 975 658 sit
1006 627 1160 671 capax
1192 615 1413 672 beneficii.
1450 619 1599 669 Quare
1622 614 1918 673 exceptiones
1951 629 2024 660 ca·

244 699 360 744 dunt
392 698 439 743 in
473 712 572 743 reos
603 700 831 742 simoniae
865 697 1033 752 realis,
1070 697 1117 741 in
1160 699 1364 741 intrusos
1409 697 1457 741 in
1498 697 1774 742 beneficium
1820 711 2027 742 reserva·

245 786 343 825 tum
379 780 557 826 ratione
592 780 751 825 mortis
784 780 1063 825 beneficiarii
1097 780 1143 824 in
1178 780 1322 835 curia,
1359 780 1431 825 vel
1465 780 1583 825 infra
1618 781 1674 826 40
1698 780 1908 826 milliaria
1942 781 2025 826 ita-

244 863 346 918 lica,
384 863 429 907 in
463 878 539 907 eos
571 878 767 923 quorum
803 864 961 908 titulus
995 864 1134 908 falsus
1170 864 1406 908 evidenter
1446 865 1494 907 in
1528 866 1791 927 continenti
1830 870 2024 911 constat.

247 950 350 990 Post
382 951 537 996 autem
571 945 845 990 decennium
884 945 1002 989 tituli
1037 946 1176 990 etiam
1211 946 1523 1004 praesumptio
1568 946 1816 992 inducitur.
1868 949 1905 1002 e)
1946 951 2027 992 Re·

1944 997 1991 1005 ””’”·“
1994 1002 2070 1012 κ

245 1029 347 1085 gula
372 1029 435 1072 9:⁶²
469 1029 588 1073 circa
623 1041 808 1083 menses
826 1029 1023 1086 papales
1045 1029 1194 1088 quoad
1227 1028 1520 1074 collationem
1554 1029 1900 1086 beneficiorum,
1937 1045 2024 1090 qua

244 1116 541 1155 reservantur
573 1111 794 1155 beneficia
819 1126 935 1171 quae
962 1116 1130 1156 vacant
1152 1112 1272 1156 binis
1297 1113 1529 1157 mensibus
1552 1127 1608 1157 ex
1636 1114 1780 1159 tribus
1801 1114 2027 1173 quibusve

246 1195 506 1252 incipiendo
555 1209 579 1239 a
623 1196 866 1252 Ianuario,
917 1201 964 1241 at
1015 1196 1266 1255 Episcopi¹
1320 1196 1532 1241 obtinent
1580 1198 1783 1242 alternos
1826 1212 2022 1243 menses.

246 1280 414 1322 Verum
448 1279 596 1337 quoad
630 1280 749 1324 hanc
782 1281 985 1337 regulam
1032 1280 1311 1324 attendenda
1356 1285 1465 1324 sunt
1502 1294 1641 1339 quam
1686 1281 1889 1326 maxime
1922 1295 2028 1325 eon-

245 1360 439 1404 cordata
474 1360 595 1405 inter
627 1366 799 1406 statum
833 1366 878 1406 et
913 1362 1177 1407 Ecclesiam.

592 1492 609 1536 ξ
636 1493 668 1527 3.
768 1493 825 1528 De
851 1493 1097 1538 Reyulurum
1126 1495 1401 1530 Cancellariae
1427 1494 1465 1530 vi
1489 1495 1676 1541 juridica.

1260 1550 1267 1562 .

372 1596 465 1660 ῙΞΟ.
505 1597 700 1653 Regulae
734 1597 1041 1642 cancellariae
1077 1598 1185 1655 legis
1220 1598 1495 1643 universalis
1530 1599 1625 1644 vim
1661 1601 1848 1656 habent,
1885 1605 1933 1644 at
1954 1614 2027 1643 ea-

246 1693 347 1723 rum
393 1679 626 1737 proprium
660 1684 753 1735 est,
793 1686 840 1724 ιιι
881 1683 975 1724 vim
1008 1681 1211 1725 habeam
1245 1696 1386 1740 usque
1426 1683 1489 1727 ad
1539 1690 1732 1727 mortem
1775 1684 2025 1742 Pontificis‚

244 1763 446 1821 adeoque
480 1768 662 1807 cessant
693 1767 740 1806 et
773 1765 954 1821 regulae
990 1764 1340 1820 reservatoriae.
1374 1765 1484 1809 Sede
1520 1766 1775 1822 Apostolica
1812 1771 2027 1822 vacante,

244 1846 337 1890 inio
370 1846 512 1891 donec
531 1849 710 1890 noviter
729 1848 893 1891 electus
922 1847 1136 1905 Pontifex·
1158 1861 1315 1892 omnes
1338 1849 1529 1905 reyulas
1552 1852 1862 1894 renovaverit.
1906 1849 2031 1893 Solet:>

244 1931 399 1971 autem
423 1941 572 1972 novus
596 1928 808 1973 Pontifex
832 1943 908 1973 eas
931 1943 1156 1974 renovare
1190 1929 1262 1974 die
1285 1929 1495 1989 sequenti
1519 1929 1658 1988 ipsius
1691 1930 1965 1976 electionem
1991 1931 2025 1975 ².

246 2012 384 2054 Notat
405 2011 605 2054 Aichner
628 2012 805 2068 regulas
828 2011 1135 2056 cancellariae
1159 2012 1243 2056 sub
1262 2012 1595 2058 recentioribus
1613 2013 1908 2059 Pontificibus
1932 2028 2026 2058 non

245 2093 450 2149 amplias
480 2094 802 2151 ρνονηιιίῃαντῗ,
840 2096 916 2139 sed
950 2096 1236 2140 solummodo
1270 2095 1535 2142 officialibus
1568 2096 1875 2142 cancellariae
1907 2111 2029 2141 com·

247 2178 498 2220 municari.
538 2180 632 2220 lmo
656 2177 958 2235 promulgatio
978 2178 1069 2222 iam
1088 2192 1111 2222 a
1132 2178 1416 2236 temporibus
1437 2179 1686 2224 Clementis
1716 2181 1830 2234 XIV,
1859 2180 1969 2224 1769
1991 2180 2028 2235 ³,

245 2261 301 2305 ab
335 2274 419 2305 usu
453 2261 689 2306 recessisse
727 2260 923 2304 videtur.

961 2386 1193 2415 AR’l‘lCULUS
1226 2387 1298 2416 Vll.

570 2468 634 2509 De
679 2466 833 2522 leyum
877 2467 1295 2511 ecclesiasticarum
1338 2467 1690 2511 collectionibus.

368 2580 464 2623 151.
510 2580 659 2637 Usque
691 2593 715 2623 a
761 2579 917 2635 primis
963 2579 1187 2623 Ecclesiae
1232 2580 1514 2639 temporibus
1561 2581 1607 2624 in
1658 2594 1784 2625 more
1826 2580 2028 2638 positum

244 2665 358 2716 erat,
394 2665 445 2705 ut
481 2661 702 2718 Epistolae
738 2663 1003 2720 praesertim
1043 2665 1298 2708 Decretales
1330 2678 1443 2723 quas
1479 2668 1527 2708 R.
1557 2664 1800 2709 Pontifices
1834 2667 1888 2709 ad
1927 2663 2023 2722 Epi-

244 2759 404 2804 scopos
435 2745 697 2790 scribebant
730 2745 776 2789 in
812 2746 1020 2790 archivio
1053 2749 1321 2791 dioecesano
1354 2752 1667 2792 servarentur.
1703 2746 1820 2791 Hinc
1853 2748 1893 2791 S.
1921 2746 2029 2791 Hie—

366 2885 373 2903 ¹
404 2886 456 2922 De
482 2885 620 2931 regulis
647 2885 894 2921 cancellariae
922 2885 983 2922 cfr.
1012 2895 1105 2930 opus
1133 2886 1298 2931 Riganti:
1326 2896 1422 2923 com.
1448 2887 1485 2922 in
1512 2895 1587 2932 reg.
1615 2886 1723 2922 Canc.

365 2956 377 2974 ²
404 2957 615 2992 Lnunamns
640 2955 759 2992 forum
788 2956 1005 2993 beneficiale
1031 2966 1067 3002 p.
1093 2956 1126 2998 2,
1153 2966 1189 3002 q.
1215 2957 1284 2993 559
1310 2962 1345 2993 et
1370 2956 1450 2999 540,
1477 2957 1574 3003 apud
1599 2957 1719 2994 Bomx
1746 2967 1779 3003 p.
1807 2956 1887 2993 520.

364 3026 377 3046 ³
403 3027 453 3064 Cf.
482 3028 648 3064 AmuNER
676 3028 698 3064 l.
725 3038 755 3064 c.
784 3038 842 3074 op.
868 3028 928 3064 cit.
959 3027 1138 3071 WALTER,
1165 3027 1334 3064 Manuale
1361 3027 1396 3064 di
1424 3027 1548 3064 diritto
1574 3027 1666 3064 eccl.
1690 3031 1705 3068 S
1734 3026 1812 3071 125,
1837 3031 1861 3064 t.
1882 3026 1915 3063 1.
