2176 3386
551 220 902 250 SUPPLEMENTUM
931 220 1210 255 QUORUMDAM
1239 220 1604 250 DOCUMENTORUM
1892 211 1968 251 321

1045 471 1109 523 X.

467 648 628 701 Circa
667 648 896 701 modum
937 646 1218 701 deferendi
1259 643 1688 703 E‘ucharistiam.

311 846 329 866 a
357 826 591 871 Generalis
637 825 821 870 Ordinis
869 828 910 869 S.
953 826 1134 869 [oannis
1181 826 1235 870 de
1288 830 1377 870 Deo
1410 841 1434 871 a
1470 830 1512 871 S.
1553 831 1601 872 R.
1639 831 1685 874 C.
1735 830 1972 876 humiliter

190 908 455 967 postulavit,
493 912 542 951 ut
574 907 862 966 insequentia
891 907 1025 951 dubia
1061 908 1182 952 eirca
1219 909 1404 953 modum
1439 909 1672 954 deferendi
1713 911 1828 956 infra
1866 915 1971 957 Mis-

188 1006 284 1036 sam
321 995 502 1036 Sacram
529 989 913 1035 Communionem
949 991 1004 1035 ad
1039 990 1263 1046 infirmos,
1292 991 1525 1050 vigentem
1553 994 1596 1037 in
1623 995 1973 1041 valetudinariis

185 1074 369 1119 Ordinis
400 1074 487 1128 sui,
522 1074 756 1118 declarare
789 1074 1072 1131 dignaretur,
1111 1074 1363 1120 nimirum:
1414 1077 1451 1120 1.
1491 1080 1557 1122 An
1592 1077 1787 1123 recitato
1820 1080 1874 1124 ad
1909 1081 1970 1124 al-

185 1163 282 1202 tare
321 1158 558 1215 Confiteor,
596 1159 889 1213 Jlisereatm,
932 1161 1040 1203 Ecce
1075 1164 1246 1214 Aonas,
1284 1161 1481 1204 Domine
1514 1175 1607 1204 non
1641 1176 1744 1206 sum
1778 1163 1967 1220 dignus,

187 1240 327 1299 possit
360 1240 563 1298 permitti
595 1240 715 1299 quod
756 1241 973 1285 Sacerdos
1006 1255 1110 1285 cum
1148 1241 1321 1299 Pyxide
1363 1243 1461 1287 sine
1497 1245 1599 1288 velo
1638 1246 1861 1292 humerali
1896 1249 1970 1293 ‹le—

186 1326 304 1369 ferat
335 1324 391 1368 ad
425 1323 631 1368 infirmos
664 1327 846 1368 Sacram
882 1324 1285 1380 Communionem,
1312 1326 1474 1370 saltem
1497 1341 1523 1371 a
1549 1327 1725 1373 duobus
1758 1331 1971 1376 candelas

185 1406 496 1450 deferentibus
529 1405 803 1460 comitatus,
839 1411 885 1449 et
917 1405 1118 1450 adhibita
1153 1408 1292 1452 etiam
1330 1408 1556 1464 umbella,
1594 1409 1629 1453 si
1665 1410 1761 1455 fieri
1803 1417 1967 1470 potest,

185 1489 453 1547 praesertim
488 1488 525 1533 si
557 1489 614 1532 ab
645 1488 775 1533 altari
811 1488 982 1533 distent
1016 1489 1223 1534 intirmi‘?
1256 1492 1297 1534 2.
1337 1494 1403 1535 An
1439 1496 1572 1536 modo
1605 1495 1866 1551 supradicto
1895 1496 1970 1541 de-

187 1574 294 1620 ferri
328 1574 469 1632 possit
503 1577 638 1618 Sacra
673 1573 946 1619 Communio
981 1587 1071 1617 non
1097 1575 1244 1619 solum
1280 1574 1327 1619 in
1362 1579 1455 1620 toto
1491 1577 1845 1634 valetudinario,
1871 1579 1970 1625 sive

185 1673 210 1704 a
246 1663 371 1714 parte
407 1661 583 1715 postera
616 1658 791 1711 altaris,
818 1657 893 1701 sed
929 1658 1067 1702 etiam
1105 1657 1148 1701 in
1174 1658 1400 1717 aliquibus
1432 1660 1670 1715 cubiculis,
1696 1676 1751 1706 ex
1786 1662 1966 1721 quibus,

184 1741 268 1786 etsi
302 1742 444 1785 altare
479 1754 569 1784 non
608 1740 833 1795 videatur,
862 1745 1015 1785 tamen
1045 1754 1132 1785 vox
1159 1742 1414 1786 Sacerdotis
1447 1742 1722 1788 celebrantis
1754 1745 1970 1790 auditur?

185 1826 227 1870 5.
266 1828 332 1869 An
366 1823 571 1882 permitti
595 1824 734 1882 possit
758 1828 823 1879 ut,
850 1825 947 1869 loco
981 1824 1237 1870 Sacerdotis
1270 1826 1452 1870 SSmam
1482 1827 1814 1872 Eucharistiam
1847 1829 1968 1875 defe-

185 1907 330 1953 rentis
351 1907 407 1952 ad
432 1906 655 1962 infirmos,
679 1908 811 1962 alter,
838 1911 884 1952 et
907 1907 1047 1952 etiam
1073 1908 1232 1963 laicus,
1264 1908 1496 1954 orationes
1520 1913 1713 1956 recitet?
1749 1916 1797 1956 R.
1826 1913 1890 1957 Ad
1923 1913 1968 1957 lnn

185 1996 230 2035 et
263 1991 315 2036 2⁶³
350 1990 469 2035 Nihil
504 1991 670 2045 obstat,
707 1991 955 2035 dummodo
988 1996 1145 2035 tamen
1181 1991 1226 2035 in
1262 1991 1492 2037 delatione
1526 1994 1649 2038 Ssmi
1683 1997 1968 2041 Sacramenti

184 2073 381 2117 umbella
415 2072 606 2117 omnino
638 2072 925 2117 adhibeatur.
965 2072 1026 2117 Ad
1064 2074 1116 2117 5¹¹¹
1143 2073 1263 2118 Nihil
1286 2074 1438 2119 obstat
1458 2077 1707 2134 quominus
1733 2077 1970 2124 adstantes

184 2154 381 2198 recitent
403 2154 577 2213 aliquas
599 2168 772 2212 preces,
798 2155 907 2199 dum
931 2154 1219 2199 distribuitur
1242 2159 1376 2200 Sacra
1405 2158 1686 2203 Eucharistia
1715 2179 1752 2203 n.
1790 2163 1829 2205 S.
1851 2165 1898 2205 R.
1918 2165 1964 2207 C.

183 2239 208 2282 7
244 2240 356 2283 febr.
398 2238 523 2282 1874.

307 2341 325 2362 a
356 2326 421 2366 An
456 2322 590 2367 liceat
622 2323 870 2368 celebranti
908 2324 950 2367 in
987 2324 1123 2368 domo
1159 2324 1335 2382 privata
1365 2325 1434 2369 vel
1460 2324 1683 2383 religiosa,
1721 2327 1838 2376 ferre
1859 2332 1967 2372 ante

185 2403 552 2461 purificationem
587 2408 628 2450 S.
665 2406 1068 2462 communionem,
1104 2407 1364 2452 devotionis
1396 2422 1531 2453 eausa
1567 2412 1613 2452 et
1647 2423 1738 2453 non
1770 2423 1848 2467 per
1872 2424 1965 2455 mo-

184 2486 292 2531 dum
330 2486 509 2541 viatici,
546 2488 729 2533 infirmo
763 2489 944 2546 degenti
982 2489 1025 2533 in
1061 2490 1221 2535 eadem
1255 2491 1408 2546 domo,
1435 2492 1648 2548 quamvis
1680 2492 1734 2536 ad
1766 2493 1966 2551 superio-

183 2583 280 2614 rem
308 2576 481 2628 partem
505 2572 668 2616 domus
689 2573 1030 2618 ascendendum
1058 2575 1132 2627 sit,
1160 2580 1205 2618 et
1229 2589 1309 2632 per
1331 2574 1450 2619 aliud
1476 2576 1793 2621 ambulacrum
1819 2581 1966 2621 trans-

183 2654 387 2698 eundum
421 2654 508 2699 sit?
537 2680 598 2688 —-
630 2659 681 2700 R.
720 2659 819 2700 Non
855 2657 1005 2711 licere,
1042 2656 1170 2701 iuxta
1205 2657 1442 2702 decretum
1484 2659 1532 2702 19
1566 2658 1664 2702 dec.
1706 2660 1852 2714 1829.‚
1888 2659 1966 2704 sed

183 2735 220 2781 si
254 2737 502 2782 necessitas
536 2745 694 2796 urgeat
727 2738 805 2783 siat
837 2740 1042 2784 absoluta
1082 2740 1217 2785 Missa
1245 2759 1282 2785 n.
1321 2744 1361 2785 S.
1392 2745 1441 2786 R.
1469 2746 1512 2787 C.
1541 2743 1590 2786 17
1615 2742 1713 2787 dec.
1748 2744 1871 2788 1844.

305 3092 512 3125 erELLi-So
518 3103 618 3126 unm.
644 3113 678 3117 —
698 3095 744 3127 ΙΙ.
1799 3101 1836 3131 21
