2176 3386
223 166 299 207 106
862 176 972 206 PARS
1002 177 1026 205 1.
1065 178 1122 205 DE
1151 176 1362 205 PERsoms

151 307 156 311 ·
221 283 446 343 privilegii
471 283 659 329 nomine
682 286 755 328 ius
775 286 928 341 ipsam
952 297 1031 329 seu
1056 283 1151 341 ipsa
1174 285 1337 340 qratia
1361 282 1662 340 significatur,
1687 288 1735 329 at
1756 284 2001 345 aliquando
2056 314 2062 319 -
2123 271 2127 284 ’

221 366 513 426 privilegium
549 369 804 424 improprie
836 366 1005 411 dicitur
1037 366 1321 411 mandatam
1357 368 1506 423 ipsam
1531 367 1605 412 vel
1637 366 1999 413 instrumentum

220 464 311 509 quo
359 449 569 508 princeps
625 448 837 493 concedit
880 448 1017 493 alicui
1067 447 1311 506 specialem
1349 448 1554 505 *gratiam
1602 449 1721 508 quod
1768 449 2000 495 interdum

222 538 416 579 vocatur
450 535 741 589 reseriptum,
778 532 1031 585 indultam,
1073 531 1209 575 Balla
1242 535 1327 576 etc.
1363 531 1669 576 Nihilominus
1711 546 1803 577 non
1842 537 1911 578 est
1946 532 2001 577 de

220 615 446 675 privilegii
478 616 739 660 substantia
772 618 823 657 ut
855 613 1036 671 scriptis
1079 613 1375 658 concedatur.
1418 614 1673 674 Aliquando
1705 619 1862 680 tamen
1891 614 2002 660 iuris

220 698 517 756 dispositione
550 697 774 755 scriptura
810 695 1058 755 requiritur
1093 696 1121 739 ¹.
1169 700 1262 740 lmo
1297 697 1465 741 nostris
1498 697 1778 756 temporibus
1820 697 2002 755 privile-

221 780 290 839 gia
326 780 582 839 Apostolica
618 780 663 824 in
699 781 1024 824 foro-externo
1050 779 1204 823 valere
1239 793 1329 823 non
1364 783 1614 824 censentur
1652 780 1737 824 nisi
1771 780 2002 825 authenti-

221 863 367 908 cizata
402 878 480 921 per
512 863 726 908 officiales
759 862 960 920 publicos
992 863 1155 921 quibus
1196 862 1239 906 id
1273 863 1320 906 in
1354 863 1486 908 Curia
1522 863 1776 920 Apostolica
1825 863 2002 908 incum-

220 947 287 991 bit
320 947 350 990 '·'.
398 950 569 991 'samen
603 950 779 990 certum
821 950 890 989 est
932 945 1169 1003 privilegia
1215 945 1351 990 vivae
1393 947 1519 991 vocis
1561 948 1744 992 oraculo
1786 961 2002 992 concessa

219 1045 299 1089 pro
333 1029 435 1086 foro
468 1032 655 1073 interno
688 1030 842 1073 valere
878 1029 908 1072 ³.
961 1032 1072 1074 [tem
1107 1029 1153 1072 in
1188 1028 1456 1073 delinitione
1502 1029 1793 1087 privilegium
1836 1029 2004 1074 dicitur

221 1111 456 1156 concessio
491 1116 540 1155 ut
569 1112 749 1168 pin-ries
769 1117 1013 1168 perpetua.
1050 1116 1147 1164 Qua
1181 1110 1226 1154 iu
1263 1125 1310 1154 re
1345 1111 1627 1156 monendum
1661 1116 1730 1156 est
1770 1125 1875 1155 cum
1914 1111 2002 1156 cla-

222 1195 318 1239 riss.
358 1199 522 1240 Suarez
561 1196 570 1219 ²
609 1216 627 1235 a<
657 1210 748 1240 non
782 1210 922 1240 omne
957 1195 1245 1253 privilegium
1281 1209 1378 1241 esse
1412 1196 1556 1252 legem
1593 1197 1769 1255 proprie
1802 1202 1847 1241 et
1875 1197 1921 1241 in
1945 1197 2002 1241 ri-

223 1292 330 1335 gore
364 1283 613 1335 sumptam,
649 1278 754 1337 quia
787 1278 843 1322 de
878 1277 1055 1322 ratione
1089 1277 1200 1335 legis
1233 1281 1318 1332 est,
1356 1282 1404 1320 ut
1435 1276 1495 1321 sit
1523 1284 1750 1334 perpetua
1784 1281 1834 1322 in
1866 1292 2004 1322 sensu

223 1363 366 1403 iuris:
406 1375 497 1405 non
532 1365 687 1404 aulem
722 1375 859 1405 omne
903 1360 1194 1418 privilegium
1235 1364 1303 1404 est
1338 1366 1642 1417 perpetuam:
1693 1374 1799 1418 ergo
1840 1361 2001 1406 saltem

222 1442 331 1486 illud
364 1444 483 1502 quod
519 1448 789 1501 perpetuum
824 1457 917 1488 non
951 1448 1036 1499 est,
1074 1457 1169 1487 non
1202 1450 1266 1487 est
1285 1446 1475 1500 proprie
1498 1445 1584 1489 tem.
1626 1448 1700 1487 Est
1732 1450 2001 1501 perpetuum

222 1526 511 1584 privilegium
547 1528 664 1585 quod
703 1526 773 1571 vel
809 1527 1035 1572 adhaeret
1067 1530 1138 1571 rei
1168 1528 1223 1570 de
1254 1541 1300 1570 se
1327 1533 1596 1584 perpetuae,
1635 1528 1706 1571 vel
1748 1527 1846 1572 sinc
1883 1529 2003 1572 timi-

222 1612 396 1653 tatione
431 1613 648 1667 temporis
679 1611 965 1655 eoneeditar.
1007 1615 1081 1655 Est
1115 1611 1366 1669 temporale
1399 1609 1688 1668 privilegium
1721 1610 1842 1669 quod
1859 1611 2004 1655 datur

224 1693 286 1736 ad
321 1698 513 1749 tempas,
550 1694 668 1752 quod
701 1694 787 1738 soli
814 1708 1046 1750 personae
1079 1694 1356 1738 individuae
1388 1693 1673 1748 conceditur,
1709 1693 1828 1752 quod
1872 1693 2006 1737 datur

221 1778 303 1821 sab
320 1778 584 1821 conditione
616 1792 732 1836 quae
766 1779 892 1835 lapsu
932 1777 1150 1834 temporis
1182 1777 1355 1821 linitur.

345 1862 441 1906 140.
481 1864 649 1905 Verum
686 1860 923 1919 privilegia
947 1875 973 1905 a
997 1860 1165 1905 ceteris
1197 1859 1370 1918 legibus
1391 1860 1755 1917 distinguuntur,
1780 1860 1885 1918 quia
1919 1859 2003 1903 hae

223 1944 293 1988 ius
325 1957 575 1988 commune
609 1945 887 1999 concedunt,
925 1944 1218 2001 privilegium
1255 1957 1363 1988 vero
1396 1943 1465 1987 ius
1483 1946 1743 2000 privatam.
1779 1942 1894 1997 Quia
1925 1955 2004 1987 au-

220 2031 316 2072 tern
351 2028 436 2072 hoc
470 2028 539 2071 ius
567 2030 812 2085 prii-*atam
848 2027 1032 2086 respicit
1064 2031 1109 2072 et
1144 2008 1528 2072 communitatem
1568 2031 1614 2070 et
1649 2026 1798 2084 quoad
1837 2025 2002 2083 obliga-

221 2110 395 2155 tionem
430 2125 569 2169 quam
604 2110 797 2165 inducit,
833 2115 879 2155 et
911 2110 1059 2170 quoad
1100 2110 1271 2154 bonum
1315 2114 1361 2153 et
1393 2108 1532 2153 linem
1565 2122 1703 2168 quem
1736 2108 1899 2153 saltem
1936 2107 2004 2152 in·

221 2193 394 2238 directe
427 2193 644 2249 intendit,
680 2195 827 2252 legem
861 2194 946 2238 etsi
981 2195 1239 2250 improprie
1273 2193 1449 2237 dietam
1482 2190 1737 2236 constituit.
1776 2189 2004 2248 privilegii

222 2282 378 2323 autem
411 2278 643 2322 obiectum
686 2282 756 2321 est
793 2282 844 2321 ut
886 2277 1055 2336 aliquid
1100 2281 1279 2334 praeter
1320 2276 1394 2320 vel
1435 2280 1602 2319 eontra
1646 2276 1718 2318 ias
1760 2286 2005 2318 commune

222 2362 519 2417 concedatur,
553 2362 658 2420 quia
697 2362 808 2406 alias
851 2360 1144 2418 prIvilegium
1186 2363 1306 2405 esset
1346 2358 1507 2403 inutile
1540 2358 1569 2402 ⁵.
1625 2361 1779 2417 Neque
1822 2357 2006 2402 videtur

222 2445 426 2491 absolute
461 2445 705 2490 dicendum
740 2458 846 2489 cum
881 2443 980 2488 aliis
1012 2439 1208 2488 uticum
1235 2447 1447 2487 Panorm.
1476 2441 1490 2464 ⁶
1524 2441 1579 2486 de
1611 2441 1788 2486 ratione
1822 2440 2004 2499 privile-

345 2607 353 2626 ¹
383 2607 434 2644 Cf.
455 2608 650 2651 Exn-avag.
680 2606 696 2641 1
724 2605 769 2642 de
796 2605 922 2647 Elect„
950 2615 1026 2650 reg.
1053 2604 1098 2640 24
1126 2605 1284 2641 Cancell.
1313 2605 1408 2641 Trid.
1429 2605 1524 2641 Sess.
1552 2603 1608 2647 25,
1628 2613 1707 2650 cap.
1736 2604 1766 2646 1,
1787 2603 1832 2640 de
1859 2603 2003 2639 reform.

222 2690 313 2717 sess.
343 2678 400 2722 25,
428 2689 458 2715 c.
486 2677 518 2720 5,
545 2678 589 2714 de
618 2678 657 2714 R.
686 2678 751 2723 Rg.

342 2749 354 2768 ²
382 2749 506 2786 Const.
538 2749 623 2786 Urb.
653 2749 750 2793 VIII,
776 2750 870 2785 alias
895 2752 930 2784 et
957 2748 1127 2792 Gregorii
1155 2747 1235 2792 XV,
1263 2749 1459 2785 Romanus.
1489 2747 1539 2784 Cf.
1567 2748 1688 2784 Milon.
1715 2756 1748 2783 o.
1775 2756 1805 2782 c.
1831 2746 1866 2782 b.
1886 2749 1908 2781 t.

343 2820 356 2840 ³
382 2821 433 2858 Cf.
461 2821 575 2857 SAN'ri
605 2820 714 2867 prael.
741 2820 763 2856 l.
790 2819 822 2856 V
850 2823 883 2856 et
910 2819 967 2861 55,
994 2829 1030 2855 n.
1058 2819 1090 2861 5,
1118 2819 1148 2855 6.
1179 2820 1324 2855 Extrav.
1354 2819 1433 2855 Etsi
1458 2818 1502 2855 de
1530 2818 1640 2855 Poen.
1667 2822 1702 2854 et
1729 2817 1864 2854 Remis.

341 2892 356 2912 ⁸
382 2893 433 2928 De
459 2893 529 2938 leg.
559 2893 579 2928 l.
606 2891 639 2935 4,
666 2902 697 2929 c.
730 2892 760 2936 1,
786 2901 822 2927 n.
848 2889 880 2927 2.

342 2964 354 2984 ‘⁵
382 2965 523 3000 Decret.
552 2962 608 3006 25,
636 2973 671 3009 q.
699 2964 730 2999 1.
755 2963 790 2999 2.

343 3035 357 3055 ⁶
383 3036 470 3081 Cap.
496 3035 581 3071 olim
606 3035 650 3071 de
679 3035 776 3071 verb.
804 3034 926 3080 signif.
954 3044 990 3070 n.
1015 3034 1047 3069 7.
1075 3034 1197 3071 MAcn.
1224 3043 1257 3069 o.
1281 3044 1312 3070 c.
1338 3033 1360 3070 l.
1379 3032 1412 3078 5,
1432 3037 1454 3069 t.
1472 3033 1529 3076 55,
1549 3033 1570 3069 l.
1591 3033 1635 3068 14
1652 3037 1780 3079 etseq.
1800 3029 1834 3068 ff.
1861 3031 1907 3091 de
1925 3030 1962 3066 h.
1979 3033 2004 3067 t.
