2176 3386
225 185 306 225 254
898 194 1008 224 PARS
1038 194 1078 226 11.
1106 194 1164 223 DE
1193 193 1332 224 annus

227 303 455 349 concessit
487 303 606 348 idem
642 302 853 348 Pontifex
888 302 1092 361 pluribus
1124 301 1452 359 sacerdotibus,
1487 301 1563 346 ubi
1598 302 1856 348 huiusmodi
1899 316 2006 348 con·

227 388 420 433 suetudo
453 388 610 444 viget,
645 400 780 445 super
827 386 988 431 eodem
1022 384 1155 430 altari
1188 398 1280 430 una
1314 398 1420 429 cum
1461 385 1678 443 Episcopo
1710 385 1783 430 vel
1818 384 1906 430 alio
1937 398 2006 431 sa·

227 472 412 517 cerdote
459 469 734 516 sacrificium
777 474 1024 528 peragente
1069 469 1418 525 concelebrare;
1469 468 1532 513 ita
1570 472 1728 514 tamen
1772 473 1823 513 ut
1868 469 2009 515 sacris

230 554 434 599 vestibus
477 568 602 598 more
636 552 968 598 celebrantium
1003 551 1185 607 induti,
1221 551 1534 611 unusquisque
1581 555 1727 597 totam
1774 551 2007 610 liturgiam

229 637 405 696 integre
454 636 616 682 recitet
647 640 694 681 et
727 635 866 680 verba
898 634 1259 680 consecrationis
1292 635 1525 693 proferat,
1562 634 1751 692 perinde
1783 648 1837 680 ac
1869 634 1905 680 si
1938 649 2006 681 sa-

229 725 522 767 crosanctum
557 719 831 765 sacrificium
866 719 1132 778 singulatim
1167 718 1436 764 conticeret:
1471 717 1731 763 huiusmodi
1755 721 1910 764 autem
1939 732 2007 764 sa·

228 804 450 850 criticium
485 802 649 862 singuli
697 803 957 848 sacerdotes
989 805 1117 847 iuxta
1153 806 1359 847 mentem
1391 814 1578 857 eorum,
1613 800 1690 860 qui
1724 800 2008 846 voluntarias

228 888 482 933 oblationes
523 887 774 944 exhibent,
809 887 930 931 licite
966 886 1152 930 valeant
1190 886 1434 943 applicare.
1485 885 1613 939 Quod
1654 884 1690 928 si
1722 884 1838 929 aliae
1870 888 2006 944 atque

229 973 343 1017 aliae
367 971 620 1017 oblationes
645 986 722 1029 pro
746 971 949 1016 eiusdem
974 969 1182 1015 sacrificii
1203 969 1507 1027 applicatione
1529 968 1719 1013 ulterius
1736 968 2003 1026 obveniant3

230 1058 440 1103 sacerdos
471 1056 546 1116 qui
580 1069 657 1101 eas
691 1054 915 1113 receperit
946 1068 1128 1112 semper
1159 1057 1374 1098 teneatur
1409 1066 1596 1097 monere
1634 1051 1788 1097 fideles
1819 1051 1896 1111 qui
1932 1066 2006 1110 po-

230 1140 395 1185 sterius
428 1140 623 1184 offerant
655 1139 708 1182 de
741 1137 842 1183 aliis
886 1136 1193 1182 oblationibus
1225 1136 1279 1180 ad
1314 1135 1526 1180 eumdem
1569 1136 1706 1179 linem
1738 1139 1847 1179 ante
1879 1148 2006 1179 acce-

231 1224 348 1282 ptis,
384 1229 429 1268 et
478 1222 562 1267 nisi
611 1222 749 1266 iidem
798 1222 1043 1266 offerentes
1091 1220 1226 1265 unica
1271 1219 1434 1263 Missae
1467 1218 1774 1263 celebratione
1821 1231 1867 1262 se
1911 1218 2007 1262 voti

229 1312 463 1365 compotes
497 1308 591 1351 fore
624 1306 875 1362 declarent,
901 1304 1017 1349 sciat
1049 1317 1096 1348 se
1131 1302 1267 1347 unico
1290 1301 1513 1346 sacrificio
1548 1300 1744 1359 plurium
1780 1301 2008 1345 voluntati

230 1393 421 1439 minime
455 1392 817 1437 satisfacturum.
873 1395 1038 1435 Eorum
1073 1403 1184 1434 vero
1217 1393 1420 1433 mentem
1455 1387 1530 1446 qui
1568 1401 1645 1445 pro
1678 1386 1900 1433 sacrificio
1932 1387 2007 1432 ob-

230 1476 437 1521 tulerunt
469 1489 723 1531 numquam
748 1490 770 1518 a
797 1472 1108 1518 sacerdotibus
1140 1470 1381 1528 impletum
1401 1470 1453 1514 iri
1478 1469 1730 1514 declaravit
1754 1484 1831 1527 per
1863 1470 2005 1514 solam

230 1557 534 1603 adiectionem
573 1556 903 1602 particularum
928 1559 973 1599 et
995 1551 1487 1598 commemorationem
1512 1565 1627 1610 quae
1651 1550 1698 1595 in
1725 1550 1856 1595 Panis
1880 1565 2005 1609 prae-

230 1641 466 1700 paratione
499 1645 607 1685 ante
642 1638 804 1684 Missae
839 1637 1121 1682 Sacrificium
1171 1634 1266 1679 fieri
1301 1635 1436 1689 solet;
1487 1648 1594 1678 cum
1627 1632 1817 1678 omnino
1850 1646 2006 1678 neces-

229 1725 344 1771 saria
380 1725 438 1769 sit
470 1725 645 1782 integra
686 1722 1048 1777 concelebratio,
1086 1719 1171 1764 nisi
1205 1719 1259 1763 de
1293 1718 1559 1762 eorumdem
1601 1715 1892 1761 offerentium
1928 1729 2005 1760 vo-

230 1810 405 1854 luntate
440 1809 572 1854 aliter
606 1808 697 1852 liat.

352 1893 478 1937 1175.
532 1896 579 1936 ln
621 1890 915 1935 commodum
963 1902 1071 1933 vero
1119 1887 1406 1932 sacerdotum
1454 1884 1531 1944 qui
1578 1882 1807 1942 privatum
1843 1881 2007 1926 Missae

229 1973 505 2019 sacrificium
539 1973 702 2017 offerre
737 1971 948 2031 cupiunt,
974 1970 1099 2014 salva
1135 1982 1315 2027 semper
1348 1964 1681 2012 consuetudine
1706 1968 1756 2008 ut
1778 1964 1831 2008 ad
1861 1977 2005 2008 unum

229 2059 371 2103 altare
419 2072 563 2101 unum
614 2054 936 2100 tantummodo
985 2052 1261 2097 sacrificium
1301 2051 1344 2094 in
1380 2049 1476 2094 dies
1523 2049 1723 2106 singulos
1769 2046 2003 2100 offeratur,

230 2139 388 2187 Graeci
422 2139 766 2184 constituerunt
812 2135 1142 2182 Paraecclesias
1174 2148 1251 2179 seu
1286 2133 1484 2178 oratoria
1518 2131 1742 2191 quaedam
1788 2127 2006 2174 ecclesiae

229 2223 463 2281 contigua,
498 2236 613 2277 quae
648 2221 819 2266 habent
851 2220 1011 2275 altare,
1048 2218 1094 2262 in
1128 2232 1218 2277 quo
1250 2216 1460 2261 sacerdos
1488 2214 1688 2259 celebrat
1719 2212 1795 2272 qui
1827 2212 1875 2256 in
1900 2211 2003 2267 alio,

230 2307 305 2352 ubi
339 2307 455 2351 alter
503 2304 835 2358 celebraverit,
872 2306 1061 2347 sacrum
1090 2303 1238 2347 facere
1287 2299 1462 2358 nequit.
1518 2301 1592 2341 Est
1636 2296 1759 2342 enini
1797 2295 1844 2340 in
1881 2308 2006 2339 more

231 2391 430 2450 positum
463 2389 582 2447 apud
615 2388 877 2444 orientales,
915 2386 1183 2445 praesertim
1219 2387 1431 2434 GraecOS‚
1467 2386 1518 2424 ut
1551 2380 1595 2424 in
1631 2379 1755 2424 feriis
1790 2381 1843 2424 IV
1874 2382 1920 2422 et
1949 2380 2006 2423 Vl

228 2472 619 2534 quadragesimae,
657 2470 840 2515 nonnisi
876 2466 1382 2513 Praesanctilicatorum
1418 2464 1553 2507 missa
1587 2462 1858 2516 celebretur,
1889 2473 2004 2519 quae

230 2559 268 2604 ei
290 2557 464 2603 vsimilis
496 2562 565 2601 est
596 2569 734 2615 quam
782 2553 923 2598 latina
977 2550 1173 2596 Ecclesia
1215 2549 1357 2594 semel
1392 2549 1435 2591 in
1479 2560 1603 2591 anno
1651 2545 1762 2590 feria
1794 2546 1924 2589 sexta
1959 2543 2003 2587 in

230 2645 482 2686 Parasceve
516 2639 731 2684 celebrat.

352 2726 478 2770 1176.
520 2723 704 2767 Diversa
736 2733 916 2780 quoque
949 2723 1019 2764 est
1053 2716 1193 2761 latina
1214 2715 1271 2760 ab
1293 2713 1503 2760 orientali
1541 2711 1736 2758 Ecclesia
1769 2708 2006 2768 disciplina

231 2795 329 2856 tum
361 2808 510 2868 quoad
545 2806 731 2852 modum
763 2802 988 2849 recitandi
1023 2802 1157 2846 horas
1189 2798 1454 2853 canonicas,
1479 2797 1535 2841 ad
1565 2809 1678 2855 quas
1710 2790 2005 2840 ecclesiastici

229 2895 466 2945 tenentur,
502 2894 601 2934 tum
635 2889 755 2933 circa
789 2887 884 2932 dies
917 2887 1056 2931 festos
1088 2897 1202 2944 quos
1233 2886 1401 2942 agunt,
1435 2880 1554 2940 quod
1577 2879 1701 2924 enim
1726 2878 1781 2923 ad
1805 2878 1887 2922 hos
1909 2890 2006 2935 spe-

231 2979 351 3028 ctat,
388 2988 446 3018 ex
478 2971 779 3018 orientalibus
821 2970 967 3015 solum
1010 2966 1266 3014 Maronitae
1298 2970 1343 3010 et
1376 2960 1813 3010 Graeci-Melchitae
1845 2962 2006 3016 Grego-

231 3056 415 3101 rianum
452 3053 777 3101 Kalendarium
812 3065 1039 3112 recepere.
