2176 3386
802 179 933 208 mmm
959 179 984 207 1.
1015 178 1072 207 DE
1102 176 1297 207 cmmcls
1889 167 1942 208 95

155 285 510 337 immemorialis
540 285 672 330 cuius
702 298 870 343 nempe
903 284 1024 329 initii
1058 284 1283 330 memorIa
1316 298 1412 330 non
1444 287 1592 340 extat,
1617 283 1944 343 aequiparatur

154 368 422 428 privilegiis,
457 382 574 429 quae
606 369 825 426 abrogata
869 381 962 412 non
1007 371 1261 412 censentur
1310 367 1396 411 nisi
1444 367 1500 412 de
1543 366 1600 411 iis
1647 366 1824 412 mentio
1862 366 1943 412 fiat

159 472 179 493 a
204 467 309 497 cum.
333 453 555 511 beneficia
573 453 806 509 principis
833 456 1041 508 oporteat
1061 464 1153 495 esse
1175 462 1409 495 mansura
1437 468 1475 494 n.
1507 436 1808 495 'Consuetudo
1831 463 1943 495 vero

153 537 306 581 futura
334 535 420 594 legi
455 549 549 580 non
582 534 770 590 resistit,
798 537 844 578 et
875 547 982 579 cum
1019 533 1119 578 talis
1152 531 1263 590 legis
1295 531 1487 577 effectus
1509 530 1693 576 odiosus
1724 531 1799 587 sit,
1836 531 1939 576 stri-

152 623 227 664 cto
260 632 395 663 sensu
431 631 579 677 neque
602 618 722 662 ultra
746 617 843 662 vim
867 616 1116 661 verborum
1145 619 1215 659 est
1238 614 1580 672 intelligendus.
1623 613 1752 667 Quod
1786 614 1938 658 locum

153 717 245 748 non
278 702 417 747 habet
448 701 485 746 si
518 714 732 759 expresse
767 701 921 744 futura
955 697 1240 743 consuetudo
1274 697 1546 755 reprobatur
1576 696 1682 756 quia
1706 696 1818 741 iuris
1839 710 1937 741 cor-

155 787 329 845 ruptela
365 786 396 836 ,¹.

872 935 1107 964 Anicetus
1141 935 1201 963 ιιι.

675 1048 734 1088 De
766 1045 942 1102 leye'bas
973 1046 1232 1101 improprie
1264 1045 1411 1088 dictis

275 1181 369 1224 126.
406 1183 546 1236 Leges
579 1177 826 1236 improprie
859 1177 1004 1222 dictas
1022 1191 1244 1222 vocamus
1282 1178 1319 1233 1)
1343 1190 1460 1235 quae
1484 1176 1623 1221 etiam
1646 1190 1725 1234 per
1751 1177 1936 1233 seleges

149 1276 239 1307 non
273 1261 381 1317 sint,
416 1261 521 1322 quia
555 1275 602 1305 se
637 1262 845 1306 referunt
877 1260 933 1305 ad
957 1273 1090 1304 casus
1112 1264 1159 1304 et
1182 1273 1399 1318 personas
1419 1259 1735 1317 particulares,
1773 1264 1931 1304 tamen

145 1345 390 1403 aliquando
426 1345 521 1406 vim
555 1345 665 1402 legis
699 1344 743 1388 in
779 1344 998 1388 societate
1031 1344 1205 1388 habent
1237 1343 1304 1387 uti
1338 1342 1557 1401 rescripta
1599 1348 1646 1387 et
1678 1342 1935 1387 decisiones
1990 1399 1992 1401 ‚

145 1442 380 1473 sacrorum
414 1428 733 1482 tribunalium,
768 1427 867 1472 sive
916 1429 956 1481 2)
995 1441 1114 1485 quae
1147 1427 1327 1472 etiamsi
1362 1441 1545 1486 semper
1578 1427 1674 1470 vim
1710 1425 1820 1483 legis
1854 1426 1931 1470 ha-

145 1512 284 1557 beant
318 1515 472 1556 tamen
511 1525 589 1569 per
622 1512 809 1555 modum
845 1511 954 1569 legis
986 1511 1108 1555 haud
1142 1513 1409 1555 referuntur
1442 1525 1494 1554 ac
1529 1510 1626 1555 vim
1659 1509 1770 1567 legis
1794 1511 1930 1568 parti-

144 1594 311 1639 cularis
344 1595 515 1639 habent
549 1595 612 1638 uti
649 1594 944 1650 concordata,
981 1593 1081 1639 sive
1116 1595 1157 1650 5)
1194 1608 1311 1653 quae
1355 1593 1449 1638 vim
1484 1593 1594 1651 legis
1638 1592 1930 1652 particularis

144 1679 312 1723 habere
345 1679 563 1724 (licuntur
595 1679 659 1722 uti
696 1678 950 1736 privilegia,
987 1678 1086 1722 sive
1119 1679 1163 1735 4)
1198 1692 1314 1736 quac
1352 1677 1536 1721 tandem
1563 1677 1657 1720 vim
1682 1675 1790 1734 legis
1810 1689 1930 1720 sem-

144 1777 223 1821 per
254 1762 444 1817 habent,
482 1767 637 1806 tamen
673 1766 918 1820 perpetuae
954 1762 999 1805 in
1033 1773 1170 1806 sensu
1207 1760 1317 1804 iuris
1351 1774 1444 1804 non
1486 1764 1595 1804 sunt
1627 1773 1734 1804 cum
1780 1763 1928 1803 morte

148 1847 368 1905 Principis
403 1848 497 1892 vim
532 1848 775 1903 amittant3
813 1847 879 1891 uti
915 1848 1096 1905 regulae
1121 1846 1440 1892 cancellariae.
1480 1846 1673 1891 Proinde
1696 1846 1927 1904 agendum

143 1931 273 1975 nobis
304 1937 373 1975 est
406 1931 461 1975 (16
497 1931 745 1988 rescriptis,
790 1931 845 1976 de
887 1931 1194 1976 decisionibus
1239 1944 1476 1975 sacrorum
1514 1930 1834 1985 tribunalium,
1871 1930 1926 1974 de

141 2014 446 2070 concordatiS,
482 2015 537 2059 de
572 2014 836 2073 privilegiis,
873 2020 918 2059 et
951 2015 1168 2072 deinceps
1200 2014 1254 2059 de
1290 2013 1455 2072 regulis
1488 2013 1812 2059 cancellariae.

793 2171 810 2216 ξ
837 2172 868 2206 1.
907 2192 941 2194 w
967 2171 1026 2206 De
1052 2171 1265 2217 rescriptis.

263 2264 525 2310 Videbimus
560 2266 596 2322 l)
625 2265 680 2333 de
704 2270 869 2309 natura
894 2264 1243 2323 rescriptorum;
1280 2266 1323 2320 2)
1350 2264 1404 2308 (16
1428 2263 1655 2308 divisione
1680 2265 1923 2322 rescripto-

141 2362 268 2405 rum;
306 2349 347 2404 5)
374 2349 428 2393 de
462 2349 790 2407 rescriptorum
825 2347 990 2393 idoneo
1022 2347 1254 2403 subiecto;
1295 2347 1337 2403 4)
1365 2346 1420 2390 de
1455 2347 1500 2390 vi
1536 2345 1727 2390 iuridica
1762 2345 1920 2390 rescri-

142 2438 349 2492 ptorum;
387 2434 427 2486 5)
465 2432 520 2477 de
555 2431 882 2490 rescriptorum
917 2431 1189 2476 cessatione.

676 2565 713 2607 a)
740 2585 786 2588 —
813 2564 871 2600 De
897 2567 1048 2622 nalurq
1071 2564 1382 2610 Rescriptorum.

260 2660 355 2704 127.
397 2660 682 2718 Rescriptum
716 2660 865 2718 quoad
899 2674 1014 2715 rem,
1053 2662 1230 2718 proprie
1264 2664 1310 2703 et
1342 2658 1500 2704 stricte
1533 2662 1774 2716 acceptum
1799 2657 1916 2714 apud

136 2741 400 2787 canonistas
431 2741 673 2787 definitur:
711 2745 995 2799 Responsum
1022 2745 1259 2798 Principis
1292 2745 1341 2786 in
1363 2744 1533 2799 scripto
1555 2742 1720 2785 datum
1744 2741 1807 2784 ad
1830 2740 1916 2784 ali-

254 2898 263 2917 ¹
293 2897 377 2934 Can.
406 2898 427 2933 5
447 2902 482 2934 et
501 2908 617 2945 seqq,
643 2898 726 2934 dist.
745 2898 778 2935 8.
798 2898 885 2934 Can.
915 2898 931 2933 1
959 2903 996 2934 et
1021 2908 1135 2944 seqq,
1162 2898 1246 2934 dist.
1275 2898 1330 2933 11.
1356 2898 1483 2933 Canon
1509 2898 1542 2939 5,
1571 2896 1624 2939 12,
1651 2897 1733 2933 dist.
1755 2896 1809 2938 12;
1839 2906 1915 2941 arg.

135 2979 166 3005 c.
193 2968 226 3013 4,
252 2968 285 3005 d.
314 2969 359 3005 10
384 2973 418 3006 et
445 2980 476 3006 c.
503 2970 536 3012 5,
563 2970 595 3012 5,
623 2970 658 3006 b.
686 2974 709 3006 t.
747 2970 786 3006 L.
813 2969 834 3005 2
861 2969 948 3005 Cod.
977 2979 1070 3015 quae
1098 2970 1144 3005 sit
1171 2969 1283 3015 longa
1308 2974 1472 3005 consuet.
1500 2970 1538 3005 L.
1565 2969 1597 3011 5,
1624 2973 1638 3008 ξ
1663 2968 1694 3010 5,
1722 2966 1756 3003 ff.
1793 2968 1836 3003 de
1864 2977 1917 3003 se-

135 3039 231 3085 pulc.
258 3039 355 3082 viol.,
383 3040 405 3076 l.
435 3040 476 3076 15
503 3040 590 3077 Cod.
