2176 3386
394 0 1083 45 ‚wmffypyfxfjkss'Jkssss”’¹²b²,mn†‚11'.j'
1114 0 1127 9 ⁹
1139 0 1412 25 ⁴(.·²5''{=''·'³**”-⁷)⁷'f
1423 0 1469 19 ἡ*
1481 0 1510 23 ξ·-
1526 0 1575 16 f'n
1612 0 1678 28 >sss
1702 2 1703 6 ¹
1721 0 1737 12 --
1749 0 1806 33 53?-
1820 0 1868 19 'tir
1887 0 1891 5 ¹
1906 0 1982 19 :aff-'f'
1998 17 2019 25 μ
2058 0 2070 29 2
2087 21 2092 26 .

273 30 443 54 ''›⁶.'=¹
504 31 539 42 '7'
634 54 638 58 ’
1149 40 1151 42 .
1304 26 1318 53 ¹*
1377 28 1441 55 Ax.‘
1494 27 1496 30 '
1720 31 1722 33 ·
1775 27 1779 30 ”
1900 28 1926 33 ”

818 166 948 195 mmm
978 166 1002 194 1.
1034 165 1090 194 nr:
1120 165 1313 194 CLl-:mffls
1905 152 1958 193 29

176 273 382 320 cernitur
412 278 549 333 atque
582 271 803 317 sancitur.
841 270 1220 329 Quandoquidem
1256 283 1367 314 vero
1402 283 1566 327 magna
1601 269 1854 314 Australiae
1890 284 1957 314 re-

176 357 247 415 gio
281 357 325 401 in
362 356 522 401 iisdem
555 357 650 400 fere
687 361 898 399 versatur
929 353 1174 404 adiunctis,
1209 353 1374 411 quibus
1408 353 1571 396 Status
1598 352 1792 397 Borealis
1826 354 1956 397 Ame—

178 441 298 484 ricae
331 440 654 494 inveniuntur,
690 438 859 482 idcirco
897 437 993 481 Emi
1026 451 1079 482 ac
1114 436 1215 481 Rrhi
1253 439 1406 480 Patres
1429 436 1597 480 laudati
1625 435 1746 480 Sacri
1771 435 1956 481 Consilii

179 523 223 567 in
258 522 457 568 comitiis
489 522 776 580 generalibus
808 520 976 565 habitis
1007 520 1080 564 die
1113 520 1170 564 ΞΟ
1206 519 1355 564 Martii
1395 519 1504 564 <1866
1538 520 1721 564 easdem
1775 533 1958 563 normas

176 606 231 650 ad
268 605 541 650 Australiam
576 605 912 661 extenderunt3
947 617 1064 662 quae
1097 602 1280 662 quidem
1323 603 1378 647 ad
1421 603 1661 661 sequentia
1703 602 1853 660 capita
1891 617 1958 647 re-

177 689 422 734 ducuntur.

301 767 336 810 l.
373 770 546 810 Omnes
578 781 630 810 ac
664 765 829 824 singuli
864 765 1118 810 Australiae
1151 778 1388 809 sacrorum
1425 763 1825 808 Antistites2tertio
1848 777 1957 822 qno-

177 862 265 907 que
299 863 423 893 anno
457 855 554 893 tum
607 849 961 907 Metropolitano
1005 848 1271 907 provinciae
1314 862 1440 904 suae,
1492 853 1589 892 tum
1626 850 1667 891 S.
1706 851 1867 904 Congr.
1905 847 1959 890 de

179 934 308 989 Prop.
348 932 454 976 Fide
488 932 674 976 nomina
710 932 1000 976 sacerdotum
1034 931 1321 976 exhibebunt
1352 945 1464 990 quos
1498 931 1659 988 dignos
1691 936 1827 989 atque
1868 930 1960 973 ido-

179 1028 289 1059 neos
320 1016 374 1059 ad
411 1029 578 1059 munus
610 1015 864 1073 episcopale
897 1015 1159 1059 obeundum
1184 1014 1573 1059 existimaverint.
1612 1014 1657 1058 ld
1682 1028 1791 1058 vero
1814 1027 1959 1058 secre-

180 1097 354 1142 tissime
389 1100 701 1156 praestabunt,
741 1113 795 1142 ne
831 1099 947 1143 forte
982 1098 1236 1156 cuiuspiam
1271 1098 1463 1142 ambitio
1495 1097 1739 1142 excitetur.

298 1183 339 1225 Ξ.
379 1185 425 1225 ln
463 1181 631 1226 notulis
663 1181 886 1226 eiusmodi
921 1181 1218 1227 conficiendis
1243 1182 1446 1226 maxima
1471 1196 1550 1239 pro
1574 1181 1747 1225 viribus
1771 1185 1961 1225 utentur

179 1276 304 1319 cura,
343 1269 392 1308 ut
424 1265 477 1309 de
510 1265 807 1324 qualitatibus
840 1280 999 1309 eorum
1032 1266 1108 1324 qui
1143 1266 1546 1320 commendantur,
1582 1265 1801 1310 certiores
1828 1264 1956 1308 liant.

299 1349 338 1391 5.
376 1356 525 1401 Quum
560 1348 708 1408 aliqua
743 1349 878 1393 Sedes
912 1349 1149 1393 vacaverit
1181 1349 1278 1393 sivc
1316 1349 1588 1407 Episcopalis
1611 1349 1708 1393 sive
1736 1353 1959 1407 filetropn-

180 1431 338 1487 litana,
377 1432 615 1476 Antistites
647 1446 808 1476 omncs
841 1433 897 1477 ad
932 1447 1045 1491 quos
1080 1434 1325 1491 pertinebit
1358 1447 1540 1477 summo
1586 1431 1793 1477 Pontifici
1837 1446 1960 1476 com-

183 1515 398 1559 mendare
433 1516 556 1560 viros
589 1516 938 1569 ecclesiasticos,
976 1521 1207 1561 uteorum
1234 1531 1351 1560 unus
1374 1517 1555 1561 vacanti
1586 1516 1809 1560 Ecclesiae
1836 1529 1962 1573 prae·

188 1604 398 1654 ponatur,
437 1599 479 1642 in
517 1600 769 1656 Synodum,
806 1600 839 1643 si
888 1600 1006 1644 intra
1060 1606 1149 1644 tres
1193 1613 1374 1643 incuses
1416 1600 1566 1644 locum
1612 1600 1791 1654 babeat,
1830 1604 1879 1643 ut
1914 1599 1958 1642 in

182 1682 423 1740 specialem
459 1688 640 1728 coetum
677 1684 975 1739 convenient,
1012 1689 1063 1728 ut
1083 1686 1220 1729 trium
1241 1686 1401 1729 saltem
1430 1685 1828 1742 proponendorum
1852 1698 1961 1743 qua-

183 1765 332 1809 litates
365 1766 615 1811 discutiant
647 1767 702 1811 ad
739 1767 969 1812 tramitem
1003 1769 1326 1827 quaestionum
1361 1782 1477 1827 quae
1504 1769 1620 1812 lianc
1647 1769 1690 1811 in
1719 1783 1813 1812 rcm
1844 1767 1962 1825 typis

183 1847 428 1906 impressae
463 1851 777 1907 praesentibus
811 1852 952 1896 literis
985 1858 1295 1910 apponuntur.

299 1933 341 1976 4.
381 1937 637 1992 Antequam
667 1949 774 1978 vero
799 1936 1058 1992 praedictus
1080 1941 1340 1980 conventus
1373 1941 1673 1991 convocetur,
1699 1936 1754 1980 ad
1782 1934 1962 1980 Arcliie-

186 2014 417 2073 piscopum
446 2019 514 2060 vel
550 2018 777 2061 seniorem
815 2018 1079 2076 provinciae
1107 2019 1374 2078 Episcopum
1409 2033 1567 2064 eorum
1604 2020 1790 2063 nomina
1818 2024 1960 2062 trans-

186 2098 454 2155 mittentur,
490 2115 602 2159 quos
636 2101 801 2158 singuli
836 2102 1076 2147 Antistites
1109 2103 1501 2147 commendandos
1543 2117 1639 2147 csse
1678 2102 1958 2161 putaverint.

302 2183 342 2226 5.
380 2183 631 2236 Qualitalcs
663 2186 1016 2230 candidatorum
1055 2187 1230 2245 publice
1266 2188 1310 2229 in
1346 2193 1479 2231 coetu
1520 2188 1841 2245 Episcoporum
1876 2186 1962 2229 dis-

184 2265 418 2310 cutientur
466 2269 751 2326 praesidente
794 2270 1144 2328 Archiepiscopo
1187 2272 1258 2315 vel
1307 2271 1486 2315 seniore
1528 2271 1793 2328 proxinciae
1837 2269 1962 2314 Anti-

185 2348 313 2392 stite:
350 2350 563 2409 suffragia
598 2367 708 2396 vero
742 2358 918 2398 secreto
953 2354 998 2398 in
1034 2369 1198 2399 urnam
1236 2355 1562 2399 immittentur.

304 2433 343 2476 6.
383 2436 493 2479 Acta
527 2441 786 2480 conventus
818 2438 871 2481 ad
909 2440 1091 2483 Sacram
1127 2439 1537 2497 Congregationem
1571 2440 1625 2483 de
1671 2439 1962 2497 Propaganda

189 2514 291 2559 Fide
323 2517 380 2560 ab
414 2519 778 2578 Arcbiepiscopo,
817 2523 888 2565 vel
926 2526 1144 2580 Episcopo
1180 2522 1444 2579 provinciae
1479 2523 1657 2566 seniore
1678 2523 1959 2567 deferentur.

305 2600 346 2642 7.
382 2603 507 2653 Quod
544 2603 742 2660 pertinet
782 2605 838 2648 ad
886 2606 1160 2650 electionem
1208 2607 1544 2661 coadiutorum,
1593 2612 1786 2664 excepto
1834 2619 1959 2659 casu,

186 2695 273 2739 quo
308 2684 441 2728 Sedes
474 2687 727 2741 Apostolica
762 2688 848 2732 alia
871 2689 1046 2733 ratione
1069 2691 1295 2747 agendum
1321 2703 1418 2734 esse
1442 2691 1671 2746 statuerit,
1702 2691 1960 2748 Episcopus,

186 2765 261 2822 qui
295 2768 604 2813 coadiutorem
642 2772 771 2829 petit,
807 2773 1056 2829 supplicem
1092 2773 1295 2817 libellum
1330 2774 1382 2816 dc
1416 2788 1468 2817 ea
1503 2789 1550 2818 re
1574 2775 1626 2818 ad
1653 2778 1694 2818 S.
1722 2778 1766 2819 C.
1792 2773 1960 2825 mittet,

187 2848 372 2907 eiusque
420 2852 574 2898 habita
622 2855 775 2910 xenia,
812 2857 1000 2901 nomina
1037 2857 1175 2901 trium
1210 2859 1499 2902 sacerdotum
1530 2858 1877 2915 Arcbiepiscopo
1919 2862 1964 2899 ct

191 2931 420 2991 Episcopis
452 2936 750 2994 suffraganeis
781 2939 1072 2997 significabit,
1107 2941 1183 2999 qui
1218 2942 1366 2985 eidem
1394 2943 1434 2985 S.
1462 2941 1811 2998 Congregationi
1838 2954 1963 2984 men-

189 3020 280 3059 tem
314 3029 445 3062 suam
479 3019 533 3063 de
567 3022 829 3066 coadiutore
863 3022 1070 3079 eligendo
1105 3024 1533 3068 communicabunt.
