2176 3386
234 210 311 249 108
906 218 1014 247 PARS
1046 218 1086 245 11.
1116 218 1172 245 DE
1203 217 1338 245 nunus

234 328 344 372 locis
377 342 487 373 vero
523 327 790 372 Missionum
826 326 909 384 ipsi
943 325 1132 383 probare
1172 325 1333 371 saltem
1373 328 1615 379 tenentur,
1650 323 1733 368 sibi
1771 328 2013 382 suppetere

239 412 404 467 media,
438 411 603 471 quibus
635 410 842 468 propriae
876 407 1218 463 sustentationi,
1252 411 1304 451 ut
1339 421 1416 465 par
1449 411 1534 462 est,
1568 408 1827 452 consulant.

362 496 426 540 15.
465 494 549 548 Qui
577 493 707 538 titulo
730 497 883 537 certae
915 491 1108 536 alicuius
1132 490 1359 535 missionis
1387 491 1443 535 ad
1467 490 1798 535 ecclesiasticos
1819 490 2014 535 Ordines

238 580 608 631 adscenderunt,
650 576 726 620 ubi
772 574 1044 620 Missionarii
1093 574 1291 618 officium
1340 573 1623 629 dimiserint,
1675 574 1830 631 procul
1877 574 2015 618 dubio

237 678 370 709 sium
405 663 628 707 amittunt
661 660 870 714 titulum,
905 674 960 704 ac
992 659 1046 703 de
1083 658 1173 703 alio
1205 658 1287 702 sibi
1322 658 1561 716 providere
1593 658 1786 715 debent,
1833 658 1868 703 si
1906 673 2014 703 xero
2060 654 2063 658 ’

237 747 425 792 alterius
461 745 688 790 missionis
735 743 924 788 servitio
957 743 1265 801 deputentur,
1302 746 1352 786 ut
1385 742 1519 786 huius
1553 741 1781 786 missionis
1831 741 2012 785 titulum

238 834 499 883 assumant,
535 843 655 873 noxa
699 841 811 885 opus
852 827 939 871 erit
978 829 1018 871 S.
1057 826 1180 871 Sedis
1223 825 1550 882 concessione;
1601 839 1748 884 neque
1795 825 1918 869 enim
1953 824 2019 870 eis

241 914 516 970 suffragatur
550 912 765 966 facultas,
802 911 837 954 si
870 924 1008 969 quam
1050 909 1299 954 obtinuerit
1339 909 1437 954 eius
1472 908 1698 953 missionis
1729 908 2013 962 Ordinarius,

242 1000 497 1041 memorato
533 995 663 1038 titulo
695 993 891 1039 Clericos
923 992 1179 1037 ordinandi.

367 1081 435 1124 14.
470 1078 700 1124 Ordinarii
735 1078 779 1121 in
818 1076 1110 1122 missionibus
1157 1081 1348 1120 utantur
1392 1089 1526 1133 opera
1562 1075 1741 1119 illorum
1777 1056 1916 1118 etiam
1950 1087 2019 1118 sa-

244 1163 512 1216 cerdotum,
548 1161 624 1221 qui
657 1161 757 1205 aliis
808 1159 950 1204 titulis
983 1159 1037 1203 ad
1071 1171 1223 1203 sacros
1245 1158 1438 1202 Ordines
1469 1158 1655 1202 admissi
1682 1159 1893 1212 fuerunt,
1929 1170 2020 1201 ser·

243 1247 364 1291 vatis
396 1247 449 1290 de
485 1246 581 1290 iure
615 1244 882 1299 serx‘andis3
928 1257 1076 1302 neque
1117 1242 1242 1287 enim
1277 1242 1358 1299 ipsi
1394 1246 1582 1299 possunt
1622 1255 1698 1285 eos
1736 1241 2020 1297 adstringere

243 1330 299 1374 ad
333 1330 516 1373 titulum
554 1327 782 1372 missionis
814 1326 1171 1383 subrogandum.
1208 1325 1325 1379 Quin
1358 1325 1498 1368 immo
1522 1325 1730 1368 hortatur
1765 1327 1803 1368 S.
1829 1328 2020 1381 Congre-

245 1414 366 1472 gatio
400 1410 701 1466 Ordinarios,'¹
719 1414 769 1454 ut
801 1415 1026 1469 quantum
1052 1409 1147 1453 fieri
1172 1413 1337 1467 potest,
1364 1408 1439 1452 alii
1473 1422 1652 1467 quoque
1678 1407 1865 1465 legitimi
1901 1406 2019 1451 tituli

247 1513 328 1556 pro
361 1511 487 1542 sacra
524 1495 812 1540 ordinatione
848 1493 1217 1538 introducantur.

376 1580 441 1623 15.
478 1578 677 1622 Tandem
715 1582 847 1622 Sacra
872 1576 1170 1633 Congregalio
1205 1575 1584 1619 animadxertens
1606 1574 1893 1619 incremento
1919 1573 2022 1618 Mis-

251 1664 432 1708 sionum
468 1662 714 1720 plurimum
753 1674 879 1719 posse
914 1660 1203 1713 conducere,
1239 1659 1275 1703 si
1307 1659 1383 1718 qui
1421 1658 1463 1702 in
1498 1658 1702 1716 Collegiis
1739 1657 1835 1701 sive
1885 1656 2023 1701 Semi-

249 1747 390 1792 nariis
424 1747 661 1805 utriusque
685 1745 817 1799 Cleri,
839 1743 1065 1801 exangelii
1090 1755 1339 1801 praecones
1374 1756 1479 1786 mox
1515 1741 1673 1796 futuri,
1694 1740 1873 1785 educati
1898 1743 2022 1793 sunt,

254 1830 323 1875 xel
357 1830 434 1889 qui
468 1830 601 1873 titulo
636 1828 865 1872 missionis
887 1828 943 1872 ad
967 1827 1160 1871 Ordines
1186 1827 1310 1869 l'uere
1347 1824 1558 1883 promoti,
1584 1824 1740 1868 animo
1777 1822 2022 1867 identidem

250 1915 456 1959 recolant
489 1913 825 1966 iusiurandum,
858 1925 946 1970 quo
980 1924 1026 1955 se
1056 1909 1421 1961 obstrinxerunt,
1448 1907 1719 1966 cooperandi
1757 1911 1845 1950 Deo
1879 1905 1924 1949 in
1959 1918 2025 1949 sa-

252 2001 393 2043 lutem
429 1998 717 2052 animarum3
754 2009 831 2040 eos
865 1995 1090 2047 hortatur,
1128 1998 1177 2036 ut
1211 1993 1253 2036 in
1290 2005 1439 2036 annos
1472 1991 1674 2047 singulos
1709 1987 2025 2033 anniversaria

252 2082 323 2127 die
359 2081 561 2140 praestiti
608 2079 853 2124 iuramenti
888 2077 996 2122 illud
1034 2080 1241 2134 repetere
1275 2079 1463 2129 curent,
1500 2073 1616 2118 serio
1659 2073 1932 2117 meditantes
1963 2071 2026 2115 di-

254 2166 413 2211 vinam
448 2179 552 2222 erga
587 2178 632 2208 se
668 2162 954 2216 bonitatem,
989 2175 1105 2220 quae
1139 2173 1216 2204 eos
1249 2158 1489 2204 constituit
1522 2157 1650 2203 verbi
1691 2156 1924 2201 ministros
1970 2156 2027 2199 ad

257 2247 577 2293 annuntianda
613 2246 835 2290 mirabilia
870 2244 1056 2289 virtutis
1087 2258 1140 2288 ac
1174 2242 1405 2301 potentiae
1440 2255 1572 2297 snae,
1618 2254 1754 2299 quam
1791 2239 2029 2283 immarce-

257 2333 425 2378 scibilis
458 2331 625 2389 gloriae
659 2343 826 2375 corona
851 2328 915 2373 eis
938 2328 984 2371 in
1009 2327 1145 2371 caelis
1178 2331 1335 2384 parata
1370 2325 1443 2379 sit,
1480 2324 1513 2369 si
1550 2323 1747 2368 ollicinm
1772 2336 1904 2366 suum
1929 2334 2030 2365 san-

256 2422 328 2462 cte
362 2415 684 2474 implex‘erint3
727 2426 957 2472 quamque
981 2426 1004 2455 e
1029 2414 1188 2455 contra
1222 2409 1479 2453 districtum
1517 2411 1700 2451 maneat
1735 2405 1968 2459 iudicium,
1995 2403 2030 2447 si

259 2499 533 2558 negligentia
570 2499 642 2541 xel
675 2495 879 2541 socordia
924 2508 1031 2548 sua,
1066 2493 1184 2552 quod
1218 2492 1360 2547 absit,
1396 2504 1672 2550 quemquam
1708 2488 1854 2547 perire
1889 2486 2032 2532 conti-

259 2584 387 2643 gerit.
438 2583 483 2627 ld
527 2586 716 2635 autem,
751 2593 840 2638 quo
889 2577 1143 2636 promptius
1186 2580 1231 2620 et
1271 2576 1466 2620 alacrius
1517 2576 1780 2632 praestent,
1816 2570 2034 2615 noverint

259 2683 294 2713 s.
332 2682 391 2711 m.
433 2666 557 2711 Pium
596 2667 650 2708 VI
684 2663 730 2707 in
763 2661 997 2706 audientia
1045 2660 1132 2704 diei
1173 2661 1197 2702 7
1240 2658 1367 2703 maii.
1400 2658 1510 2702 >1775
1559 2655 1804 2714 unicuique
1854 2653 2032 2697 illorum

260 2749 510 2809 plenariam
548 2746 914 2804 indulgentiam,
949 2743 1192 2787 animabus
1233 2755 1412 2801 quoque
1447 2740 1493 2783 in
1529 2737 1792 2796 Purgatorio
1837 2733 2035 2779 detentis

231 2831 594 2892 'applicabilem,
630 2835 676 2874 et
708 2827 940 2887 perpetuis
975 2826 1219 2870 valituram
1255 2822 1537 2881 temporibus
1569 2819 1853 2878 impertitum
1878 2816 2032 2870 fuisse,

261 2931 355 2962 non
389 2917 535 2961 solum
570 2929 675 2960 cum
710 2912 993 2971 praedictum
1040 2910 1351 2954 iuramentum
1394 2906 1540 2965 primo
1573 2902 1836 2957 emiserint,
1875 2913 2037 2944 verum

256 3000 400 3051 ‚etiam
437 3012 541 3043 cum
576 2997 685 3041 illud
718 3001 838 3040 stato
872 2995 961 3039 iam
997 2993 1067 3038 die
1101 3005 1298 3037 renovat
1312 2990 1450 3045 erint,
1484 2987 1732 3033 dummodo
1768 2985 1812 3029 in
1844 2988 2036 3042 utroque

264 3097 372 3128 casu
407 3080 738 3128 conscientiam
764 3092 893 3123 suam
920 3074 1230 3135 poenitentiae
1265 3076 1560 3118 sacramento
1583 3069 1768 3128 expiare
1790 3080 1884 3113 non
1906 3064 2036 3110 omit.-
