2176 3386
180 35 185 37 .
251 34 257 37 ,
331 35 336 52 ι
443 46 451 49 -

778 206 909 234 Lmen
937 206 965 234 1.
998 206 1054 234 DE
1084 205 1279 234 eLEmcls
1845 193 1922 233 277

131 328 271 374 quam
306 312 566 358 huiusmodi
600 305 855 367 attentent,
891 311 938 355 in
983 311 1165 356 easdem
1210 324 1380 369 poenas
1420 323 1498 356 eos
1538 310 1768 366 incidere,
1812 324 1925 370 quas

133 395 273 441 ceteri
307 395 553 440 incurrunt
591 394 816 453 Episcopi,
853 393 931 453 qui
966 393 1124 438 eadem
1160 392 1357 438 fecerint
1388 393 1536 452 quoad
1569 393 1743 438 alienos
1775 393 1924 437 subdi-

132 482 203 523 tos
235 483 371 537 atque
406 477 451 522 in
485 478 637 523 aliena
671 477 885 522 dioecesi.

252 562 369 605 Hinc
403 562 448 615 α)
480 560 724 618 Episcopus
757 560 972 615 titularis,
1007 559 1221 619 quamvis
1255 559 1421 614 valide,
1459 558 1614 605 illicite
1638 563 1795 604 tamen
1818 573 1925 604 con-

134 646 273 689 ferret
305 644 474 703 absque
507 643 737 688 Ordinarii
772 643 958 688 licentia
991 647 1336 687 sacramentum
1369 641 1554 687 Ordinis
1586 646 1632 686 et
1674 641 1923 688 Confirma-

132 726 320 772 tionis².
359 730 459 771 Non
496 730 644 784 potest
679 731 855 782 autem,
899 740 1045 785 neque
1086 741 1142 770 ex
1186 726 1371 770 licentia
1414 739 1629 783 expressa
1674 725 1923 782 Ordinarii,

133 824 268 856 suum
302 809 576 855 familiarem
610 809 780 868 absque
812 808 900 854 alio
933 808 1068 853 titulo
1099 822 1239 868 quam
1273 807 1512 853 triennalis
1538 807 1836 853 habitationis
1857 822 1926 853 sa-

133 893 222 938 cris
255 893 437 938 initiare
471 892 730 948 ordinibus,
764 898 865 938 tum
899 894 1006 953 quia
1040 894 1260 952 Episcopo
1293 893 1467 938 titulari
1502 907 1595 937 non
1630 896 1700 936 est:
1742 905 1926 937 conces·

134 991 199 1033 sa,
238 979 329 1022 imo
363 977 607 1021 interdicta
641 981 711 1021 est
744 976 813 1021 sui
853 977 1093 1021 familiaris
1126 976 1353 1035 promotio
1387 991 1444 1022 ex
1478 975 1679 1022 Concilio
1702 975 1925 1020 Tridenti-

134 1075 209 1117 no,
246 1067 344 1105 tum
377 1061 482 1120 quia
524 1061 766 1119 Episcopus
800 1061 999 1106 titularis
1030 1075 1118 1120 qua
1154 1061 1257 1105 talis
1291 1075 1383 1105 non
1418 1065 1568 1119 potest
1601 1059 1813 1104 ordinato
1836 1065 1924 1105 sta-

133 1146 217 1190 tim
252 1144 526 1190 beneficium
562 1146 791 1200 conferre,
828 1150 879 1189 ut
912 1146 1054 1203 exigit
1088 1146 1408 1190 Tridentinum
1443 1145 1641 1203 ipsum'2.

260 1230 361 1273 3⁹25.
399 1233 637 1282 Quaerunt
655 1228 728 1273 hic
756 1232 971 1274 Doctores
994 1244 1052 1273 an
1080 1230 1324 1288 Episcopus
1343 1228 1541 1273 titularis
1559 1228 1699 1287 possit
1722 1229 1778 1272 ad
1799 1229 1928 1274 Ordi-

136 1326 218 1357 nes
243 1326 512 1370 promovere
531 1314 680 1356 civem
713 1312 832 1356 illius
855 1312 1075 1367 civitatis,
1103 1312 1234 1357 cuius
1256 1313 1350 1370 ipse
1375 1313 1513 1356 habet
1545 1311 1731 1356 titulum
1757 1313 1927 1370 episco-

134 1395 299 1454 palem,
336 1394 370 1439 si
406 1395 568 1452 hospes
603 1394 646 1438 in
686 1395 923 1452 regionem
959 1396 1210 1440 diverteret
1245 1395 1319 1439 ubi
1358 1395 1602 1453 Episcopus
1646 1394 1738 1453 ipse
1779 1410 1926 1439 mora-

134 1483 234 1537 tur3
273 1483 318 1523 et
353 1478 630 1536 respondent
662 1479 799 1537 quod,
836 1479 934 1524 sive
967 1485 1130 1538 agatur
1162 1480 1215 1524 de
1249 1494 1302 1524 eo
1334 1479 1411 1539 qui
1446 1479 1491 1524 in
1527 1478 1695 1523 nostris
1733 1478 1926 1536 regioni-

134 1562 218 1606 bus
250 1560 550 1605 christianam
587 1561 855 1619 religionem
891 1562 1186 1620 amplectitur
1219 1566 1263 1607 et
1299 1562 1342 1606 in
1379 1561 1574 1620 patriam
1624 1562 1816 1606 subinde
1860 1576 1926 1606 re-

135 1647 349 1699 vertitur,
385 1644 483 1689 sive
517 1646 571 1689 de
608 1659 661 1690 eo
696 1645 790 1704 qui,
829 1646 1055 1704 baptismo
1089 1650 1299 1704 suscepto
1325 1646 1370 1690 in
1396 1645 1491 1704 ipsa
1520 1645 1711 1690 civitate
1736 1645 1923 1700 inlideli,

136 1728 225 1773 huc
260 1730 422 1786 hospes
464 1729 709 1784 adveniat,
752 1729 995 1788 Episcopus
1035 1730 1232 1774 titularis
1277 1729 1399 1774 licite
1433 1744 1526 1774 non
1572 1734 1721 1788 potest
1769 1729 1922 1774 civem

138 1810 285 1868 ipsum
321 1811 376 1855 ad
420 1824 573 1855 sacros
616 1811 809 1856 Ordines
851 1826 1125 1870 promovere
1169 1826 1253 1857 nec
1293 1813 1332 1857 ei
1378 1812 1556 1857 litteras
1603 1811 1928 1857 dimissoriales

139 1893 248 1938 dare
282 1899 332 1937 ut
365 1894 421 1937 ab
453 1894 540 1938 alio
580 1894 800 1953 Episcopo
835 1896 1088 1940 ordinetur.
1126 1900 1175 1940 In
1212 1896 1358 1954 primo
1392 1895 1514 1939 enim
1559 1909 1664 1939 casu
1707 1895 1811 1940 talis
1852 1895 1927 1940 ad-

137 1991 273 2031 vena,
309 1978 384 2037 qui
420 1978 464 2022 in
504 1978 672 2022 nostris
708 1978 970 2036 regionibus
1009 1978 1143 2023 fidem
1187 1979 1462 2023 catholicam
1497 1980 1738 2037 amplexus
1777 1983 1846 2023 est
1880 1978 1926 2022 in

141 2062 285 2122 iisque
319 2064 591 2122 baptizatus,
631 2064 829 2109 efficitur
862 2068 963 2122 post
995 2065 1275 2124 baptismum
1310 2065 1518 2110 subditus
1542 2066 1718 2110 ratione
1741 2065 1931 2122 originis

138 2146 237 2190 eius
275 2146 495 2206 Episcopi,
534 2148 578 2191 in
619 2147 747 2192 cuius
780 2148 975 2193 dioecesi
1011 2148 1268 2206 baptizatus
1301 2153 1386 2204 est,
1423 2148 1601 2193 ratione
1637 2162 1744 2192 vero
1787 2148 1929 2193 domi·

141 2225 247 2281 cilii,
284 2226 382 2270 eius
417 2227 622 2286 Episcopi
658 2227 704 2271 in
742 2227 883 2271 cuius
905 2227 1098 2272 dioecesi
1134 2228 1418 2273 domicilium
1462 2229 1625 2272 statuit
1668 2228 1795 2272 iuxta
1842 2229 1929 2272 for·

139 2322 262 2352 marn
309 2310 637 2367 praescriptam
680 2310 928 2355 ab‘l'nnoc.
957 2314 1008 2356 ΙΙ.
1039 2310 1068 2355 ².
1124 2316 1170 2356 ln
1205 2310 1293 2355 alio
1326 2324 1434 2355 casu
1468 2324 1573 2355 cum
1609 2309 1822 2354 catholici
1857 2309 1931 2353 de-

139 2396 297 2448 gentes
331 2392 453 2436 inter
487 2392 711 2448 infideleS,
750 2407 834 2438 nec
870 2394 1094 2439 habentes
1129 2395 1398 2453 Episcopum
1435 2393 1793 2448 residentialem,
1828 2392 1930 2436 sub-

139 2473 230 2518 sint
272 2475 318 2520 in
352 2475 522 2521 divinis
557 2477 800 2521 actualiter
833 2482 878 2522 et.
901 2477 1132 2536 privatixe
1156 2491 1292 2522 curae
1319 2477 1390 2521 vel
1415 2476 1708 2521 immediatae
1732 2476 1805 2519 vel
1838 2489 1929 2519 me-

138 2557 287 2603 diatae
328 2559 453 2603 Sedis
496 2559 820 2617 Apostolicae,
856 2574 973 2619 quae
1006 2575 1087 2619 per
1127 2574 1174 2605 se
1210 2562 1281 2605 vel
1317 2575 1396 2619 per
1429 2574 1534 2605 suos
1566 2560 1797 2616 delegatos
1832 2557 1930 2602 sive

139 2644 460 2699 temporaneos
487 2641 587 2687 sive
629 2647 875 2702 perpetuos
897 2657 974 2688 eos
997 2644 1130 2702 regit,
1155 2644 1300 2689 solum
1326 2658 1434 2688 cura
1459 2643 1703 2688 habitualis
1725 2647 1793 2686 est
1814 2641 1932 2699 apud

258 2851 266 2870 ¹
297 2852 468 2888 Salaeni-:z
496 2852 538 2888 de
564 2855 675 2888 matr.
703 2852 766 2889 lib.
798 2853 829 2897 1,
860 2853 955 2898 disp.
986 2853 1039 2896 19;
1066 2853 1237 2889 BAnssosA
1267 2853 1304 2888 in
1330 2852 1418 2889 Coll.
1446 2851 1527 2887 217.

260 2923 271 2941 ²
299 2923 396 2960 Sess.
423 2923 559 2966 XXIII,
586 2923 671 2969 Cap.
700 2923 753 2959 IX
779 2923 823 2960 de
851 2923 1010 2960 Reform.

259 2991 273 3011 ⁸
298 2993 422 3029 Innoc.
450 2993 494 3030 11.
514 2993 551 3029 in
579 2994 702 3032 const.
725 2994 991 3040 Speculatores;
1022 2993 1125 3031 Card.
1151 2994 1206 3029 DE
1221 2993 1323 3030 Luca
1348 2994 1386 3029 in
1411 2995 1534 3029 annot.
1553 2993 1600 3029 ad
1620 2992 1722 3028 Cone.
1750 2991 1846 3027 Disc.
1876 2990 1930 3030 14.

142 3074 177 3100 n.
206 3065 259 3109 t4;
286 3066 367 3102 Pax
393 3065 581 3103 IORDANUS
604 3066 644 3102 T.
676 3066 706 3108 1,
734 3066 814 3103 Lib.
841 3066 874 3109 5,
903 3066 971 3102 Tit.
999 3067 1031 3110 6;
1059 3067 1112 3102 LA
1139 3066 1256 3103 Cn01x
1283 3066 1360 3101 Lib.
1388 3065 1422 3108 6,
1448 3075 1482 3111 p.
1509 3064 1542 3108 2,
1570 3074 1605 3100 n.
1631 3064 1737 3100 2181.
