2176 3386
394 0 415 15 v·
435 0 523 19 'npr
544 0 641 21 3³1⁰*
654 10 671 19 ,1
702 4 709 18 Ι.

368 24 369 27 =
463 34 469 37 -
483 29 485 36 ,
547 22 552 32 ι

533 192 664 221 Lim-:n
693 192 718 222 1.
748 192 804 220 DE
834 191 973 221 REBUS
1002 191 1238 230 Eccmsm:
1267 191 1596 221 SPIRITUALIBUS
1907 180 1958 220 75

289 300 390 345 754.
430 303 565 344 Porro
610 299 664 344 de
709 299 995 345 confessario
1039 299 1188 359 quoad
1233 300 1550 358 poenitentem
1594 300 1867 359 complicem
1910 301 1958 345 in

170 387 359 441 peccato
393 383 530 441 turpi,
566 383 631 429 sic
663 387 733 428 est
765 383 1046 441 habendum,
1081 384 1143 430 illi
1178 398 1235 429 ne
1271 397 1352 443 pro
1385 374 1591 443 tempore
1623 383 1811 443 quidem
1845 383 1957 428 iubi-

170 468 256 512 laei
290 467 557 512 facultatem
605 468 728 512 hunc
768 467 1036 513 absolvendi
1069 472 1340 527 suppetere,
1387 481 1441 512 ac
1476 467 1647 512 nullam
1688 467 1880 513 omnino
1913 473 1959 513 et

170 550 348 595 irritam
383 551 586 595 futuram
619 550 972 607 absolutionem,
1009 550 1044 595 si
1069 565 1172 596 eam
1195 550 1471 610 impertierit
1503 550 1684 596 etiamsi
1708 550 1959 596 absolverit

170 629 342 675 inscius
374 645 452 675 seu
489 631 815 676 reservationis
847 645 925 677 seu
951 632 1231 691 poenitentis
1262 646 1399 691 quem
1426 645 1518 676 non
1542 631 1747 689 agnoxit.
1788 634 1957 676 Verum

169 712 205 757 si
240 713 275 758 is
307 714 548 772 poenitens
582 715 627 758 in
664 715 824 760 mortis
858 715 1051 760 articulo
1084 715 1143 759 sit
1176 715 1608 771 constitutus,-tum
1643 715 1791 759 solum
1825 715 1883 759 ab
1904 728 1958 759 eo

164 798 453 844 Confessario
501 798 675 843 absolvi
725 798 921 857 poterit,
975 812 1081 843 cum
1127 799 1279 843 nullus
1319 799 1513 843 omnino
1558 798 1777 843 Sacerdos
1820 798 1956 854 adsit,

167 882 309 926 etiam
344 881 536 926 minime
569 881 680 926 alias
712 881 1004 940 approbatus,
1041 881 1113 925 cui
1148 881 1247 926 sine
1282 881 1498 926 scandalo
1521 886 1601 926 aut
1626 881 1816 927 infamia
1850 896 1958 927 con·

170 963 286 1008 fiteri
322 964 479 1023 possit.
531 969 590 1010 Ac
623 967 658 1009 si
692 965 862 1025 absque
898 965 1173 1010 necessitate
1209 964 1469 1010 huiusmodi
1503 965 1818 1011 Confessarius
1850 980 1956 1010 eum

171 1048 484 1107 poenitentem
527 1049 806 1106 absolverit,
860 1051 904 1094 in
949 1049 1485 1094 excommunicationem
1532 1049 1651 1094 latae
1697 1050 1957 1094 sententiae

173 1137 377 1178 Romano
413 1132 619 1178 Pontifici
655 1137 938 1178 reservatam
979 1132 1164 1191 speciali
1200 1133 1335 1178 modo
1367 1132 1552 1178 incidet.
1613 1136 1669 1177 At
1703 1132 1860 1177 valide·
1883 1136 1959 1176 ab·

165 1218 330 1261 solvet.

288 1302 388 1346 755.
426 1306 554 1346 Hanc
587 1315 831 1347 censuram
865 1301 1060 1346 incurrit
1093 1302 1236 1347 etiam
1269 1301 1345 1361 qui
1375 1301 1562 1346 simulat
1584 1300 1851 1345 absolvisse.
1890 1299 1957 1344 Li-

169 1385 330 1429 berum
366 1399 475 1429 vero
509 1390 576 1429 est
618 1385 855 1430 absolvere
905 1399 1146 1444 personam
1190 1385 1493 1443 complicem,
1543 1398 1660 1444 quae
1704 1398 1729 1428 a
1772 1388 1959 1442 peccato

166 1468 492 1527 complicitatis
524 1469 728 1514 absoluta
766 1470 854 1514 iam
882 1470 966 1514 fuit
1000 1483 1079 1528 per
1102 1469 1242 1514 alium
1267 1469 1619 1524 confessarium,
1644 1471 1691 1511 at
1716 1466 1801 1511 nisi
1826 1470 1959 1524 cogat

170 1551 434 1607 necessitas,
472 1552 758 1596 suadendum
793 1557 842 1596 ut
874 1553 1086 1610 complex
1120 1553 1176 1597 ab
1212 1552 1296 1596 boc
1329 1565 1376 1596 se
1408 1550 1638 1596 abstineat
1666 1551 1694 1595 ¹.

287 1636 388 1679 756.
428 1635 491 1679 Ad
525 1635 659 1691 haec;
697 1648 829 1680 casus
864 1635 947 1680 iste
982 1635 1022 1679 id
1061 1635 1288 1693 peculiare
1323 1635 1481 1689 habet,
1517 1635 1637 1693 quod
1672 1634 1717 1678 in
1758 1619 1957 1691 generali

166 1722 215 1762 et
246 1719 527 1777 amplissima
561 1719 856 1763 concessione
891 1719 1183 1773 facultatum,
1219 1732 1336 1778 quae
1370 1717 1421 1762 fit
1453 1732 1477 1762 a
1503 1720 1542 1762 S.
1567 1717 1679 1763 Sede
1715 1731 1794 1774 pro
1820 1716 1960 1760 variis

171 1801 373 1846 locorum
407 1801 636 1846 adiunctis
669 1815 1061 1861 personarumque
1086 1802 1251 1856 officio,
1289 1806 1423 1860 prout
1457 1801 1501 1845 in
1527 1801 1636 1846 locis
1661 1800 1953 1856 missionum,

167 1885 434 1930 absolvendi
469 1886 526 1930 ab
558 1886 772 1930 omnibus
795 1886 974 1930 casibus
997 1888 1037 1930 S.
1063 1886 1162 1931 Sedi
1188 1886 1436 1931 reservatis
1467 1885 1610 1930 etiam
1634 1884 1691 1929 ob
1712 1897 1958 1929 censuram

167 1969 352 2028 speciali
388 1969 522 2014 modo
557 1973 868 2024 reservatam,
913 1982 1128 2027 expresse
1163 1967 1423 2026 excipiatur
1463 1966 1688 2012 absolutio
1724 1965 1960 2025 complicis

170 2052 215 2097 in
252 2057 438 2111 peccato
473 2053 642 2111 turpi2.

288 2138 389 2182 757.
430 2137 492 2181 Ad
526 2137 722 2182 alterum
755 2137 875 2197 quod
908 2137 1077 2181 attinet
1110 2137 1163 2181 de
1196 2136 1329 2190 donis
1362 2150 1384 2179 a
1422 2134 1705 2193 regularibus
1737 2133 1955 2191 acceptis,

168 2220 366 2266 sufficiat
401 2226 599 2275 notasse,
636 2219 783 2279 excipi
808 2221 927 2265 dona
952 2220 1317 2264 remuneratoria
1345 2223 1391 2264 et
1415 2232 1569 2262 rerum
1594 2216 1955 2262 medicinalium.

288 2304 389 2349 758.
428 2307 663 2349 Postremo
695 2303 771 2362 qui
805 2318 830 2348 a
865 2304 1107 2349 Sacerdote
1141 2304 1226 2348 hoc
1249 2306 1541 2348 sacramento
1564 2301 1786 2346 abutente
1820 2299 1959 2344 fuerit

167 2387 439 2432 sollicitatus
470 2388 525 2432 ad
559 2387 732 2447 turpia,
769 2387 948 2433 etiamsi
984 2388 1169 2445 longum
1204 2401 1229 2432 a
1263 2386 1585 2432 sollicitatione
1619 2389 1802 2441 tempus
1834 2384 1959 2428 efflu-

171 2472 308 2526 xerit,
345 2472 572 2530 fueritque
605 2470 875 2516 sollicitatus
909 2486 988 2529 pro
1011 2471 1098 2516 alia
1124 2484 1338 2530 persona,
1365 2484 1456 2515 non
1483 2473 1631 2528 potest
1653 2467 1846 2522 absolvi,
1873 2467 1959 2511 nisi

170 2553 498 2599 sollicitantem
531 2554 586 2599 ad
609 2554 904 2600 ordinarium
931 2554 1003 2600 vel
1027 2555 1083 2600 ad
1107 2554 1414 2613 Apostolicam
1438 2553 1597 2598 Sedem
1622 2550 1854 2607 detulerit,
1881 2555 1960 2594 aut

171 2636 208 2680 si
242 2636 399 2681 statim
435 2650 527 2681 non
563 2636 717 2694 possit,
753 2637 1013 2682 delaturum
1046 2651 1185 2696 quam
1220 2636 1420 2696 primum
1456 2637 1723 2694 polliceatur
1747 2634 1778 2678 ³.

292 2720 394 2764 759.
436 2720 731 2764 Denuntiatio
756 2720 852 2764 veri
887 2720 1038 2779 excipi
1062 2719 1201 2764 etiam
1228 2719 1396 2778 poterit
1428 2734 1452 2763 a
1479 2719 1659 2763 Vicario
1682 2718 1956 2777 ApostolicO.

178 2803 358 2849 Etenim
401 2818 506 2849 cum
549 2803 808 2863 quaesitum
852 2805 990 2849 fuerit
1021 2819 1045 2850 a
1082 2807 1186 2863 Sup.
1221 2804 1355 2849 [niv.
1389 2803 1595 2863 Inquisit.
1636 2823 1655 2843 a
1685 2807 1753 2848 An
1790 2803 1957 2848 vicarii

294 2930 303 2948 ¹
334 2930 369 2967 S.
396 2929 436 2967 Ο.
463 2930 510 2967 20
537 2931 622 2967 maii
651 2931 754 2968 1867.

293 3001 305 3019 '
334 3001 368 3038 S,
396 3002 464 3038 Un.
492 3002 596 3047 Inqu.
625 3003 703 3038 Fer.
731 3002 792 3045 IV,
818 3002 840 3039 4
862 3012 938 3048 apr.
967 3003 1070 3039 1871.

293 3073 306 3093 ³
333 3073 483 3120 Gregor.
511 3074 591 3117 XV,
617 3074 742 3111 Const.
774 3075 954 3118 Universi;
983 3075 1118 3111 Bened.
1147 3075 1243 3116 XIV,
1262 3074 1384 3110 Const.
1414 3075 1690 3112 Sacramentum
1711 3074 1962 3111 poenitentiae.
