2176 3386
0 3347 132 3380 ..umis
165 3360 240 3384 ‚sr-

130 2514 139 2523 ἡ
199 2479 282 2506 rum
307 2479 401 2515 quae
427 2469 667 2514 assignantur
692 2478 757 2514 pro
786 2468 989 2505 funeribus.
1029 2467 1105 2503 Iam
1131 2467 1242 2503 Conc.
1272 2466 1370 2502 Trid.
1400 2467 1496 2504 Sess.
1525 2466 1611 2502 XXI
1643 2465 1687 2502 de
1714 2465 1792 2501 Res.
1821 2474 1901 2510 cap.
1929 2463 1981 2499 111

188 171 270 213 384
413 171 418 174 ’
830 181 941 230 PARS
969 183 993 211 1.
1028 183 1086 212 DE
1113 181 1326 212 pansoms

193 295 289 336 tere
314 290 344 335 ¹.
380 293 531 344 Quare
561 288 797 347 eligendus
827 288 1078 348 quotannis
1108 303 1134 334 a
1169 288 1375 347 Capitulo
1406 288 1666 334 Canonicus
1707 288 1815 335 olim
1862 291 1969 336 Obe-

191 373 476 419 dientiarius
506 371 672 427 dictus,
708 386 833 416 nunc
868 385 977 417 vero
1011 375 1270 418 Punctator
1291 372 1323 417 ².
1790 363 1795 368 ⁸

312 456 377 501 Ad
411 456 547 501 haec:
583 454 930 499 distributiones
961 453 1253 513 quotidianas
1282 454 1457 499 amittit
1484 454 1688 514 quisquis
1709 454 1849 500 choro
1872 468 1964 500 non

193 539 409 595 interest,
444 539 584 583 etiam
630 536 888 583 vacationis
928 536 1199 594 temporc³,
1247 551 1338 582 non
1381 538 1592 582 obstante
1634 537 1968 582 consuetudine

192 621 332 666 etiam
367 620 719 666 immemorabili
742 624 789 664 et
811 619 1220 664 constitutionibus
1241 619 1568 679 capitularibus
1591 620 1625 678 ⁴3
1650 619 1824 665 amittit
1846 621 1968 664 insu-

194 719 274 763 per
304 705 380 764 qui
416 719 507 750 non
543 704 692 763 psallit
723 708 771 749 et
801 703 878 762 qui
912 703 1084 748 recedit
1119 703 1303 748 missam
1339 704 1652 749 celebraturus
1686 705 1762 749 vel
1789 707 1841 748 ut
1862 717 1969 749 con-

194 789 414 834 sessiones
445 787 618 843 audiat,
655 787 741 833 nisi
778 787 939 832 iussus.

311 872 413 917 488.
454 875 621 916 Verum
655 886 712 916 ex
751 870 974 916 Ecclesiae
1008 870 1177 928 pietate
1209 871 1432 930 quaedam
1469 874 1577 915 sunt
1599 885 1780 927 causae,
1805 870 1973 930 quibus

193 955 333 1016 siquis
370 970 395 1000 a
435 956 574 1000 choro
606 954 724 999 absit
757 969 849 999 non
884 954 1053 999 idcirco
1086 954 1406 998 distributione
1433 954 1654 1012 privatur.
1697 959 1812 999 Sunt
1847 955 1932 1000 hae
1958 955 1972 979 ⁵

196 1040 466 1098 infirmitas,
503 1053 580 1083 seu
616 1041 739 1083 iusta
772 1045 814 1082 et
845 1038 1160 1082 rationabiles
1185 1038 1444 1094 corporalis
1483 1040 1728 1082 ‘necessitas
1764 1043 1847 1083 aut
1883 1041 1972 1082 evi-

193 1123 307 1167 dens
345 1123 570 1166 Ecclesiae
602 1122 796 1166 utilitas.
845 1124 900 1166 At
934 1125 979 1165 in
1015 1121 1137 1165 hisce
1171 1120 1320 1165 causis
1352 1121 1637 1165 observanda
1670 1134 1834 1165 sacrae.
1859 1123 1974 1166 Con-

194 1204 284 1250 cilii
317 1204 692 1263 Congregationis
723 1193 924 1259 decreta,
960 1219 1014 1248 ne
1048 1203 1391 1249 distributiones
1429 1204 1481 1248 iis
1513 1204 1839 1260 decernantur,
1874 1204 1973 1264 qui-

194 1288 277 1332 bus
310 1287 502 1332 minime
544 1287 783 1332 debentur.
829 1287 1002 1345 Igitur:
1054 1288 1090 1342 l)
1137 1286 1309 1330 Infirmi
1343 1286 1378 1330 si
1412 1286 1518 1330 dum
1555 1291 1683 1331 erant
1720 1285 1974 1332 incolumes

194 1365 335 1417 choro
378 1372 598 1416 interesse
642 1375 1012 1426 consueverunt,
1058 1384 1134 1415 eas
1176 1371 1437 1425 lucrantur,
1473 1371 1558 1415 nisi
1602 1370 1722 1415 aliud
1755 1371 1974 1416 ccclesiae

195 1454 380 1499 statutis
413 1455 484 1499 vel
517 1455 851 1499 consuetudine
879 1456 938 1499 sit
965 1454 1280 1499 introductum
1308 1453 1341 1510 ⁶,
1377 1459 1423 1498 et
1447 1454 1475 1497 ii
1499 1453 1577 1513 qui
1612 1455 1860 1513 prudenter
1882 1469 1974 1499 me-

195 1543 334 1583 tuunt
367 1538 608 1594 infirmari,
649 1539 684 1583 si
718 1539 774 1583 ad
806 1539 998 1583 chorum
1033 1538 1324 1583 accesserint.
1372 1543 1470 1583 Huc
1504 1538 1736 1596 pertinent
1768 1539 1892 1584 coeci
1926 1543 1974 1584 et

316 1684 324 1702 ¹
355 1683 389 1720 S.
415 1683 454 1719 C.
484 1683 591 1720 Conc.
621 1683 717 1728 apud
743 1683 882 1719 Bened.
910 1683 1009 1727 XIV,
1037 1683 1123 1719 Inst.
1160 1682 1238 1725 107,
1265 1687 1278 1723 ἓ
1306 1683 1338 1726 7,
1365 1693 1399 1719 n.
1426 1681 1486 1717 42.

315 1755 327 1774 ²
355 1756 490 1791 Bencd.
521 1754 606 1790 XIV
632 1756 673 1792 cle
701 1756 794 1801 Syn„
821 1755 885 1791 lib.
904 1755 965 1797 IV,
986 1760 1064 1800 cap.
1085 1754 1144 1798 IV,
1164 1764 1198 1790 n.
1217 1753 1253 1789 2.
1291 1754 1578 1790 Distributiones
1605 1753 1773 1799 generice
1804 1756 1976 1798 acceptae

196 1832 283 1864 sunt
308 1827 471 1864 redditus
498 1826 752 1869 ecclesiastici,
780 1827 842 1872 qui
869 1836 914 1862 ex
942 1827 1130 1862 communi
1156 1826 1317 1872 quadam
1346 1825 1618 1862 Canonicorum
1644 1825 1700 1861 vel
1722 1824 1978 1862 Beneficiario-

197 1907 277 1934 rum
303 1907 426 1933 massa
450 1897 608 1942 singulis
635 1897 914 1938 distribuuntur,
943 1896 1020 1932 sive
1047 1897 1187 1932 ratione
1216 1895 1397 1938 beneficii,
1423 1896 1500 1932 sive
1527 1895 1665 1931 servitii
1695 1894 1875 1939 choralis,
1899 1894 1977 1930 sive

197 1970 337 2006 ratione
364 1969 471 2005 realis
500 1970 726 2014 praesentiae
761 1978 803 2005 ac
840 1968 953 2004 veluti
990 1968 1112 2004 salarii
1148 1967 1352 2012 personalis
1386 1977 1451 2013 pro
1487 1966 1696 2012 particulari
1733 1966 1857 2012 aliquo
1889 1975 1978 2003 casu

197 2042 304 2077 inito.
332 2041 436 2078 Unde
461 2041 674 2078 earumdem
701 2041 845 2086 species
871 2040 1100 2085 quadruplex
1130 2039 1308 2084 distingui
1336 2043 1475 2085 potest:
1511 2039 1544 2082 1)
1569 2047 1695 2074 earum
1722 2047 1815 2083 quae
1842 2036 1978 2074 alicubi

198 2117 323 2149 tenent
350 2113 473 2148 locum
499 2113 617 2157 ipsius
646 2111 815 2147 beneficii
853 2117 888 2147 et
921 2111 1058 2147 fructus
1091 2111 1208 2155 grossi
1246 2111 1355 2146 etiam
1389 2109 1630 2156 appellantur.
1657 2109 1694 2155 2)
1721 2109 1857 2145 Earum
1883 2117 1977 2154 quae

199 2185 344 2231 proprie
371 2185 650 2221 distributiones
678 2184 917 2230 quotidianae
951 2183 1124 2220 dicuntur
1160 2183 1390 2228 praemiique
1423 2182 1503 2218 loco
1541 2182 1760 2218 constitutae
1795 2186 1882 2218 sunt
1913 2190 1978 2226 pro

200 2258 256 2299 iis,
283 2257 345 2303 qui
372 2257 484 2293 choro
511 2257 703 2298 intersunt,
720 2256 796 2292 sive
822 2266 867 2292 ex
896 2255 1070 2301 peculiari
1099 2265 1232 2297 massa,
1260 2254 1338 2290 sive
1364 2264 1410 2290 ex
1430 2254 1534 2290 tertia
1553 2258 1652 2299 parte
1673 2253 1854 2289 fructuum
1874 2261 1979 2298 gros-

200 2338 344 2371 sorum,
383 2328 413 2364 si
450 2332 588 2364 tantum
624 2338 669 2364 ex
703 2327 757 2363 eis
785 2327 996 2373 praebenda
1022 2330 1178 2363 constat.
1218 2326 1255 2372 5)
1283 2326 1417 2362 Earum
1444 2335 1538 2371 quae
1565 2325 1775 2370 assignatae
1801 2327 1886 2360 sunt
1915 2333 1979 2368 pro

200 2400 310 2436 certis
338 2399 495 2445 fixisque
523 2397 698 2435 oneribus
726 2398 932 2440 Missarum,
959 2397 1312 2440 anniversariorum,
1337 2397 1567 2441 aliarumque
1586 2395 1830 2432 functionum.
1854 2394 1891 2439 4)
1909 2394 1980 2430 Ea-

201 2540 308 2576 iussit
335 2540 477 2576 tertiam
503 2527 687 2576 fructuum
714 2548 1030 2585 quorumcumque
1057 2541 1299 2583 proventuum
1327 2542 1363 2574 et
1381 2537 1647 2573 obventionum
1667 2541 1740 2572 tam
1758 2535 1979 2581 dignitatum

200 2621 311 2658 quam
337 2611 635 2653 canonicatuum,
663 2615 939 2657 personatuum,
968 2610 1178 2656 portionum
1205 2614 1240 2646 et
1267 2608 1472 2646 officiorum
1499 2607 1660 2654 separari
1686 2611 1722 2643 et
1749 2608 1786 2643 in
1803 2605 1981 2643 distribu-

202 2683 321 2720 tiones
347 2684 532 2723 constitui.

323 2753 336 2773 ³
363 2755 445 2791 Sac.
472 2755 607 2800 Congr.
632 2755 741 2791 Conc-
774 2755 812 2790 in
840 2754 966 2790 Asten.
992 2753 1039 2789 20
1066 2753 1147 2789 Iulii
1178 2752 1279 2790 1874.

322 2824 335 2844 '⁵
363 2825 396 2861 S.
427 2825 559 2871 Congr.
590 2825 701 2862 Conc.
728 2824 767 2860 in
794 2825 1046 2861 Ravennaten.
1073 2822 1120 2859 20
1146 2823 1245 2868 Sept.
1277 2822 1377 2859 1879.

323 2895 336 2916 ³
362 2897 419 2934 Ex
444 2897 592 2934 decreto
618 2896 796 2933 Bonitac-ii
826 2895 922 2938 VIII,
949 2904 1030 2940 cap.
1057 2894 1356 2931 Consuetudinem
1388 2893 1485 2931 unic.
1511 2893 1556 2929 de
1581 2892 1668 2930 cler.
1695 2900 1769 2928 non
1796 2890 1916 2934 resid„
1942 2890 1981 2926 in

205 2978 314 3006 usum
341 2972 536 3005 revocatae
562 2978 584 3004 a
609 2968 705 3004 Trid.
731 2968 842 3004 Conc.

324 3039 338 3060 ⁸
363 3040 399 3077 S.
428 3041 565 3087 Congr.
592 3040 705 3077 Conc.
736 3041 778 3077 17
806 3040 912 3078 Febr.
940 3039 1044 3076 1858.
