2176 3386
214 158 265 199 14
853 170 963 200 PARS
994 171 1019 199 1.
1050 171 1107 200 DE
1135 170 1347 200 pansoms

333 276 403 321 27.
438 280 487 320 In
523 276 682 335 primis
713 277 862 335 quoad
896 276 1163 322 Hiberniam
1195 289 1320 321 anno
1357 277 1467 322 1829
1490 280 1574 322 sub
1595 277 1668 323 die
1706 279 1757 324 17
1780 252 1991 326 Octobris

213 360 254 403 S.
289 362 333 405 C.
369 361 498 417 Prop.
533 358 652 403 Fidei
688 359 774 404 hoc
806 359 950 404 edidit
983 359 1220 403 decretum
1267 378 1286 398 α
1313 362 1424 404 Cum
1457 360 1513 405 ad
1546 361 1870 419 gravissimum
1903 364 1993 409 ele-

212 441 381 486 ctionis
413 441 658 486 Hiberniae
696 442 1018 500 Episcoporum
1054 443 1290 500 negotium
1330 443 1416 488 rite
1467 449 1717 504 sancteque
1750 445 1992 492 absolven-

212 525 321 569 dum
357 531 532 570 certam
565 526 763 583 aliquam
800 526 1067 570 methodum
1102 525 1269 585 ubique
1315 526 1360 570 in
1411 540 1464 572 eo
1514 531 1667 586 Regno
1710 528 1990 575 serxandam

212 612 415 653 statuere
448 608 492 652 in
529 607 686 666 primis
717 611 1028 666 opportunum
1061 621 1158 652 esse
1192 611 1231 653 S.
1266 611 1309 654 C.
1334 608 1630 666 intellexerit,
1655 625 1744 670 qua
1769 611 1914 668 fieret,
1941 616 1994 656 ut

213 753 378 799 adeoque
408 754 572 789 Ecclesia
599 754 634 788 in
662 754 882 790 Dioecesum
909 758 971 790 aut
997 753 1251 790 Vicariatuum
1277 753 1456 792 limitibus
1483 756 1751 793 constituendis
1780 757 1837 793 vel
1864 757 1994 794 immu-

212 825 332 861 tandis
359 825 523 860 civilium
558 834 757 870 regnorum
796 825 1000 861 divisiones
1039 826 1142 870 sequi
1182 834 1257 861 non
1295 827 1546 871 consueverit;
1585 827 1830 865 nihilominus
1855 829 1901 865 ad
1927 838 1990 866 eas

211 906 489 942 nonnumquam
517 897 690 933 accedere
722 906 798 932 non
824 897 965 935 renuit.
991 897 1135 942 quoties
1174 898 1418 943 opportunius
1445 903 1481 934 et
1505 899 1737 936 commodius
1763 901 1856 936 sacri
1883 900 1990 936 mini-

212 969 310 1004 sterii
338 968 552 1004 exercitium
582 968 614 1003 id
645 968 855 1014 requireret.
883 968 914 1003 5.
943 968 1178 1014 Exprimatur
1205 978 1381 1005 numerus
1408 969 1609 1012 civitatum,
1636 970 1855 1016 oppidorum
1883 975 1918 1007 et
1938 972 1990 1008 lo-

211 1051 349 1082 corum,
377 1041 437 1085 qui
460 1041 496 1076 in
524 1044 638 1076 tractu
667 1040 840 1085 regionis,
868 1039 911 1075 de
939 1049 1012 1085 quo
1040 1040 1182 1085 agitur,
1209 1045 1352 1084 extant3
1389 1050 1456 1076 nec
1483 1051 1558 1076 non
1586 1051 1759 1078 numerus
1785 1042 1990 1079 incolarum

210 1122 411 1157 eorumque
439 1113 564 1157 origo;
602 1112 764 1156 imsuper
789 1121 863 1156 qua
891 1111 1012 1147 indole
1046 1112 1120 1148 sint
1146 1112 1369 1157 comparati,
1396 1121 1564 1158 quaeque
1594 1123 1680 1159 spes
1712 1112 1888 1159 affulgeat
1913 1124 1992 1160 pro-

211 1193 360 1229 gressus
390 1183 628 1228 evangelicae
664 1182 946 1228 praedicationis
969 1183 1063 1218 inter
1090 1183 1201 1228 ipsos.
1241 1182 1273 1218 Ιι.
1304 1183 1361 1219 An
1390 1183 1426 1218 in
1454 1184 1635 1219 territorio
1667 1184 1789 1220 adsint
1816 1185 1989 1221 haeretici

210 1255 265 1291 vel
293 1254 530 1297 schismatici,
550 1257 585 1289 et
605 1262 653 1289 an
672 1263 798 1289 eorum
827 1263 971 1289 errores
991 1253 1065 1289 sint
1084 1253 1189 1290 valde
1216 1253 1348 1290 dill'usi.
1376 1253 1408 1290 5.
1434 1255 1490 1290 An
1508 1258 1543 1290 et
1563 1264 1636 1300 quo
1655 1264 1809 1291 numero
1833 1255 1993 1292 existant

210 1326 302 1361 inibi
322 1325 471 1361 scholae
490 1324 607 1360 aliave
636 1325 801 1360 instituta
826 1324 873 1360 ab
901 1324 1117 1361 acatholicis
1137 1324 1194 1360 vel
1220 1324 1432 1361 infidelibus
1450 1329 1580 1361 erecta.
1609 1325 1642 1361 6.
1671 1327 1729 1361 An
1755 1324 1869 1361 libere
1896 1326 1991 1371 posit

211 1407 275 1444 per
299 1407 342 1433 ea
367 1397 447 1432 loca
475 1395 677 1442 praedicari
706 1400 741 1432 et
766 1396 927 1432 exerceri
957 1396 1140 1432 catholica
1167 1395 1279 1440 fides,
1306 1402 1341 1432 et
1367 1405 1414 1432 an
1440 1401 1476 1432 et
1505 1406 1598 1442 quae
1638 1396 1902 1442 impedimenta
1926 1396 1990 1432 ob-

210 1473 306 1505 stent
334 1468 546 1514 progressui
573 1467 777 1512 religionis,
805 1467 882 1503 sive
909 1477 955 1503 ex
981 1473 1081 1512 parte
1117 1467 1237 1503 civilis
1264 1467 1451 1512 gubernii,
1480 1467 1555 1503 sive
1583 1477 1627 1503 ex
1654 1471 1755 1513 parte
1792 1466 1992 1503 haeretico-

210 1549 291 1576 rum
320 1540 375 1576 vel
403 1539 722 1575 schismaticorum
754 1544 817 1574 aut
844 1547 1085 1584 paganorum.
1125 1538 1158 1574 7.
1184 1539 1422 1584 Exprimatur
1451 1548 1626 1575 numerus
1663 1538 1929 1575 catholicorum
1954 1543 1990 1574 et

209 1613 362 1659 quinam
399 1621 526 1647 eorum
554 1620 697 1652 mores,
725 1614 760 1646 et
786 1619 873 1646 nuni
902 1610 1010 1646 fidem
1042 1615 1077 1646 et
1103 1611 1374 1647 observantiam
1407 1614 1554 1646 sanctae
1598 1610 1796 1655 Religionis
1827 1610 1989 1655 practice

209 1687 364 1719 servent.
392 1683 423 1717 8.
453 1683 510 1718 An
537 1682 646 1718 iidem
675 1681 845 1717 catholici
875 1682 1035 1718 habeant
1060 1682 1181 1718 media
1207 1681 1421 1728 providendi
1449 1681 1623 1727 expensis
1649 1680 1774 1716 divino
1799 1679 1911 1716 cultui
1930 1688 1990 1715 ne-

209 1754 389 1790 cessariis.
425 1754 457 1789 9.
485 1753 543 1788 An
571 1753 798 1798 reperiantur
829 1753 1028 1789 consociati
1058 1753 1095 1788 in
1122 1752 1309 1798 aliquibus
1342 1752 1510 1788 territorii
1543 1751 1740 1793 tractibus,
1766 1750 1825 1796 vel
1862 1753 1990 1786 contra

210 1827 259 1862 ita
288 1836 350 1870 per
377 1830 490 1861 totam
508 1825 698 1869 regionem
718 1824 873 1869 dispersi
894 1824 987 1860 inter
1005 1824 1231 1860 acatholicos
1255 1828 1317 1861 aut
1344 1824 1523 1867 infideles,
1551 1829 1589 1860 ut
1615 1822 1764 1859 difficile
1790 1822 1988 1858 admodum

209 1898 338 1934 evadat
366 1897 545 1942 operariis
564 1896 791 1941 evangelicis
810 1905 981 1932 exercere
1001 1896 1244 1932 ministerium
1264 1895 1556 1932 ecclesiasticum
1576 1895 1670 1930 inter
1687 1893 1798 1938 ipsos.
1827 1893 1881 1929 10.
1909 1892 1990 1935 Qua

210 1971 247 2006 in
273 1970 363 2006 urbe
391 1968 447 2005 vel
468 1962 554 2004 'loco
581 1966 841 2004 constituenda
869 1971 1097 2012 proponatur
1124 1966 1322 2003 residentia
1348 1965 1536 2011 Episcopi,
1557 1964 1705 2008 Vicarii,
1728 1963 1784 1999 vel
1810 1962 1987 1999 Praefecti

210 2042 431 2088 Apostolici;
460 2044 570 2086 atque
597 2044 718 2076 utrum
745 2043 780 2075 et
806 2039 844 2074 in
864 2048 938 2084 quo
965 2043 1061 2074 statu
1088 2038 1180 2073 adsit
1210 2037 1297 2074 inibi
1326 2036 1483 2073 ecclesia
1500 2041 1536 2072 et
1554 2035 1695 2079 domus,
1716 2035 1753 2070 in
1779 2043 1852 2079 qua
1870 2042 1989 2069 novus

209 2113 355 2160 praesul
381 2111 601 2148 commorari
629 2109 770 2146 debeat.
802 2109 855 2144 11.
884 2108 1070 2144 Indicetur
1095 2116 1272 2143 numerus
1298 2112 1334 2142 et
1360 2110 1476 2142 status
1503 2104 1742 2141 ecclesiarum
1773 2109 1807 2139 et
1835 2102 1988 2139 sacello-

209 2193 303 2226 rum,
329 2192 423 2228 quae
451 2182 488 2217 in
516 2180 697 2216 territorio
727 2184 847 2216 erecta
873 2183 974 2222 sunt;
1010 2188 1099 2214 num
1126 2179 1197 2214 sint
1225 2177 1339 2213 sacris
1367 2175 1659 2222 supellectilibus
1686 2173 1905 2210 necessariis
1937 2172 1990 2208 in-

210 2259 360 2297 structa,
377 2258 411 2289 et
439 2258 558 2289 utrum
587 2251 715 2287 saltem
738 2251 772 2286 in
793 2250 1003 2296 praecipuis
1023 2249 1190 2286 ecclesiis
1211 2249 1267 2285 vel
1294 2248 1439 2284 sacellis
1465 2248 1639 2284 decenter
1663 2245 1843 2283 asservari
1872 2244 1988 2291 possit

209 2326 490 2363 sanctissimum
517 2324 771 2362 Eucharistiae
798 2323 1096 2359 Sacramentum:
1128 2331 1175 2358 an
1203 2320 1274 2363 illa,
1303 2321 1340 2356 in
1366 2320 1501 2366 quibus
1533 2319 1693 2355 residere
1720 2317 1877 2353 debeant
1903 2315 1987 2351 mis-

210 2401 373 2443 sionarii,
402 2399 562 2436 habeant
587 2398 825 2435 coniunctum
853 2396 1132 2442 presbyterium,
1160 2400 1221 2432 aut
1248 2394 1379 2430 saltem
1406 2394 1443 2429 in
1471 2393 1598 2428 iisdem
1640 2391 1731 2427 loeis
1761 2389 1986 2427 conveniens

209 2474 354 2510 mansio
383 2481 446 2518 pro
473 2470 662 2507 sacerdote
690 2467 875 2515 procurari
895 2467 1027 2513 possit:
1053 2466 1212 2511 denique
1232 2475 1279 2502 an
1301 2464 1505 2510 praedictae
1532 2462 1710 2499 ecclesiae
1735 2460 1879 2506 aliquos
1906 2457 1987 2494 red-

209 2543 308 2580 ditus
335 2543 391 2579 vel
419 2541 627 2578 oblationes
656 2540 826 2580 habeant,
853 2544 889 2575 et
914 2547 1023 2584 quas3
1049 2543 1085 2574 et
1111 2546 1185 2582 qua
1214 2536 1354 2572 ratione
1380 2534 1695 2571 administrentur.
1733 2530 1787 2567 12.
1816 2530 1885 2573 Qui
1912 2529 1990 2566 red-

210 2614 309 2651 ditus
334 2613 392 2650 vel
420 2612 684 2659 praestationes
711 2610 892 2655 assignari
930 2610 1071 2655 possint
1096 2607 1357 2654 Episcopatui,
1384 2605 1603 2647 Vicariatui,
1632 2603 1688 2640 vel
1715 2601 1986 2643 Praefecturae,

210 2690 246 2722 et
271 2695 344 2732 quo
371 2685 480 2721 modo
510 2694 573 2730 per
598 2683 725 2719 eadem
763 2681 946 2728 provideri
974 2680 1091 2717 valeat
1117 2677 1374 2716 sustentationi
1402 2675 1567 2712 Praesuli
1595 2680 1630 2711 et
1657 2671 1987 2710 missionariorum.

212 2757 266 2793 15.
294 2757 422 2793 Utrum
449 2755 607 2792 obtineri
635 2754 778 2800 possint
803 2753 969 2790 subsidia
995 2762 1017 2788 a
1043 2751 1142 2788 civili
1169 2751 1356 2788 Gubernio
1383 2750 1429 2786 ad
1455 2749 1633 2785 fabricam
1655 2747 1908 2787 ecclesiarum,
1936 2746 1989 2781 vi-

210 2833 310 2864 ctum
337 2826 566 2863 sacerdotum
594 2830 630 2861 et
655 2825 880 2861 dotationem
907 2823 1052 2869 piorum
1078 2830 1398 2868 quorumcumque
1425 2828 1599 2866 operum,
1627 2817 1732 2854 salva
1758 2817 1926 2853 libertate
1952 2819 1988 2852 et

211 2897 499 2944 independentia
525 2895 722 2932 Ecclesiae.
764 2894 817 2930 14.
846 2894 942 2937 Quot
967 2892 1191 2929 missionarii
1220 2893 1257 2928 in
1297 2894 1467 2938 promptu
1505 2890 1578 2925 sint
1617 2893 1655 2925 ut
1689 2888 1911 2934 deputentur
1942 2885 1988 2922 ad

210 2968 416 3015 pascendos
443 2967 582 3011 fideles,
608 2967 671 3012 qui
699 2967 735 3002 in
761 2966 943 3002 territorio
970 2965 1156 3011 praedicto
1183 2967 1458 3000 commorantur
1467 2972 1477 3005 3
1510 2960 1556 2996 ad
1593 2968 1704 3006 quam
1733 2964 1880 3005 gentem
1907 2965 1988 3003 per-

210 3042 364 3085 tineant,
390 3043 479 3086 quot
506 3039 652 3084 linguas
678 3037 845 3081 calleant,
864 3041 899 3074 et
918 3046 940 3073 a
957 3041 1095 3082 quanto
1115 3040 1278 3081 tempore
1297 3036 1486 3070 morentur
1511 3031 1549 3067 in
1576 3030 1828 3067 missionibus.
1856 3027 1909 3064 15.
1929 3027 1988 3064 An
