2176 3386
202 183 256 222 58
847 191 957 220 PARS
986 191 1009 219 1.
1045 191 1101 219 DE
1130 190 1342 220 Pssasoms

206 314 313 344 men
347 300 488 344 falsae
520 303 601 343 aut
634 298 826 345 vitiatae
861 302 1075 343 monetae
1108 312 1278 343 aureae
1304 298 1376 343 vel
1408 303 1655 356 argenteae
1677 300 1707 344 ¹.
1747 303 1811 344 Ex
1834 300 1989 345 crimi-

205 382 340 428 nibus
373 383 552 427 mixtis:
594 384 632 440 l)
676 382 858 427 Crimen
901 395 1091 427 aversae
1139 381 1323 427 veneris
1366 381 1464 440 plus
1495 383 1637 427 semel
1678 382 1927 427 admissum
1953 383 1984 426 ².

205 466 248 522 2)
275 465 469 510 Falsatio
503 465 780 509 Litterarum
817 465 1179 523 Apostolicarum
1204 464 1235 508 ³.
1279 465 1321 521 5)
1350 468 1538 509 Furtum
1573 465 1845 522 sacrilegum
1879 467 1988 509 San-

206 548 438 594 ctissimae.
475 548 789 593 Eucharistiae
815 548 845 592 ¹³.
1811 605 1818 610 ἱ

387 633 426 687 b)
467 631 736 689 Degradatio
769 632 827 675 ob
858 631 945 676 alia
979 630 1172 675 crimina
1213 630 1353 675 etiam
1399 629 1636 675 recensitis
1676 630 1887 688 graviora
1922 629 1987 674 in-

206 718 298 776 fligi
334 716 509 776 nequit,
547 715 633 759 nisi
668 715 878 770 clericus,
914 714 1211 774 depositionis
1235 704 1802 759 eteXcommunicationis
1830 713 1989 772 poenis

204 807 341 847 autea
375 803 620 855 coercitus,
659 799 851 844 minime
885 799 1128 857 resipuerit
1158 799 1186 842 ⁵.

858 978 967 1031 De
1019 977 1346 1032 ClericiS.

326 1134 397 1176 97.
436 1132 570 1176 Hisce
606 1131 869 1189 praemissis
901 1136 1139 1190 tamquam
1176 1132 1607 1188 prolegomeuorum
1634 1144 1786 1186 causa,
1812 1130 1866 1175 ad
1890 1144 1989 1189 pro-

207 1216 402 1274 positam
449 1216 773 1260 tractationem
818 1215 872 1259 de
915 1213 1099 1259 Clericis
1142 1215 1187 1258 in
1223 1214 1308 1259 hoc
1342 1213 1487 1271 primo
1526 1213 1638 1258 libro
1683 1214 1989 1258 evolvendam

207 1300 425 1345 accedere
462 1303 657 1357 oportet.

327 1381 582 1426 lurisdictio
615 1380 925 1426 ecclesiastica
958 1380 1126 1438 duplici
1160 1380 1206 1425 in
1240 1381 1445 1425 subiecto
1479 1379 1524 1424 in
1560 1380 1755 1425 Ecclesia
1787 1381 1991 1425 conside·

208 1465 296 1510 rari
330 1470 539 1524 oportet:
591 1464 805 1509 videlicet
843 1465 889 1508 in
924 1467 1136 1521 personis
1167 1465 1426 1508 individuis
1471 1479 1523 1510 ac
1567 1465 1612 1508 in
1647 1469 1859 1522 personis
1902 1481 1991 1511 mo-

209 1550 402 1593 ralibus.
441 1548 671 1607 Siquidem
705 1562 848 1606 usque
882 1548 938 1591 ab
972 1547 1103 1591 initio
1145 1547 1371 1591 Ecclesiae
1413 1548 1772 1592 ecclesiasticam
1815 1550 1991 1594 iurisdi-

208 1632 413 1676 ctionem
453 1635 765 1676 exercuerunt
807 1644 900 1675 non
950 1631 1095 1673 solum
1146 1643 1365 1687 personae
1409 1629 1690 1685 individuae,
1740 1631 1817 1675 sed
1851 1633 1991 1676 etiam

210 1728 432 1774 personae
467 1714 678 1758 morales.
719 1719 764 1758 ln
800 1717 1000 1757 tractatu
1034 1713 1088 1757 de
1124 1712 1220 1757 iure
1255 1712 1434 1769 publico
1468 1713 1776 1758 ecclesiastico
1808 1718 1993 1758 notatur

210 1798 448 1855 Apostolos
490 1797 609 1855 ipsos
653 1798 831 1855 saepius
880 1796 1175 1854 collegialitcr
1223 1796 1584 1841 iurisdietionem
1633 1796 1990 1841 ecclesiasticam

208 1880 480 1925 exercuisse.
530 1879 727 1924 Ecclesia
778 1881 898 1924 hanc
940 1879 1169 1938 duplicem
1213 1878 1607 1936 organizatiouem
1649 1893 1766 1938 quae
1799 1894 1855 1923 ex
1895 1879 1992 1924 iure

209 1963 367 2007 divino
400 1964 548 2022 quoad
583 1964 828 2008 nonnullos
851 1963 1031 2021 gradus,
1060 1976 1225 2020 nempe
1248 1962 1395 2021 quoad
1423 1965 1680 2006 Romanum
1707 1961 1990 2018 Pontificem,

212 2047 456 2106 Episcopos
478 2052 524 2092 et
557 2046 810 2093 Concilium
845 2047 1216 2101 oecumenicum,
1252 2045 1498 2103 repetenda
1523 2049 1607 2100 est,
1640 2045 1819 2089 firmam
1848 2046 1995 2089 tenuit

210 2144 263 2175 ac
296 2131 485 2175 evolvit.
520 2136 616 2184 Qua
650 2131 704 2175 de
738 2143 875 2175 causa
910 2130 1236 2174 tractationem
1278 2129 1322 2172 in
1356 2128 1468 2172 duas
1510 2127 1738 2173 sectiones
1778 2132 1993 2172 accurate

211 2215 416 2260 dividere
451 2215 680 2271 volumus,
706 2228 903 2274 quarum
939 2215 983 2258 in
1018 2213 1163 2272 prima
1197 2213 1376 2270 agimus
1412 2214 1450 2270 1)
1476 2212 1530 2256 de
1554 2212 1766 2269 gradibus
1799 2216 1996 2269 potesta·

211 2299 269 2344 tis
301 2299 630 2345 iurisdictionis
662 2299 1000 2344 ecclesiasticae
1026 2298 1071 2342 in
1097 2297 1302 2356 personis
1326 2296 1590 2352 individuis,
1618 2296 1664 2340 in
1695 2296 1838 2341 altera
1871 2297 1912 2352 2)
1939 2296 1994 2340 de

211 2383 425 2440 gradibus
460 2382 698 2441 potestatis
732 2381 1059 2426 iurisdictionis
1097 2380 1380 2425 exercendae
1413 2379 1459 2424 in
1496 2379 1700 2438 personis
1734 2378 1992 2423 moralibus.

332 2564 340 2582 ¹
372 2564 542 2600 Urbanos
570 2563 667 2606 Vlll‚
694 2567 811 2599 const.
838 2562 881 2598 In
906 2572 1077 2607 suprema
1103 2561 1162 2597 die
1191 2561 1232 2596 11
1261 2560 1434 2596 novemb.
1463 2558 1565 2595 1627.

332 2641 344 2659 ²
370 2642 458 2678 Pius
486 2642 529 2685 V,
557 2645 673 2677 const.
700 2640 935 2677 Horremlum
963 2639 1008 2675 50
1035 2643 1103 2674 oet.
1134 2638 1236 2675 1568.
1269 2663 1274 2667 -

334 2711 347 2731 ³
373 2711 459 2757 Cap.
487 2711 506 2746 7
534 2711 578 2747 de
605 2711 756 2747 crimine
785 2710 878 2746 salsi.
907 2709 993 2755 Cap.
1021 2709 1064 2744 27
1094 2709 1138 2745 de
1166 2709 1264 2745 verb.
1293 2707 1390 2754 sign.

331 2781 344 2801 ⁸
370 2782 610 2818 Innocentius
632 2782 695 2824 XI,
722 2787 839 2817 const.
859 2780 916 2816 Ad
941 2781 1056 2817 nostri
1085 2779 1127 2816 15
1144 2779 1265 2816 martii
1286 2778 1390 2815 1676.
1421 2776 1632 2814 Alexander
1652 2775 1750 2818 VIII,
1770 2778 1887 2811 const.
1905 2773 1996 2810 Cum

212 2856 307 2892 alias
332 2853 377 2890 22
404 2854 481 2891 dec.
511 2853 614 2891 1690.
641 2853 777 2890 Bened.
805 2853 903 2895 XIV,
929 2858 1048 2890 const.
1075 2852 1131 2887 Ab
1157 2851 1416 2897 augustissimo
1442 2849 1465 2885 5
1491 2848 1615 2885 martii
1643 2847 1744 2884 1744.

332 2926 345 2945 ¹⁵
372 2926 459 2972 Cap.
487 2925 531 2962 10
556 2925 600 2962 de
627 2925 762 2968 Iudic.;
790 2924 925 2961 Bened.
952 2924 1051 2966 xlv,
1079 2924 1130 2960 De
1157 2924 1245 2969 Syn.
1273 2923 1397 2958 Dioec.
1425 2921 1447 2957 l.
1475 2921 1539 2964 IX,
1565 2929 1644 2966 cap.
1663 2918 1726 2961 Vl,
1755 2927 1790 2954 n.
1815 2917 1847 2954 9.

2109 3291 2116 3298 .
2107 3191 2113 3195 f

2160 2993 2176 3386 —n—n-—A-*nn—...nu
2157 2883 2176 2985 ...Ἄζα-
2166 2835 2176 2872 -ι
2167 2775 2176 2806 ..-
2168 2754 2176 2759 A
