2176 3386
237 213 317 252 222
882 224 992 254 PARS
1020 225 1046 253 1.
1081 225 1138 254 DE
1166 224 1380 254 PERsoms

237 334 308 375 tra
343 331 504 388 factas,
539 335 586 376 et
616 345 734 391 quae
757 346 837 391 per
858 332 1220 392 subreptionem,
1245 333 1320 378 vel
1343 328 1659 391 obreptionem
1683 333 1899 378 obtentae
1921 334 2019 379 fue-

239 413 348 469 rint,
384 413 537 460 irritas
568 416 800 461 declarare
824 417 854 460 ¹.
1845 419 1851 424 ’

361 498 429 542 11.
455 502 569 542 Item
602 513 618 542 x
633 498 788 544 isitare
810 498 1028 544 ecclesias
1049 512 1379 558 quascumque,
1403 498 1745 558 quomodolibet
1760 501 2016 557 exemptas,

236 580 427 638 singulis
458 581 610 636 annis,
645 582 1004 641 opportunisque
1037 581 1249 626 remediis
1283 581 1547 639 providere,
1592 584 1643 625 ut
1679 595 1797 640 quae
1838 595 2018 639 repara·

236 663 363 709 tione
396 663 621 722 indigent,
661 669 946 721 reparentur,
980 678 1189 724 quaeque
1221 663 1385 709 debitis
1416 663 1646 724 obsequiis
1667 664 2015 720 defraudantur,

239 745 430 791 minime
463 747 795 792 defraudentur
817 750 848 792 ².

361 831 427 875 12.
463 831 721 875 Convenire
754 831 924 875 debent
957 835 1197 889 exemptos
1230 844 1384 876 coram
1420 844 1467 876 se
1500 831 1547 875 in
1581 831 1730 875 causis
1753 830 2019 875 mercedum

237 918 284 957 et
317 913 644 958 miserabilium
680 927 998 971 personarum,
1033 914 1213 959 etiamsi
1248 914 1449 959 babeant
1489 913 1686 959 iudicem
1729 928 1755 959 a
1790 913 1901 959 Sede
1935 915 2015 972 Ap.

236 996 506 1054 deputatum
543 996 587 1040 in
622 996 843 1054 partibus,
879 996 998 1041 sicut
1031 1001 1077 1041 et
1109 996 1155 1040 in
1188 996 1287 1042 aliis
1334 996 1507 1053 causis,
1556 997 1592 1041 si
1640 998 1778 1042 talem
1823 996 2019 1041 iudicem

237 1092 326 1123 non
363 1079 659 1123 liabi1erint³.

360 1162 426 1205 15.
466 1162 722 1207 Summarie
755 1176 1029 1220 cognoscere
1062 1163 1231 1208 debent
1266 1178 1343 1221 per
1375 1176 1422 1208 se
1460 1163 1604 1221 ipsos,
1639 1162 1694 1207 de
1725 1163 2020 1220 subreptione

235 1249 281 1288 et
314 1245 583 1302 obreptione
614 1246 804 1303 gratiae,
840 1259 955 1305 quae
989 1259 1126 1304 super
1156 1246 1442 1290 absolutione
1483 1245 1691 1290 criminis
1731 1245 1920 1303 publici,
1964 1245 2018 1289 de

235 1342 323 1387 quo
358 1328 590 1388 inquirere
623 1333 893 1387 coeperunt,
930 1329 1002 1374 vel
1038 1330 1308 1374 remissione
1343 1343 1539 1388 poenae,
1576 1329 1632 1373 ad
1673 1343 1811 1388 quam
1854 1328 2019 1373 conde-

237 1419 536 1469 mnaverunt,
573 1428 679 1458 cum
716 1415 840 1459 falsis
875 1415 1084 1472 precibus
1117 1414 1360 1473 impetrata
1395 1413 1453 1459 sit
1477 1414 1508 1457 ¹⁸.

360 1498 427 1541 14.
457 1502 569 1542 Item
594 1502 784 1555 possunt
806 1502 852 1542 et
874 1497 1044 1542 debent
1065 1497 1292 1555 corrigere
1315 1511 1629 1556 quoscumque
1654 1497 1843 1541 clericos
1865 1510 2019 1541 exem-

237 1585 354 1638 ptos,
390 1580 502 1624 alias
535 1580 617 1624 sibi
652 1580 873 1636 subditos,
910 1581 1050 1626 etiam
1085 1585 1215 1625 extra
1252 1580 1567 1625 visitationem
1594 1580 1624 1624 ⁵.

357 1666 423 1709 15.
464 1664 674 1709 Dividere
707 1664 876 1708 debent
909 1663 1095 1708 tertiam
1140 1667 1314 1719 partem
1356 1664 1617 1718 fructuum,
1654 1662 2017 1707 convertendam

234 1749 280 1793 in
315 1748 660 1793 distributiones
693 1747 814 1792 inter
846 1761 939 1802 eos,
974 1746 1051 1806 qui
1085 1746 1257 1791 divinis
1285 1746 1443 1791 officiis
1466 1746 1712 1801 intersunt,
1737 1749 1920 1790 servata
1943 1745 2018 1789 de-

233 1833 326 1877 bita
362 1832 654 1890 proportione
688 1844 988 1889 personarum
1022 1835 1068 1874 et
1101 1830 1348 1884 horarum,
1384 1833 1650 1888 ceterosque
1693 1842 1784 1872 non
1828 1827 2017 1872 interes·

233 1920 387 1961 sentes
421 1915 580 1959 iisdem
614 1913 1014 1958 distributionibus
1048 1912 1228 1971 privare
1252 1912 1283 1956 ⁶.

358 2000 423 2043 16.
445 1999 618 2042 Debent
635 1996 959 2042 commendata
979 1995 1217 2051 beneficia,
1238 2008 1556 2054 quaecumque
1574 1993 1682 2050 sint,
1702 1993 1842 2039 etiam
1862 2007 2017 2037 exem-

234 2087 326 2138 pta,
351 2082 553 2136 x‘isitare,
575 2084 621 2124 et
638 2081 793 2124 iubere
816 2080 936 2125 circa
955 2093 1024 2134 ea,
1044 2079 1164 2138 quod
1189 2078 1499 2124 necessarium
1517 2076 1801 2131 iudicabunt,
1820 2075 1906 2120 nisi
1925 2074 2018 2120 sint

233 2166 279 2210 in
315 2164 623 2219 monasteriis,
648 2177 764 2223 quae
798 2167 906 2207 sunt
938 2162 1086 2220 capita
1109 2162 1353 2217 Ordinum,
1379 2161 1453 2206 vel
1485 2175 1601 2220 quae
1631 2159 1730 2205 istis
1761 2160 1955 2204 subsunt
1977 2159 2010 2202 ⁷.

356 2250 423 2293 17.
462 2251 636 2305 Augere
668 2247 838 2291 debent
870 2245 1162 2291 sacerdotum
1198 2257 1444 2288 numerum
1478 2243 1525 2287 in
1569 2242 1902 2301 parochialibus
1944 2255 2015 2286 ec-

233 2331 397 2385 clesiis,
433 2330 480 2374 in
513 2330 678 2389 quibus
711 2329 857 2373 maior
890 2328 1155 2388 requiritur,
1191 2332 1237 2372 et
1280 2326 1516 2385 parochias
1557 2325 1759 2383 erigere,
1802 2339 1909 2370 cum
1951 2324 2015 2370 di-

230 2413 402 2459 stantia
437 2414 509 2458 vel
542 2412 783 2457 difficultas
815 2412 1021 2456 locorum
1055 2411 1098 2455 id
1132 2409 1330 2469 postulat
1352 2409 1383 2453 ⁸.

352 2586 362 2604 ¹
392 2586 477 2632 Cap.
504 2584 566 2627 VI,
594 2585 690 2621 Sess.
710 2584 777 2620 VII
805 2583 849 2619 de
876 2582 951 2619 Res.

350 2657 363 2676 ²
389 2657 475 2703 Cap.
503 2656 600 2699 VIII,
628 2656 726 2692 Sess.
753 2654 822 2690 VII
850 2655 894 2690 de
922 2653 998 2689 Res.

349 2727 362 2747 ¹
389 2729 476 2773 Cap.
506 2727 592 2764 XIV
619 2727 786 2765 eiusdem
814 2726 909 2763 Sess.
937 2725 1018 2763 VII.

350 2800 365 2820 ⁸
390 2801 475 2845 Cap.
504 2800 547 2842 V,
574 2800 669 2837 Sess.
696 2798 783 2835 XIII
809 2798 854 2834 de
882 2798 961 2834 Res.

349 2871 362 2891 ⁸
389 2871 475 2917 Cap.
502 2870 564 2912 IV,
594 2870 690 2907 Sess.
717 2868 804 2905 XIV
830 2869 875 2906 de
901 2868 978 2905 Res.

349 2943 363 2964 ⁸
389 2943 474 2989 Cap.
503 2942 564 2985 lIl,
591 2941 686 2978 Sess.
714 2941 820 2977 XXII
846 2940 892 2977 de
918 2939 995 2977 Ref.

348 3014 361 3034 ⁷
387 3015 474 3061 Cap.
500 3013 598 3055 VIII,
626 3013 722 3050 Sess.
750 3012 837 3049 XXI
864 3011 909 3048 de
935 3010 1026 3054 Res.¹
1052 3014 1088 3047 et
1114 3010 1200 3056 Cap.
1227 3010 1308 3052 XX,
1336 3009 1434 3046 Sess.
1461 3007 1567 3044 XXV
1593 3006 1638 3043 de
1664 3006 1754 3052 Reg.

348 3086 363 3107 ⁸
388 3086 475 3132 Cap.
501 3086 563 3129 IV,
591 3085 670 3123 aad.
698 3084 793 3121 Sess.
821 3083 921 3120 XXI.
