2176 3386
631 0 907 25 -’“.ῑ“.“.’”.’ῗῖ”“”,ῗἿ’-”
921 0 935 7 “
955 0 966 9 ¹
986 0 1022 14 ,ιν
1038 0 1126 21 ’ῑῃι
1138 0 1224 20 Γ-ᾓιμ·
1240 0 1247 6 ’
1283 0 1291 8 =
1313 0 1321 5 =
1335 0 1393 18 ‘¹³5‘
1443 7 1474 17 ⁴..
1502 0 1595 24 Ἴ,μς-Λὶψ,
1609 0 1621 9 v

769 195 899 224 Lmen
927 195 953 224 1.
986 195 1044 225 DE
1074 194 1267 224 CLEmcls
1831 185 1910 225 317

127 304 226 349 sive
259 302 452 361 regulari
486 302 682 357 oblatae,
717 315 920 361 quasque
954 303 999 346 in
1035 301 1247 347 manibus
1290 303 1504 360 gerunt².
1560 303 1764 371 Alterum
1799 319 1910 351 vero

130 389 216 443 ius,
252 400 417 444 nempe
451 383 731 443 percipiendi
764 390 988 443 quartam
1022 383 1309 441 s'uneralem,
1334 386 1390 430 (le
1413 384 1510 430 iure
1533 385 1764 431 ordinario
1787 401 1910 432 com-

128 468 343 529 plectitur
373 471 586 527 quartam
621 467 879 526 portionem
914 468 1354 522 emolumentorum,
1390 481 1506 527 quae
1538 468 1669 513 alteri
1692 469 1912 515 ecclesiae

127 552 366 598 occasione
390 551 564 596 funeris
586 551 654 595 sui
681 550 945 608 parochiani
968 550 1305 595 obvenerunt².
1326 555 1448 596 Haec
1470 555 1626 596 tamen
1650 557 1813 612 quarta
1831 566 1911 598 seu

129 635 351 681 canonica
387 635 534 695 portio
567 634 613 679 vi
648 633 877 692 legitimae
910 633 1259 679 consuetudinis
1294 634 1420 679 varia
1455 647 1552 680 esse
1576 639 1740 693 potest,
1768 635 1913 680 maior

130 734 296 777 nempe
331 720 400 764 vel
436 718 586 763 minor
617 723 779 777 quarta
814 721 941 775 parte
965 717 996 760 ⁸.
1032 720 1246 763 Ceterum
1280 718 1326 762 in
1361 717 1429 762 bis
1476 719 1804 763 emolumentis
1844 733 1912 763 re-

129 802 367 862 poscendis
399 806 564 847 caveat
598 802 825 846 Parocbus
857 800 1103 846 avaritiam
1129 803 1200 846 vel
1224 801 1364 860 ipsius
1387 801 1586 860 speciem
1613 803 1909 858 praeseferre.

129 887 243 941 Quid
277 887 401 932 enim
437 886 580 944 magis
614 886 938 941 inhumanum,
985 900 1122 945 quam
1173 891 1281 930 ante
1328 900 1405 931 ora
1454 886 1814 944 lacrymantium
1856 887 1914 931 ob

129 984 341 1016 carorum
374 970 632 1025 interitum,
668 969 927 1028 quaeritare
961 970 1174 1014 funerum
1200 970 1342 1024 lucra,
1368 974 1504 1029 atque
1528 970 1641 1014 haec
1664 970 1721 1014 ab
1743 970 1813 1014 his
1834 970 1909 1029 qui

130 1053 278 1099 veteri
314 1053 463 1111 inopia
499 1052 763 1112 recentique
796 1053 949 1097 dolore
983 1053 1181 1098 confecti
1218 1067 1387 1098 novam
1423 1054 1746 1113 utplurimum
1770 1054 1913 1099 oll'en—

129 1138 245 1182 dunt
277 1137 339 1181 rei
375 1136 612 1182 familiaris
645 1136 869 1181 iacturam
903 1141 950 1182 et
983 1137 1030 1182 in
1066 1152 1230 1196 magna
1266 1153 1417 1183 rerum
1444 1138 1786 1197 perturbatione
1812 1153 1913 1184 xer-

128 1223 340 1275 santur?

877 1382 942 1424 CA
955 1379 1055 1422 Pt'r
1093 1381 1161 1424 [V.

431 1510 490 1544 DE
517 1508 845 1547 PAROCHORUM
874 1509 1258 1546 COADIUTORIBUS
1286 1510 1343 1545 ET
1374 1510 1594 1546 VIUARllS.

249 1637 349 1682 586.
393 1641 457 1682 Ne
494 1638 718 1683 Ecclesiae
759 1637 983 1682 ministris
1025 1638 1369 1695 aegrotantibus
1417 1639 1489 1682 vel
1537 1638 1786 1683 debilitatis
1835 1652 1913 1696 per

133 1721 415 1766 amotionem
459 1736 484 1766 a
518 1721 740 1767 beneficio
783 1736 904 1766 nova
946 1722 1139 1766 addatur
1181 1722 1367 1767 afflictio
1406 1727 1543 1781 atque
1585 1721 1660 1766 alii
1702 1722 1914 1780 exemplo

132 1805 280 1851 territi
314 1821 338 1850 a
372 1805 530 1851 divino
567 1806 822 1852 ministerio
864 1806 1239 1861 absterreantur,
1287 1806 1483 1851 Ecclesia
1528 1806 1721 1850 sollicita
1769 1810 1917 1850 mater

134 1890 322 1948 provide
355 1889 531 1945 statuit,
568 1895 619 1934 ut
652 1889 923 1934 beneficiato
957 1903 1066 1934 cura
1100 1890 1362 1934 animarum
1397 1894 1588 1947 gravato
1619 1894 1666 1933 et
1693 1889 1916 1934 canonice

134 1973 361 2029 instituto,
387 1988 523 2032 quem
549 1974 740 2027 labores,
767 1973 966 2028 senium,
994 1973 1269 2032 morbusque
1295 1978 1424 2018 tanto
1455 1974 1583 2017 oneri
1609 1973 1654 2017 in
1683 1978 1916 2032 posterum

134 2058 322 2102 ferendo
359 2057 582 2116 imparem
628 2057 949 2113 reddiderunt,
990 2057 1107 2102 alius
1155 2059 1354 2103 Clericus
1391 2059 1475 2102 sub
1515 2057 1702 2102 nomine
1750 2060 1920 2103 Viearii

134 2146 214 2186 aut
257 2142 662 2186 Administracort's
706 2140 778 2185 vel
823 2141 1110 2186 Coadz'atorz's
1153 2142 1488 2197 constituatur,
1531 2142 1659 2186 salvo
1698 2147 1917 2186 manente

134 2225 347 2270 coadiuto
380 2224 477 2269 iure
512 2224 791 2283 percipiendi
826 2225 1018 2269 fructus.

255 2309 354 2352 587.
393 2310 507 2352 Sunt
528 2312 682 2352 autem
708 2308 996 2352 coadiutores
1020 2308 1092 2352 vel
1117 2308 1403 2366 temporanei
1433 2309 1505 2352 vel
1530 2307 1753 2367 perpetui,
1781 2313 1915 2366 prout

136 2389 521 2447 impedimentum
555 2395 906 2447 temporaneum
941 2395 1025 2446 est,
1066 2390 1135 2434 vel
1169 2396 1458 2449 perpetuum.
1515 2395 1566 2435 Et
1597 2391 1783 2450 quidem
1816 2405 1915 2448 per-

136 2475 257 2533 petui
296 2475 366 2519 vel
399 2488 505 2519 cum
540 2474 638 2518 iure
670 2474 972 2520 successionis
1007 2475 1077 2519 vel
1112 2474 1210 2519 sine
1244 2475 1329 2519 hac
1362 2489 1455 2534 spe.

254 2558 354 2603 588.
382 2563 519 2603 Porro
536 2572 641 2602 cum
662 2558 803 2602 adiuti
825 2558 991 2618 ubique
1012 2560 1137 2603 vices
1157 2563 1282 2615 gerat
1299 2558 1495 2614 adiutor,
1519 2572 1658 2616 perse
1677 2558 1917 2617 consequi-

137 2646 212 2685 tur
242 2642 362 2701 quod
395 2642 489 2700 pari
523 2641 800 2686 auctoritate
835 2646 1152 2701 potestateque
1176 2643 1235 2686 sit
1260 2642 1506 2700 praeditus,
1534 2641 1619 2686 nisi
1644 2640 1918 2685 arctioribus

133 2726 352 2772 limitibus
383 2726 481 2771 eius
513 2731 774 2771 coarctetur
807 2731 1006 2782 potestas
1041 2728 1111 2771 vel
1146 2742 1169 2771 a
1199 2731 1403 2772 Romano
1440 2727 1656 2772 Pontitice
1683 2727 1754 2771 vel
1777 2727 1834 2771 ab
1854 2740 1908 2771 eo

257 2916 263 2932 '
296 2916 407 2952 Lena.
433 2916 518 2954 For.
547 2917 633 2959 ben„
663 2927 694 2962 p.
724 2918 754 2959 l,
783 2927 817 2963 q.
838 2916 918 2960 455,
945 2927 979 2953 n.
1006 2916 1039 2954 2.

256 2987 268 3005 ²
293 2988 379 3033 Cap.
408 2988 498 3025 Cum
525 2999 665 3035 semper
691 2990 735 3026 de
764 2990 896 3035 sepult.

257 3058 270 3078 ³
295 3059 382 3105 Cap.
410 3059 608 3107 Certificari
628 3063 672 3099 de
697 3062 830 3108 sepult.
