2176 3386
210 208 264 248 46
886 218 995 246 PARS
1024 218 1063 246 11.
1097 218 1152 245 nr:
1183 218 1320 247 nssssus

211 325 418 384 queunt?>
451 327 585 382 Resp.
622 327 723 369 Non
758 337 902 382 posse.
946 350 1007 357 —
1053 325 1120 369 19.
1160 323 1373 369 Dubium.
1411 326 1479 369 An
1513 325 1600 370 hoc
1634 329 1909 382 Decretum,
1944 330 1998 371 ut

216 421 308 452 non
345 406 627 465 recipiantur
659 409 926 451 Conventus
960 406 1271 464 Regularium,
1309 406 1413 463 nisi,
1450 411 1631 465 practer
1661 407 1827 452 alia'ad
1851 407 1894 451 id
1929 422 1996 452 re-

213 489 405 550 quisita,
440 489 681 535 duodecim
715 491 877 534 saltem
922 491 1085 535 fratres
1117 490 1164 534 in
1198 490 1263 535 cis
1299 490 1461 548 degere
1485 496 1531 536 et
1553 496 1871 549 competenter
1902 505 2000 536 sus-

214 573 384 619 tentari
422 573 625 628 valeant,
659 572 860 632 alioquin
900 573 1079 618 subsint
1111 573 1414 619 iurisdictioni
1447 574 1691 631 Ordinarii,
1735 576 1885 620 locum
1920 575 1998 619 ba-

215 657 320 702 beat
368 662 499 702 extra
549 657 758 712 Italiam,
797 657 1059 717 lnsulasque
1107 657 1400 703 adiacentes?
1449 662 1579 716 Resp.
1632 658 1808 703 Habere
1846 658 1996 702 locum

216 741 356 785 etiam
391 744 522 785 extra
560 740 754 797 ltaliam,
793 741 1056 799 [nsulasque
1088 740 1368 786 adiacentes.

337 825 436 868 695.
475 823 539 868 Ad
574 824 685 867 baec
719 824 767 868 5⁰
801 825 964 869 eadem
1010 827 1129 870 Sacr.
1174 825 1473 882 Congregatio
1520 825 1757 884 sequentia
1812 828 1999 869 Decreta

216 907 373 962 edidit,
407 920 523 965 quae
560 921 638 964 per
673 911 812 952 Breve
850 910 1076 962 Quocirca
1119 922 1224 952 cum
1264 909 1456 952 dilectus
1501 908 1574 953 die
1616 909 1671 953 25
1712 908 1809 953 dec.
1851 908 1959 952 1697
1985 908 1999 932 ¹

217 992 465 1049 approbata
498 994 543 1034 et
576 989 847 1035 confirmata
899 992 1101 1035 fuerunt.
1161 992 1195 1047 1)
1237 995 1424 1036 Decreta
1464 991 1671 1049 superius
1713 990 1855 1035 relata
1894 987 2019 1035 cum>

222 1074 402 1118 illorum
437 1072 823 1118 declarationibus
858 1076 990 1118 Sacra
1026 1074 1325 1132 congregatio
1374 1074 1637 1132 plenissime
1687 1072 1999 1126 confirmavit,

219 1156 448 1200 universis
481 1156 765 1214 praecipiens
798 1162 849 1200 ut
881 1157 1040 1201 eadem
1080 1157 1373 1201 omnimodae
1414 1156 1677 1202 executioni
1722 1155 2003 1201 demanden-

221 1244 311 1283 tur.
349 1241 390 1293 2)
429 1243 619 1296 Insuper
652 1239 825 1298 eosqui
862 1239 1104 1284 missarum
1140 1240 1496 1286 celebrationem
1531 1239 1756 1285 omittunt
1793 1240 1876 1284 sub
1910 1253 2004 1283 ma-

224 1322 369 1366 litiosa
407 1323 479 1366 vel
513 1322 814 1367 irrationabili
847 1337 925 1381 spe
959 1324 1225 1368 earumdem
1262 1324 1650 1369 condonationem
1675 1325 1746 1368 vel
1782 1322 2006 1368 reductio-

224 1418 331 1448 ncm
365 1418 390 1449 a
425 1405 535 1448 Sede
571 1404 827 1463 Apostolica
862 1405 932 1450 vel
968 1406 1349 1463 compositionem
1383 1421 1407 1451 a
1445 1411 1556 1452 Rev.
1597 1406 1780 1451 Fabrica
1815 1408 1853 1450 S.
1886 1405 2004 1450 Petri

222 1486 275 1529 dc
309 1486 426 1531 Urbe
460 1486 731 1542 obtinendi,
768 1487 986 1533 certiores
1018 1493 1063 1532 et
1097 1489 1298 1533 monitos
1333 1489 1469 1544 fecit,
1507 1490 1734 1548 praefatas
1775 1488 2003 1533 condona-

223 1570 372 1615 tiones
404 1575 447 1614 et
483 1571 777 1615 reductiones
809 1572 866 1615 ab
898 1572 1059 1616 eadem
1104 1573 1214 1617 Sede
1262 1573 1446 1617 nonnisi
1485 1588 1542 1617 ex
1576 1571 1835 1617 rationabili
1869 1584 2005 1615 cansa

223 1669 301 1700 sen
344 1669 487 1713 aequa
539 1655 974 1711 commiseratione,
1011 1656 1366 1714 compositiones
1399 1671 1509 1701 vero
1557 1671 1580 1700 a
1630 1656 1750 1700 dicta
1798 1654 2007 1709 Fabrica,

225 1737 408 1782 nonnisi
443 1752 500 1781 ex
535 1751 670 1782 causa
722 1738 892 1796 pariter
940 1738 1199 1783 rationabili
1233 1742 1278 1783 et
1310 1753 1415 1784 cum
1466 1738 1680 1783 clausulis
1711 1737 2003 1797 opportunis,

225 1820 492 1879 praesertim
535 1835 641 1866 cum
677 1820 749 1865 illa
783 1822 1033 1866 dammodo
1069 1823 1293 1867 malitiose
1327 1836 1420 1866 non
1459 1825 1699 1867 omiserint
1732 1824 1892 1866 (mimo
1925 1819 2011 1863 Ιια-

224 1906 363 1949 bendi
393 1908 783 1961 compositionem,
820 1907 943 1951 alias
975 1909 1139 1963 qratia
1173 1907 1303 1950 nullo
1338 1907 1468 1950 modo
1494 1907 1802 1965 suffirayetwr,
1827 1904 2008 1950 admitti

226 1987 521 2032 consuevisse
554 1992 600 2031 et
633 1988 791 2032 solere.
830 1993 1115 2046 Quapropter
1142 1988 1254 2032 tales
1288 1987 1584 2044 intentiones,
1610 1988 1864 2046 opiniones,
1889 2001 2007 2046 spcs,

228 2070 660 2125 contraventiones,
697 2084 776 2115 seu
810 2071 1235 2116 circumventiones
1275 2072 1474 2117 directas
1507 2073 1580 2117 vel
1621 2072 1891 2125 indirectas,
1929 2071 2008 2114 ini-

230 2154 453 2198 mediatas
488 2155 558 2199 vel
596 2154 833 2210 mediatas,
869 2159 1107 2214 tamquam
1143 2168 1324 2212 prorsus
1356 2155 1707 2209 irrationabiles,
1745 2154 1936 2199 iniustas
1957 2167 2014 2198 ac

230 2237 413 2283 illicitas
454 2238 682 2296 reprobat,
722 2237 913 2281 damnat
947 2242 992 2282 et
1026 2237 1273 2282 interdicit.
1326 2239 1366 2291 5)
1409 2238 1619 2282 Decrevit
1653 2242 1702 2281 ut
1734 2251 1895 2282 omnes
1931 2241 2008 2282 Re-

229 2326 396 2375 ctoreS,
433 2319 698 2378 Superiores
729 2333 782 2364 ac
818 2320 1014 2364 ministri
1051 2324 1147 2363 tum
1185 2320 1487 2365 saecularium
1512 2325 1611 2364 tum
1641 2321 1916 2379 regularium
1941 2334 2012 2365 ec-

230 2403 491 2458 clesiarum,
517 2402 715 2447 debeant
739 2403 783 2446 in
808 2403 906 2447 loco
941 2403 1086 2461 magis
1108 2403 1283 2460 patenti
1317 2406 1362 2447 et
1388 2402 1540 2458 obvio,
1568 2403 1764 2447 retinere
1799 2402 2013 2447 tabellam

231 2500 424 2531 onerum
462 2490 786 2544 perpetuorum
831 2489 878 2536 et
908 2485 1231 2544 temporalium
1275 2485 1439 2531 litteris
1476 2485 1727 2544 perspicuis
1766 2490 1811 2530 et
1847 2485 2013 2530 intelli·

232 2569 443 2628 gibilibus
469 2569 821 2627 descriptorum,
847 2584 1043 2629 qnorum
1070 2569 1369 2628 implemento
1400 2570 1435 2613 si
1465 2574 1698 2628 nequeant
1731 2569 1850 2614 intra
1874 2569 2017 2614 breve-

231 2656 415 2709 tempus
463 2652 760 2707 satisfacere,
798 2653 870 2696 vel
903 2651 977 2696 illa
1011 2653 1255 2696 dumtaxat
1287 2656 1333 2696 et
1366 2666 1458 2697 non
1501 2651 1718 2696 ulteriora
1766 2650 2018 2709 adimplere*

235 2748 363 2792 posse
397 2734 708 2790 crediderint,
744 2735 1008 2779 nullatenus
1054 2749 1175 2780 nova
1209 2749 1349 2780 onera
1382 2734 1665 2793 suscipiant,
1702 2734 1834 2794 idque
1869 2734 1914 2777 in
1946 2747 2021 2778 ea-

234 2816 338 2862 dem
374 2817 539 2861 tabella
573 2815 784 2861 similiter
816 2817 1095 2874 exprimant.
1139 2818 1182 2872 4)
1219 2817 1452 2876 Iidemque
1487 2821 1734 2862 teneantur
1765 2815 1935 2874 pariter
1968 2814 2015 2858 in

236 2901 435 2946 sacrario
467 2902 580 2946 duos
614 2901 751 2946 libros
784 2902 983 2946 retinere
1016 2915 1068 2946 ac
1102 2901 1148 2945 in
1173 2915 1333 2946 eorum
1357 2901 1500 2946 altero
1534 2899 1710 2958 singula
1744 2913 1884 2945 onera
1916 2913 2019 2957 per-

356 3095 366 3114 ²
396 3095 546 3132 Collect.
575 3104 610 3130 n.
637 3094 718 3131 867.
