2176 3386
767 170 896 199 mal-:R
925 170 948 198 1.
987 169 1042 196 DE
1072 147 1265 196 cni-:mels
1855 153 1909 192 69

129 284 291 330 tilicias
325 285 497 326 Romae
531 278 799 338 publicatas,
835 273 1016 319 etiamsi
1049 271 1154 317 alibi
1175 270 1508 329 promulyacae
1530 283 1625 312 non
1646 271 1755 313 sint.
1795 272 1907 313 [tem

130 370 256 427 plura
289 366 457 411 adsunt
490 364 691 416 decreta,
727 374 844 419 quae
880 363 1049 404 Romae
1083 354 1408 401 tantummodo
1451 353 1734 411 promulgata
1781 356 1906 407 sunt,

126 465 243 511 quac
276 450 322 494 in
356 461 545 505 corpore
579 445 690 489 iuris
723 442 933 488 canonici
970 440 1140 485 inserta
1179 453 1269 483 non
1304 442 1435 493 sunt;
1475 438 1533 480 ita
1578 436 1696 480 Bulla
1737 437 1910 480 (σίνηαι)

129 538 300 578 Romae
333 531 656 576 tantztmmodo
690 531 740 571 ut
773 527 942 584 pluries
976 523 1364 582 promulgabatur.
1413 520 1615 565 Tandem
1649 534 1753 565 cum
1798 524 1908 563 Pon-

127 616 270 662 titiccs
301 614 544 671 specialem
580 612 626 656 in
663 610 910 668 provinciis
945 607 1360 667 promulgationem
1397 605 1560 649 volunt
1583 603 1626 647 id
1654 603 1906 657 declarant,

127 698 274 758 prouti
309 697 475 742 accidit
506 696 559 740 de
594 693 860 739 Tridentino
894 693 1079 737 decreto
1115 711 1134 731 a
1162 692 1346 734 tametsi
1371 708 1388 727 ν
1427 688 1568 732 relate
1595 686 1651 730 ad
1676 684 1910 730 matrimo-

128 783 255 826 nium
290 779 647 833 clandestinum,
684 777 801 837 quod
829 775 1148 820 Tridentinum
1176 772 1452 832 promulgari
1477 770 1623 815 voluit
1653 770 1696 813 in
1721 768 1912 826 singulis

128 863 353 924 parochiis
386 863 431 907 in
465 862 630 921 quibus
666 860 760 904 vim
800 874 890 904 non
926 859 1115 903 haberet
1148 857 1232 901 nisi
1271 860 1369 914 post
1402 855 1458 899 50
1490 854 1586 898 dies
1618 868 1643 897 a
1669 853 1787 897 facta
1811 865 1911 909 pro-

130 948 408 1006 mulgationc
444 945 629 990 nomine
663 943 851 990 Concilii
886 942 1139 987 Tridentini
1176 943 1204 986 ¹.

247 1031 362 1076 Hinc
398 1030 608 1074 Nicolaus
643 1034 655 1073 l
691 1028 734 1072 in
771 1027 958 1085 epistola
993 1027 1047 1070 ad
1086 1026 1314 1080 Photinm,
1340 1026 1415 1085 qui
1445 1028 1911 1086 Constantinopolita-

131 1128 236 1158 nam
271 1114 442 1166 sedem,
479 1117 638 1156 contra
674 1102 980 1156 Conciliorum
1006 1108 1329 1154 auctoritatem
1354 1115 1401 1154 et
1426 1110 1699 1155 Pontificum
1728 1111 1912 1156 decreta

129 1212 352 1255 occupare
385 1200 715 1250 attentaverat,
751 1208 848 1238 sese
881 1199 1182 1238 excusantem
1219 1207 1274 1237 ex
1310 1207 1362 1237 eo
1401 1194 1520 1253 quod
1555 1196 1759 1253 praefata
1800 1200 1913 1241 Con·

129 1282 337 1326 ciliorum
364 1284 409 1325 et
436 1285 745 1325 Romanorum
784 1277 1054 1322 Pontificum
1089 1277 1271 1322 decreta
1309 1292 1398 1321 non
1425 1278 1651 1331 habuerit,
1679 1279 1915 1336 respondit

129 1364 351 1422 pontifex:
391 1384 409 1404 a
432 1364 548 1422 quozl
583 1363 617 1407 si
652 1377 702 1406 ea
740 1376 830 1406 non
867 1362 1058 1415 habetis,
1094 1362 1149 1406 de
1184 1362 1392 1418 neglectu
1428 1366 1566 1420 atquc
1602 1362 1777 1406 incuria
1804 1362 1912 1405 estis

128 1447 378 1505 arguendi,
423 1446 458 1491 si
506 1446 681 1490 habetis
724 1450 769 1489 et
815 1459 903 1489 non
955 1445 1261 1499 observastis,
1306 1445 1360 1488 dc
1395 1445 1654 1490 temeritate
1692 1446 1801 1490 estis
1844 1461 1911 1490 ar-

129 1531 294 1590 guendi
318 1537 362 1575 et
387 1529 650 1587 increpandi
681 1548 697 1562 „
727 1530 756 1573 ².
798 1528 960 1572 Eadem
991 1528 1285 1573 innocentius
1311 1533 1366 1573 lli
1396 1533 1574 1573 Decano
1598 1534 1643 1572 et
1666 1529 1801 1585 capit.
1840 1532 1914 1574 Se·

132 1615 322 1659 nonensi
348 1615 495 1672 quoad
524 1613 791 1671 Episcopum
820 1613 1263 1657 Autissiodorenscm
1290 1613 1493 1657 declarat
1512 1613 1543 1656 3.
1581 1616 1792 1657 Ceterum
1820 1614 1913 1671 plu-

132 1698 219 1743 ries
250 1699 532 1743 declaratum
567 1703 635 1742 est
673 1698 816 1741 Bullas
849 1697 1108 1754 generalem
1144 1695 1283 1740 etiam
1319 1695 1607 1753 disciplinam
1654 1701 1916 1754 spectantes

133 1782 297 1840 ubique
333 1781 533 1826 locorum
568 1781 797 1838 obligare,
833 1795 890 1824 ex
923 1794 1013 1839 quo
1051 1784 1219 1824 Romae
1255 1779 1512 1837 publicatae
1543 1779 1661 1835 sint,
1697 1780 1914 1838 quemad-

134 1865 319 1909 modum
354 1869 535 1909 constat
568 1864 622 1908 de
659 1864 790 1908 bullis
831 1870 996 1907 eontra
1040 1864 1341 1907 sollicitantes
1383 1867 1429 1907 et
1473 1870 1640 1908 eontra
1681 1870 1848 1907 sectam
1890 1876 1914 1906 a

134 1947 284 1991 liberis
316 1948 496 1991 aedium
534 1947 671 1991 fabris
704 1961 760 1990 ex
795 1947 978 1991 decreto
1013 1948 1053 1991 S.
1092 1946 1235 1991 Otiicii
1262 1960 1337 1990 an.
1369 1946 1479 1990 1858
1502 1961 1592 2005 quo
1615 1946 1811 1991 edicitur
1840 1958 1916 1990 eas

133 2031 329 2089 obligare
365 2032 409 2075 in
444 2031 680 2075 Hollandia
716 2031 822 2075 licet
860 2031 1025 2075 ibidem
1062 2031 1374 2088 promulgatae
1410 2045 1500 2074 non
1542 2031 1750 2074 fuissent.
1803 2034 1914 2073 [tem

133 2129 189 2159 cx
224 2115 423 2159 clausula
458 2129 573 2174 quae
610 2115 740 2158 bullis
774 2114 938 2172 apponi
974 2114 1087 2159 solet
1121 2118 1303 2158 constat
1331 2113 1570 2158 Pontifices
1594 2113 1710 2157 velle
1733 2113 1913 2157 decreta

135 2210 211 2242 sua
247 2198 511 2256 obligatoria
546 2198 714 2257 absque
748 2198 930 2256 speciali
967 2198 1011 2242 in
1049 2197 1299 2256 provinciis
1334 2197 1698 2255 promulgatione
1737 2198 1763 2240 ³.

259 2286 307 2325 iit
342 2281 457 2326 ratio
490 2286 559 2326 cst
591 2283 695 2340 quia
741 2296 795 2326 cx
834 2296 922 2326 una
971 2287 1096 2340 parte
1148 2295 1239 2326 non
1288 2285 1357 2325 est
1390 2281 1444 2325 de
1496 2281 1673 2325 ratione
1723 2281 1831 2337 logis
1869 2285 1919 2324 ut

135 2369 260 2410 cerlo
293 2370 338 2410 et
370 2366 678 2409 determinato
714 2364 801 2408 ritu
844 2364 1145 2423 promulgatio
1181 2363 1258 2408 liat
1281 2368 1361 2409 aut
1384 2364 1429 2408 in
1454 2363 1774 2409 determinatis
1808 2363 1916 2407 locis

137 2447 419 2506 lexpublica
455 2447 679 2506 adfigatur
714 2447 783 2492 x‘el
829 2448 1163 2504 proclametur,
1200 2448 1265 2493 uti
1311 2448 1459 2507 inquit
1497 2451 1591 2491 Van
1642 2447 1838 2505 Espen⁵,
1874 2450 1919 2489 et

255 2616 262 2634 ¹
292 2616 342 2651 Cf.
370 2618 534 2660 Sullam,
562 2617 607 2653 de
634 2617 703 2662 lag.
732 2617 750 2652 1,
781 2616 821 2660 4,
847 2628 877 2653 c.
909 2617 961 2653 15.
1005 2618 1043 2652 Et
1073 2627 1151 2663 cap.
1179 2618 1226 2654 40
1264 2619 1368 2654 Decr.
1397 2629 1428 2653 V.
1456 2618 1500 2662 5,
1528 2627 1559 2654 c.
1597 2617 1637 2653 12
1674 2618 1778 2653 Decr.
1812 2628 1841 2651 ν.
1873 2616 1918 2651 55

135 2696 212 2732 cap.
240 2687 272 2729 4,
298 2691 311 2726 ξ
340 2686 370 2729 1,
399 2688 502 2723 Dect.
530 2697 562 2722 v.
589 2687 645 2723 ⁴20.

263 2757 275 2775 ²
302 2757 386 2793 Can.
414 2758 509 2803 quod
543 2758 658 2794 dicitis
688 2757 749 2800 12,
777 2758 861 2794 dist.
888 2758 929 2793 17
958 2760 995 2794 in
1022 2760 1188 2796 Decreta.
1215 2759 1390 2795 Harduin.
1415 2763 1500 2795 tom.
1528 2758 1560 2794 5,
1588 2758 1698 2795 Cone.
1725 2758 1774 2794 Ct'.
1802 2764 1922 2804 caput,

136 2827 179 2862 de
207 2837 369 2864 concess.
395 2828 598 2865 Praebend.
629 2829 869 2865 D'ANNIBALE
897 2839 930 2874 p.
957 2827 1038 2864 792.
1064 2840 1094 2865 v.
1126 2829 1154 2865 1.

255 2898 267 2917 ³
293 2899 378 2944 Cap.
408 2900 424 2935 1
453 2900 497 2936 de
524 2901 695 2948 postulat.
725 2901 841 2936 Praei.

255 2969 269 2986 ⁸
295 2968 345 3005 Cf.
373 2969 553 3012 Amnum,
580 2980 638 3015 op.
665 2971 724 3006 cit.
751 2974 766 3011 ξ
792 2971 873 3007 207.

259 3040 272 3059 ·”
300 3040 351 3076 De
380 3041 560 3086 promulg.
587 3041 658 3087 leg.
685 3052 719 3087 p.
748 3043 777 3084 1,
805 3052 836 3078 c.
865 3041 895 3076 1.
