2176 3386
208 171 284 211 136
846 178 956 208 PARS
985 180 1010 207 1.
1045 180 1102 207 DE
1130 177 1341 208 pensoms

202 291 593 349 comprehendere
627 289 825 336 voluisse
851 290 882 346 ¹,
918 291 982 334 ita
1014 289 1051 335 si
1087 287 1290 348 alioquin
1323 287 1572 332 absurdum
1603 293 1873 347 sequeretur
1903 294 1983 335 aut

202 373 422 433 iniquitas
445 374 477 418 2.

324 457 365 513 5)
402 456 838 515 Interpretationem
871 454 1305 514 comprehensivam
1331 467 1496 512 nempe
1519 454 1576 498 ob
1598 454 1887 500 identitatem
1911 456 1985 501 vel

205 541 263 585 ob
295 541 547 599 perfectam
580 538 931 584 similitudinem
966 537 1199 583 rationum
1232 536 1566 582 admittendam
1609 549 1734 594 esse,
1769 551 1874 582 cum
1909 537 1986 582 uhi

204 624 364 668 eadem
397 627 466 668 est
498 622 615 668 ratio
647 623 807 667 eadem
840 635 937 666 esse
970 621 1133 666 debeat
1165 619 1275 677 legis
1316 619 1566 678 dispositio,
1611 624 1658 664 et
1699 620 1804 679 quia
1842 621 1896 665 de
1929 620 1985 666 si·

206 706 388 752 milibus
420 706 540 751 idem
574 710 643 750 est
676 704 896 750 iudicium
921 704 951 748 ³.
993 708 1159 749 Verum
1195 707 1326 747 notat
1349 702 1644 748 Reinffestuel
1668 703 1682 727 4
1717 707 1897 762 oportet
1929 703 1986 749 si-

208 788 514 833 militudinem
549 788 595 832 in
629 802 681 832 eo
707 791 877 845 puncto
911 786 1085 831 versari
1119 786 1173 830 (16
1206 799 1296 844 quo
1328 784 1494 842 agitur.

325 872 407 916 Hic
440 876 596 915 autem
630 885 735 916 curn
772 870 989 916 Machat⁵
1026 873 1241 913 notamus
1273 868 1358 913 etsi
1391 868 1642 913 similitudo
1684 882 1737 912 ac
1771 868 1988 913 identitas

207 953 398 998 rationis
430 967 564 1011 saepe
598 954 720 997 inter
751 965 798 997 36
831 952 1204 1007 confundantur,
1240 955 1396 995 tamen
1432 951 1578 1008 rigore
1615 949 1812 994 differre.
1872 954 1987 995 Nam

206 1035 455 1080 similitudo
489 1035 534 1079 in
569 1035 763 1080 diversis
797 1035 1051 1080 rationibus
1083 1034 1250 1079 accidit
1270 1047 1464 1093 quarum
1489 1034 1632 1078 altera
1656 1033 1843 1078 alterius
1865 1033 1988 1077 simi-

208 1119 259 1162 lis
292 1123 375 1175 est,
411 1123 459 1163 at
490 1118 708 1164 identitas
740 1119 786 1163 in
820 1119 980 1163 eadem
1021 1117 1198 1162 ratione
1232 1117 1382 1163 locum
1417 1117 1567 1161 habet.

330 1204 367 1259 t)
406 1207 506 1248 Non
540 1216 636 1248 esse
670 1203 1012 1248 extendendam
1039 1201 1084 1246 vi
1108 1201 1502 1260 interpretationis
1524 1201 1669 1258 legem
1693 1214 1719 1244 a
1741 1214 1988 1245 commune

207 1284 304 1329 iure
337 1285 695 1340 exorbitantem,
721 1299 826 1329 cum
854 1284 1039 1329 strictae
1063 1283 1122 1328 sit
1144 1283 1554 1342 interpretationis,
1581 1283 1771 1342 ideoque
1803 1282 1857 1326 ad
1881 1296 1987 1326 con-

206 1369 470 1427 sequentias
494 1368 508 1391 ⁶
544 1383 691 1428 neque
725 1369 782 1414 ob
816 1368 1106 1413 identitatem
1131 1368 1363 1412 rationum
1391 1369 1402 1390 ⁷
1439 1381 1531 1412 non
1559 1366 1864 1424 producenda,
1901 1364 1987 1410 nisi

209 1455 363 1495 tamen
388 1451 442 1495 de
465 1451 772 1510 aequiparatis
794 1454 971 1509 agatur,
998 1451 1071 1495 vel
1094 1453 1312 1509 sequatur
1334 1449 1599 1504 absurdum,
1627 1449 1700 1492 vel
1724 1447 1786 1492 ita
1811 1447 1988 1505 publica

209 1533 381 1579 utilitas
412 1534 583 1592 exigat,
630 1539 710 1579 aut
752 1536 884 1579 fax‘or
921 1535 1202 1588 animarum,
1247 1546 1411 1578 causae
1452 1532 1550 1590 piae
1595 1532 1668 1576 vel
1707 1531 1761 1575 de
1799 1530 1990 1575 rationis

206 1615 448 1662 identitate
480 1617 527 1662 in
562 1619 657 1675 lege
690 1630 903 1676 expressa
935 1621 1111 1675 agatur.

328 1702 369 1758 5)
408 1701 528 1746 Idem
563 1701 617 1746 (16
652 1702 747 1759 lege
783 1700 959 1759 poenali
986 1701 1000 1723 ‘³
1034 1700 1279 1745 dicendum
1315 1712 1412 1748 esse
1454 1698 1541 1743 nisi
1580 1697 1728 1757 quoad
1761 1697 1990 1742 extensio·

209 1796 315 1827 uem
349 1782 537 1827 dubium
573 1797 665 1827 non
699 1782 966 1837 admittat⁹,
1002 1787 1082 1826 aut
1115 1781 1200 1825 nisi
1235 1781 1289 1825 (16
1323 1780 1564 1825 identitate
1597 1783 1677 1824 aut
1710 1780 1910 1838 perfecta
1934 1779 1989 1823 si-

210 1865 468 1910 militudine
492 1865 683 1910 rationis
705 1879 919 1924 expresse
944 1869 1119 1922 agatur.
1146 1891 1202 1895 ——
1227 1868 1427 1908 Poenam
1460 1866 1615 1907 autem
1640 1875 1878 1920 nunquam
1914 1875 1990 1905 reo

208 1949 435 1994 lucrosam
470 1962 567 1993 6336
601 1949 764 1994 debere
791 1950 842 2005 ¹⁰,
878 1949 998 2008 quod
1031 1948 1067 1992 si
1113 1947 1229 1992 ratio
1262 1946 1398 1991 unica
1442 1950 1512 1990 est
1553 1959 1632 2003 pro
1666 1957 1878 2003 expressa
1914 1944 1990 1989 ha-

210 2033 356 2077 betur.

330 2117 372 2173 6)
408 2121 546 2174 Leges
578 2116 853 2161 favorabiles
885 2115 1093 2174 ampliori
1129 2113 1509 2172 interpretatione
1542 2125 1639 2157 esse
1678 2110 1992 2156 extendendas

210 2199 295 2244 nisi
330 2199 445 2244 ratio
477 2204 638 2244 contra
673 2199 852 2244 militet.

332 2405 338 2423 ¹
370 2405 419 2441 Cf.
440 2406 612 2442 MACHAT.
643 2414 701 2449 op.
721 2414 750 2439 c.
770 2409 805 2439 61
826 2404 845 2439 Ι.
868 2414 897 2438 c.
918 2404 939 2439 l.
963 2403 1019 2446 12,
1041 2403 1094 2445 15,
1116 2403 1149 2438 ff.
1169 2403 1213 2439 (16
1233 2403 1303 2438 LL.

331 2477 343 2495 ²
370 2477 514 2513 SUAREZ
534 2476 594 2518 VI,
622 2476 655 2519 ⁶2,
682 2476 713 2511 7.

329 2548 341 2567 ³
368 2547 454 2592 Cap.
481 2547 502 2582 Ξ
530 2547 574 2583 (16
604 2546 728 2582 transl.
759 2547 879 2592 Episc.

329 2619 343 2640 '⁵
368 2621 407 2656 L.
437 2621 467 2663 1,
495 2625 519 2655 1.
541 2619 570 2662 1,
590 2629 647 2665 op.
668 2619 728 2656 cit..

330 2692 343 2711 ¹⁵
371 2691 436 2737 Op.
455 2695 490 2727 61
508 2691 530 2727 1.
549 2701 579 2728 c.

331 2762 345 2782 ⁶
372 2763 459 2808 Reg.
479 2761 525 2798 28
540 2762 628 2798 iuris
648 2762 685 2797 in
704 2760 741 2796 6⁰
760 2767 796 2796 61
814 2771 890 2805 reg.
911 2760 956 2796 78
975 2760 1054 2796 eod.

330 2834 342 2853 ⁷
371 2835 540 2871 FAGNAN.
559 2843 590 2870 c.
609 2843 691 2870 cum
709 2833 755 2868 ad
772 2835 948 2874 nostram,
968 2841 1002 2867 n.
1023 2830 1079 2872 29,
1099 2830 1143 2866 de
1162 2830 1277 2866 Elect.

328 2907 341 2927 ⁸
369 2907 407 2943 L.
436 2907 477 2942 11
498 2906 542 2942 de
563 2915 670 2952 poen.
689 2904 723 2941 ff.
743 2905 797 2941 Ex
817 2904 838 2940 l.
864 2904 906 2939 10
923 2903 1003 2939 cod.
1022 2902 1100 2938 eod.
1122 2906 1146 2938 t.

329 2978 343 2998 ⁹
369 2977 406 3014 C.
424 2976 469 3013 49
488 2976 533 3014 (16
550 2985 627 3022 reg.
649 2977 715 3012 iur.
734 2975 771 3011 in
789 2974 837 3011 6⁰.
858 2974 1002 3011 Suannz
1022 2972 1066 3009 de
1089 2973 1157 3018 leg.
1178 2972 1239 3017 VI,
1258 2971 1290 3016 5,
1310 2981 1344 3008 n.
1362 2970 1396 3013 5,
1410 2970 1442 3013 6,
1463 2970 1498 3005 7.

320 3049 349 3069 ¹⁰
375 3050 415 3086 L.
433 3049 454 3084 5
473 3048 518 3084 de
537 3047 621 3084 dolo
640 3046 738 3083 malo
756 3045 794 3082 C.
812 3046 859 3082 de
877 3045 1001 3082 donat.
1021 3044 1116 3080 inter
1130 3044 1246 3080 vivos.
