2176 3386
783 222 913 252 Lmen
941 222 965 251 1.
1000 223 1057 251 DE
1086 223 1281 252 cmmms
1380 241 1382 243 -
1845 213 1925 253 333

139 331 327 388 yuineis
342 328 458 374 idest
474 328 722 386 fratribus,
734 330 1024 386 parentibus,
1042 331 1198 375 liberis
1217 331 1248 387 ¹,
1267 331 1307 389 b)
1322 333 1454 376 sociis
1474 332 1507 386 ²,
1521 333 1562 389 e)
1581 333 1754 376 marito
1770 331 1926 391 quoad

143 413 262 457 dotis
293 414 630 457 restitutionem
653 411 687 469 ⁸,
713 412 758 469 d)
797 413 929 457 uxori
952 413 989 458 si
1022 426 1048 458 a
1083 413 1248 459 marito
1281 428 1339 459 ex
1357 414 1477 459 dotis
1497 418 1803 472 promissione
1819 429 1925 460 eon-

146 497 368 540 veniatur
390 494 422 550 ⁴,
447 495 484 550 e)
518 497 736 552 patronis
763 495 1192 553 eoramqueliberis
1210 509 1264 541 ae
1278 497 1556 553 parentibus
1578 510 1607 541 a
1625 497 1799 541 libertis
1819 510 1927 542 eon·

143 580 289 622 ventis
312 577 344 633 ⁵,
369 576 412 635 f)
441 577 663 622 militibus
683 579 777 621 sive
800 578 997 622 militiae
1018 585 1239 624 armatae
1262 577 1277 601 ⁶
1298 580 1392 623 sive
1415 585 1601 637 toyatae
1623 579 1654 623 ⁷.
1682 578 1926 637 Gregorius

138 669 300 711 autem
333 670 405 711 IX.
445 666 529 711 hoc
560 664 855 724 privilegium
889 666 1067 711 clericis
1099 667 1238 712 etiam
1282 667 1494 712 extendit
1517 668 1547 713 ⁸.
1586 655 1681 714 Iulo
1730 668 1822 714 iam
1855 683 1926 715 ro·

140 747 290 792 manis
321 747 493 806 legibus
525 749 612 792 hoc
646 747 936 806 privilegium
970 749 1147 794 clericis
1182 750 1470 808 recognitum
1505 751 1655 806 iuerat
1688 751 1809 796 unde
1833 756 1922 797 sta-

140 835 294 875 tutum
315 832 478 876 luerat
511 845 568 876 ne
602 831 647 875 in
683 830 781 889 plus
813 845 951 891 quam
986 833 1136 877 facere
1162 838 1353 891 possunt
1375 833 1743 879 convenirentur
1765 834 1798 879 ⁹.

263 915 364 959 418.
406 919 468 959 Ne
491 919 648 959 autem
673 916 759 960 hoc
783 915 1020 974 privilegio
1052 916 1372 976 delinquentes
1404 918 1821 975 patrocinarentur,
1845 922 1927 964 aut

146 998 244 1042 iura
277 998 481 1057 quaesita
515 999 823 1055 laederentur,
859 1000 1083 1044 canonica
1117 1001 1213 1058 lege
1247 1004 1474 1045 statutum
1498 1001 1708 1060 estquod
1732 1001 1926 1048 clericus

146 1081 484 1138 competentiae
520 1080 756 1139 privilegio
790 1096 881 1126 non
918 1083 1084 1140 gaudet
1115 1083 1295 1142 quoties
1327 1084 1372 1139 a)
1400 1084 1602 1127 debitam
1626 1097 1722 1128 non
1740 1099 1796 1128 ex
1817 1098 1925 1129 eon-

138 1169 295 1208 tracta
327 1165 405 1208 sed
427 1179 482 1208 ea·
513 1164 674 1209 delicto
697 1167 930 1222 oriyitietn
955 1165 1173 1211 liabaerit
1196 1167 1247 1223 ¹⁰,
1273 1167 1312 1224 b)
1347 1173 1431 1212 aat
1463 1166 1712 1211 creditores
1745 1170 1926 1213 actione

141 1247 262 1292 reali
294 1261 386 1290 non
419 1248 659 1303 personali
690 1254 855 1292 eontra
899 1248 1120 1292 clericam
1148 1249 1371 1307 ayantss,
1411 1249 1481 1293 vel
1513 1252 1550 1305 c)
1588 1250 1783 1293 clericas
1814 1263 1922 1308 pro-

141 1332 254 1388 pria
287 1330 436 1375 debita
471 1344 565 1374 non
598 1331 878 1389 confiteatur
905 1330 954 1386 ¹²,
983 1331 1055 1376 vel
1078 1332 1124 1389 d)
1158 1332 1353 1376 clericas
1376 1345 1471 1375 non
1493 1334 1737 1389 promittat
1757 1346 1803 1376 se
1825 1346 1924 1376 ere·

136 1413 363 1457 ditoribas
393 1414 657 1457 solataram
690 1416 861 1472 qnoties
892 1416 944 1458 in
980 1415 1215 1458 meliorem
1251 1413 1500 1471 fortunam
1549 1415 1781 1460 deveniat.
1817 1418 1926 1460 Cae·

141 1500 292 1541 terum
325 1496 379 1541 de
413 1496 563 1541 clerici
591 1497 742 1555 inopia
776 1504 988 1542 constare
1011 1497 1169 1553 debet,
1208 1497 1280 1542 vel
1313 1500 1350 1552 e)
1378 1499 1574 1543 clericas
1604 1512 1682 1556 spe
1714 1498 1796 1542 hoe
1824 1502 1927 1556 pri·

139 1579 304 1636 vileyio
337 1578 536 1636 fruendi
566 1580 719 1626 debita
751 1583 1001 1636 contraxit,
1038 1580 1076 1638 f)
1118 1582 1187 1626 vel
1221 1582 1342 1626 borna
1374 1584 1425 1626 in
1467 1582 1753 1626 creditorum
1786 1581 1927 1639 fraa-

140 1663 243 1706 dem
287 1664 514 1709 alienavit
550 1665 782 1721 pendente
825 1666 901 1709 tite
940 1679 1082 1722 saper
1121 1667 1266 1710 debito
1300 1667 1580 1723 principati.
1637 1667 1923 1713 Monendum

139 1746 212 1791 hic
244 1752 313 1791 est
344 1748 462 1807 quod
496 1748 688 1793 clei-Icus
721 1749 992 1807 coniugatus
1026 1750 1204 1795 etiamsi
1239 1751 1529 1795 conditiones
1564 1751 1782 1796 Bonifacii
1827 1754 1926 1797 VIII

138 1835 310 1887 servet,
347 1836 502 1876 tamen
539 1832 623 1877 hoc
655 1831 892 1890 privilegio
927 1847 1019 1877 non
1052 1833 1219 1891 gaudet
1245 1834 1277 1857 ¹³
1313 1834 1355 1878 *.

258 1915 283 1939 ⁴*
321 1917 453 1958 NOTA.
488 1941 517 1947 -
549 1919 642 1959 Hac
668 1914 713 1958 in
739 1929 786 1958 re
810 1914 926 1959 bene
950 1916 1142 1960 forsitan
1172 1920 1302 1960 notat
1324 1916 1605 1961 clarissimus
1633 1918 1805 1962 Walter
1837 1918 1923 1963 hoc

145 1997 432 2056 pr1vilegiu1n
452 1997 550 2042 iure
569 2012 866 2043 romanorum
886 1999 1126 2044 inductum
1149 2000 1204 2045 ad
1228 2001 1419 2045 clericos
1442 2004 1688 2046 extensum
1713 2003 1850 2047 fuisse
1875 2002 1922 2048 in

138 2080 267 2138 praxi
302 2086 348 2125 et
379 2095 434 2124 ex
467 2084 711 2140 aequitate,
749 2086 796 2126 at
830 2082 1008 2127 nullum
1042 2082 1087 2127 in
1122 2083 1294 2141 legibus
1313 2083 1541 2142 expressis
1565 2085 1922 2131 fundamentum

258 2225 266 2243 ¹
297 2226 335 2261 L.
366 2226 419 2268 17,
446 2225 492 2261 50
518 2223 552 2260 ff.
579 2225 623 2262 de
653 2226 702 2262 Re
731 2226 804 2262 iud.
833 2227 870 2262 L.
900 2226 943 2262 16
973 2226 1015 2262 18
1042 2225 1075 2262 ff.
1104 2227 1213 2263 solut.
1243 2234 1347 2264 matr.

257 2295 268 2314 ²
299 2296 339 2332 L.
365 2296 408 2331 51
437 2296 480 2332 de
507 2301 689 2340 excusat.;
720 2297 759 2332 L.
788 2296 833 2332 52
861 2296 895 2333 ff.
917 2298 988 2333 Pro
1016 2298 1129 2334 socio.

261 2366 273 2386 ³
300 2368 340 2405 L.
370 2367 423 2410 17,
450 2366 496 2403 20
521 2366 556 2403 ff.
580 2367 628 2408 ,de
655 2368 706 2404 Re
735 2368 807 2405 iud.

256 2438 268 2457 ³
297 2439 335 2475 L.
365 2439 406 2475 17
434 2438 469 2476 ff.
497 2439 604 2476 solut.
635 2445 738 2477 matr.

259 2510 272 2530 ³
301 2512 340 2550 L.
363 2511 417 2554 17,
447 2510 559 2548 19-49
587 2510 620 2547 ff.
648 2511 692 2548 de
719 2522 756 2548 re
784 2512 855 2549 iud.

260 2580 273 2601 ⁸
300 2582 338 2619 L.
368 2582 412 2618 18
438 2581 471 2618 ff.
498 2582 542 2618 de
569 2592 608 2618 re
635 2583 708 2620 iud.

259 2652 274 2673 ¹
300 2654 336 2689 L.
363 2654 384 2689 4
411 2654 497 2690 Cod.
523 2654 567 2691 de
593 2655 780 2693 advocatis
806 2656 938 2694 divers.
966 2658 1076 2694 iudie.

257 2724 272 2744 ⁸
298 2724 383 2770 Cap.
410 2724 431 2760 5
460 2725 652 2763 Odoardus
679 2726 731 2763 tit.
758 2726 815 2770 25,
831 2727 893 2764 lib.
920 2728 952 2764 5.
982 2747 1000 2753 -
1029 2728 1125 2767 Sess.
1152 2729 1240 2766 XXI
1267 2730 1311 2767 de
1338 2730 1497 2767 Reform.
1515 2730 1626 2766 Cone.
1646 2730 1755 2772 Trid„
1775 2739 1807 2766 c.
1829 2730 1873 2766 Il.

257 2796 271 2816 ⁹
297 2796 335 2832 L.
364 2795 466 2833 Miles
492 2795 526 2833 ff.
553 2797 598 2834 <le
616 2807 654 2833 re
682 2798 754 2834 iud.
782 2799 991 2836 PANoRmT.
1017 2804 1052 2836 et
1077 2801 1139 2836 alii
1167 2801 1212 2838 ad
1238 2810 1268 2837 o.
1295 2801 1327 2838 5.
1354 2801 1398 2837 de
1425 2802 1532 2839 solut.

262 2866 289 2885 '⁰
315 2867 518 2904 mexus
544 2868 590 2904 ad
615 2878 696 2914 cap.
725 2868 759 2905 5.
788 2869 832 2906 de
859 2870 967 2907 solut.
993 2871 1166 2908 BAmsosA
1193 2872 1249 2908 ius
1275 2872 1368 2908 eccl.
1395 2872 1497 2909 univ.
1525 2873 1589 2909 lib.
1621 2873 1650 2916 1,
1678 2882 1759 2919 cap.
1787 2873 1846 2909 59.

260 2937 287 2958 ¹¹
316 2938 488 2976 BAnBosA
514 2938 538 2975 1.
563 2940 626 2975 cit.

264 3009 293 3028 ¹¹
319 3008 406 3055 Cap.
432 3010 454 3046 5
474 3010 518 3047 de
544 3011 652 3048 solut.
684 3012 732 3048 X.

261 3078 290 3099 ¹⁸
317 3080 490 3117 Binuose.
516 3082 539 3118 l.
567 3092 601 3119 c.
