2176 3386
179 124 261 164 304
849 109 960 164 PAns
990 135 1030 163 11.
1069 135 1127 163 nr:
1157 133 1296 164 nssnus

181 242 344 288 ditaria
381 241 559 302 proprie
590 242 695 288 talis
725 255 823 287 esse
856 243 1012 300 debet;
1048 242 1084 310 si
1116 242 1220 302 quis
1251 242 1375 287 enim
1409 255 1646 288 successor
1676 243 1739 289 sit
1766 245 1965 303 particu-

182 324 289 371 laris
323 325 368 370 in
403 339 451 370 re
483 325 634 385 aliqua
668 330 811 380 certa,
846 325 884 370 is
916 330 1108 370 eatenus
1131 325 1178 370 in
1203 325 1272 370 ius
1301 328 1570 384 patronatus
1601 326 1821 382 succedit,
1855 340 1964 386 qua-

182 415 320 456 tenus
351 410 460 455 illud
493 410 640 454 eidem
678 410 740 455 rei
775 411 1116 469 particulariter
1149 410 1408 456 inhaereat:
1444 411 1564 471 quod
1595 411 1779 472 quidem
1814 412 1964 468 realiS,

185 507 278 538 non
311 492 581 551 simpliciter
613 492 876 537 hereditarii
911 492 1020 537 iuris
1055 497 1340 551 patronatus,
1377 494 1607 552 proprium
1643 498 1712 538 est
1734 494 1764 538 ¹.
1800 496 1968 540 Contra

184 576 220 621 si
255 577 406 634 plures
438 576 619 620 heredis
652 577 841 622 nomine
866 576 1018 621 vocati
1053 576 1162 632 sint,
1200 577 1306 621 licet
1328 576 1373 621 in
1400 576 1604 635 partibus
1636 575 1966 636 inaequalibus,

189 674 351 705 omnes
385 660 428 704 in
455 660 525 705 ius
547 665 819 718 patronatus
841 660 1112 716 succedunt,
1136 660 1240 720 quia
1275 674 1438 705 omnes
1460 661 1650 706 heredes
1673 674 1781 706 vere
1803 663 1913 705 sunt
1935 662 1966 706 ².

185 744 224 801 b)
262 743 461 788 Heredes
495 743 690 801 plurium
728 747 1027 800 patronorum
1061 743 1354 801 originalium
1390 744 1592 803 itemque
1626 744 1816 788 heredes
1842 744 1965 788 bere-

186 827 296 871 dum
331 826 468 871 unius
500 825 681 885 patroni
715 825 965 884 originalis,
1001 826 1252 870 succedunt
1290 829 1339 870 m
1371 828 1560 883 scirpeS,
1598 840 1690 871 non
1722 829 1880 871 autem
1918 827 1968 869 in

186 913 362 967 capita:
399 910 491 954 imo
524 914 569 954 ct
603 910 792 954 heredes
824 909 1077 954 immediati
1103 909 1281 967 patroni
1306 910 1557 968 originalis,
1581 909 1617 955 si
1643 910 1689 954 in
1719 909 1816 954 eius
1839 908 1970 953 bonis

187 992 233 1036 in
268 992 433 1051 stirpes
465 998 510 1037 et
543 1006 636 1037 non
670 992 717 1036 in
750 993 898 1051 capita
934 992 1188 1037 succedunt
1212 993 1243 1036 ³.
1285 993 1507 1038 Dicuntur
1537 996 1692 1036 autem
1727 992 1971 1038 succedere

188 1076 238 1118 in
271 1077 437 1132 stirpes
468 1074 545 1139 qui
579 1074 805 1132 suffragiis
838 1074 931 1119 suis
963 1089 1103 1120 unani
1141 1089 1304 1120 vocem
1339 1075 1645 1131 constituunt,
1677 1089 1764 1134 qua
1798 1073 1972 1119 scilicet

188 1162 425 1201 auctorem
459 1171 611 1212 suuni,
647 1157 719 1201 cui
754 1162 1093 1213 successerunt,
1118 1157 1246 1217 quasi
1280 1161 1510 1215 superstes
1540 1161 1675 1213 esset,
1710 1171 1971 1215 repraesen-

189 1243 316 1284 tant:
353 1241 608 1285 succedunt
640 1245 796 1285 autem
823 1243 871 1285 in
894 1245 1052 1298 capita
1075 1241 1151 1300 qui
1186 1240 1400 1298 suffragio
1432 1254 1514 1285 suo
1548 1242 1774 1298 integram
1808 1254 1972 1285 vocem

190 1322 479 1368 constituunt
515 1323 714 1383 illudque
747 1337 828 1368 suo
862 1323 1051 1368 nornine
1086 1324 1257 1368 ferunt.
1309 1326 1346 1380 c)
1386 1327 1434 1367 ln
1468 1323 1522 1368 iis
1553 1322 1629 1382 qui
1648 1323 1901 1367 succedunt
1922 1323 1971 1368 in

190 1407 353 1466 stirpes
388 1421 476 1452 vox
513 1407 690 1465 integre
724 1407 968 1452 conficitur
1002 1421 1081 1466 per
1114 1406 1423 1451 maioritateni
1458 1410 1775 1463 respeclivam,
1811 1406 1847 1450 si
1881 1421 1973 1451 vox

192 1491 263 1535 illa
301 1493 530 1549 pertineat
570 1491 625 1535 ad
665 1491 786 1549 ipsos
818 1494 869 1534 ut
901 1490 1104 1548 singulos
1155 1490 1290 1550 (quod
1324 1490 1370 1534 in
1409 1490 1545 1535 dubio
1586 1489 1972 1548 praesumendum

191 1578 260 1619 est
283 1575 336 1631 ⁸),
373 1575 663 1629 absolutam,
699 1575 734 1618 si
770 1573 1075 1632 pertineatad
1103 1574 1286 1619 eosdem
1322 1578 1370 1618 ut
1404 1574 1645 1618 universos
1678 1577 1724 1618 et
1757 1573 1849 1618 sere
1884 1573 1973 1617 ritu

193 1657 368 1716 collegii
394 1658 425 1702 ⁵.
463 1659 509 1715 (l)
543 1661 655 1704 Cum
691 1658 841 1716 plures
874 1657 920 1702 in
959 1657 1075 1702 idern
1113 1657 1182 1702 ius
1216 1661 1486 1716 patronatus
1517 1657 1770 1701 succedunt
1806 1656 1973 1700 indivi-

192 1742 276 1786 sim
312 1746 359 1787 et
391 1742 436 1786 in
471 1742 693 1797 solidum,
728 1742 878 1801 quoad
920 1742 1228 1787 substantiam
1263 1741 1518 1800 possidetur
1556 1741 1613 1785 ab
1646 1741 1875 1796 omnibus,
1910 1740 1974 1785 ita

195 1831 350 1870 tamen
387 1831 437 1870 ut
471 1825 700 1883 integrum
738 1825 790 1869 iis
823 1825 882 1869 sit
913 1825 1117 1869 eiusdem
1153 1837 1286 1869 usum
1337 1838 1415 1868 seu
1451 1823 1725 1868 exercitium
1775 1824 1896 1868 inter
1927 1837 1974 1868 se

193 1909 398 1954 dividere
433 1908 610 1954 ratione
643 1910 890 1968 temporiS,
927 1910 1071 1963 facta,
1107 1923 1181 1953 ex.
1219 1923 1284 1966 gr.
1321 1908 1662 1962 conventione,
1698 1912 1747 1951 ut
1787 1906 1977 1951 alternis

196 1991 375 2037 vicibus
407 1992 566 2037 eodem
601 1991 844 2036 utanturss.

319 2075 520 2135 Denique
554 2077 596 2134 3)
630 2076 879 2134 familiare
910 2089 964 2120 ac
999 2078 1196 2120 mixtum
1220 2089 1307 2135 qua
1345 2075 1521 2121 ratione
1548 2076 1871 2129 transferatur,
1898 2087 1975 2118 seu

194 2158 540 2203 transmittatur
573 2159 628 2203 ad
661 2159 790 2215 alios,
827 2173 884 2203 ex
918 2159 1042 2203 hisce
1077 2159 1243 2217 regulis
1275 2158 1488 2216 cognosci
1523 2162 1687 2216 potest.

320 2243 358 2285 l⁰
396 2242 657 2286 Familiare
690 2240 1023 2285 transmittitur
1059 2241 1326 2299 regulariter
1363 2240 1651 2286 successione
1684 2239 1880 2295 lineari,
1914 2238 1977 2284 ita

199 2332 249 2371 ut
284 2330 411 2384 pater
443 2337 549 2370 non‘
586 2330 834 2370 concurrat
881 2338 986 2369 cum
1020 2323 1154 2379 filiis,
1191 2324 1268 2369 sed
1302 2337 1379 2369 eos
1417 2323 1664 2378 excludat,
1701 2322 1786 2367 nisi
1822 2326 1977 2366 tamen

319 2531 328 2550 ¹
358 2531 705 2567 ScuMALZGRUssBER
733 2529 768 2565 h.
797 2532 820 2566 t.
847 2538 882 2564 n.
911 2526 978 2564 125
1004 2532 1040 2564 et
1067 2526 1145 2570 12&
1172 2527 1453 2565 Rmmivswm.
1481 2526 1568 2563 ibid.
1594 2535 1629 2562 n.
1658 2525 1712 2564 18.

317 2603 330 2622 ’
357 2603 702 2639 ὃοΗΜΑιῑοΒυΕΒΕΒ
730 2600 800 2637 loc.
827 2610 857 2637 c.
1176 2578 1182 2597 ¹

319 2674 333 2694 ³
358 2675 640 2711 Rmrraxswat
668 2672 704 2708 h.
734 2677 756 2708 t.
784 2682 819 2708 n.
848 2670 902 2715 19,
929 2681 1043 2717 seqq.;
1070 2670 1415 2707 SCHMALZGRUEBER
1442 2668 1528 2705 ibid.
1555 2678 1589 2706 n.
1618 2667 1695 2704 129.

318 2747 332 2766 ⁸
357 2747 515 2783 Pmnmo
544 2747 577 2782 h.
606 2749 628 2781 t.
656 2755 689 2781 n.
716 2744 774 2780 48.

320 2817 332 2837 ³
361 2818 518 2855 Piniano
544 2817 614 2853 loc.
641 2827 671 2853 c.

320 2889 331 2905 ‘³
360 2888 608 2925 ΟιΕΜΕΝΤιΝΑ
632 2885 654 2922 ²
681 2886 726 2922 de
752 2885 832 2922 iure
866 2889 978 2930 pati-,3
1008 2885 1288 2921 Rmrmsruat
1315 2874 1384 2919 loc.
1411 2893 1442 2920 c.
1470 2892 1506 2918 n.
1532 2881 1600 2927 25;
1633 2881 1981 2918 Scamnzommnnn

201 2960 272 2996 loc.
298 2970 329 2996 c.
348 2968 386 2994 n.
415 2958 481 2994 127
509 2967 611 3004 seqq.
