2176 3386
217 154 291 193 142
856 167 966 196 PARS
995 168 1018 195 1.
1054 167 1111 195 DE
1139 167 1350 197 PEnsoms

214 274 412 332 primum
446 288 539 319 non
573 274 844 332 secundum,
882 274 967 320 nisi
1002 275 1050 319 in
1082 276 1283 322 secundo
1318 277 1492 322 mentio
1526 278 1606 323 fiat
1621 279 1676 324 de
1701 281 1839 338 priori
1862 282 1991 328 abro-

212 358 377 415 gando,
414 361 523 403 1tem
547 357 583 403 si
609 358 806 416 primum
829 359 1068 403 communi
1091 373 1318 405 consensu
1342 362 1540 419 partium
1566 361 1862 421 impetratum
1885 367 1988 423 ruit,

213 455 305 486 non
341 441 464 486 valet
495 441 748 486 secundum
784 441 1081 500 impetratum
1117 457 1196 501 per
1227 442 1419 489 alteram
1451 450 1629 503 partem
1672 447 1758 492 hoc
1791 449 1932 494 tacito
1956 450 1987 494 ¹.

213 525 253 581 ὅ)
292 526 423 570 Valet
455 525 708 570 secundum
744 508 1016 583 rescriptum
1050 525 1350 584 impetratum
1383 528 1440 572 ab
1471 529 1735 575 adversario
1779 531 1863 577 etsi
1897 546 1990 578 non

213 609 352 654 faciat
376 608 659 654 mentionem
694 609 749 653 de
782 609 929 667 primo
962 608 997 653 si
1032 609 1207 667 primus
1239 610 1492 669 impetrans
1525 612 1646 658 intra
1679 628 1855 659 annum
1888 615 1990 660 dolo

210 696 256 738 et
290 692 565 749 negligentia
598 692 818 750 rescripto
862 705 971 736 usus
1005 705 1095 736 non
1130 696 1223 750 est;
1270 707 1418 752 neque
1451 708 1508 739 ex
1540 695 1625 740 hoc
1657 696 1893 742 descendit
1923 712 1988 742 re-

211 775 378 834 scripta
412 775 612 819 iustitiae
648 789 726 833 per
759 789 851 819 non
886 788 1020 819 usum
1064 779 1164 833 post
1204 790 1380 821 annum
1423 790 1618 834 cessare,
1662 779 1728 823 uti
1779 780 1986 825 nonnulli

216 863 528 916 praesumunt,
564 863 673 902 sunt
704 857 827 902 enim
863 862 910 902 et
942 860 1054 902 haec
1088 873 1167 916 per
1204 872 1250 904 se
1286 865 1499 918 perpetua
1535 862 1567 905 ².
1619 863 1660 917 6)
1702 863 1985 921 Rescriptum

210 941 404 1000 speciale
436 942 622 998 derogat
656 940 887 999 rescriptis
919 941 1300 986 antecedentibus
1331 943 1618 1000 generalibus
1651 944 1695 988 in
1721 945 1885 1004 quibus
1913 960 1989 1003 op·

212 1024 396 1082 ponitur
427 1024 607 1068 etiamsi
641 1024 694 1068 de
729 1023 952 1082 prioribus
985 1024 1108 1069 nulla
1143 1025 1316 1070 mentio
1346 1025 1424 1069 fiat
1448 1026 1477 1070 ²³.
1516 1027 1558 1083 7)
1583 1027 1667 1081 Qui
1692 1027 1867 1072 litteras
1891 1033 1989 1087 post

210 1107 561 1166 appellationem
600 1109 830 1165 impetrat,
866 1107 964 1152 eius
998 1108 1283 1153 mentionem
1308 1110 1458 1154 facere
1480 1109 1614 1154 debet
1637 1109 1668 1154 ⁴.
1706 1110 1749 1154 Si
1773 1112 1873 1170 quis
1900 1112 1989 1170 pri-

212 1192 427 1249 vilegium
461 1191 716 1250 appellandi
751 1191 869 1250 quod
904 1191 960 1235 ad
993 1191 1246 1236 secundum
1274 1192 1355 1247 ius,
1381 1193 1597 1244 obtinuit,
1632 1193 1858 1252 appellare
1894 1209 1985 1239 non

210 1280 358 1332 potest
393 1289 469 1333 pro
503 1288 611 1319 casu
643 1288 733 1334 quo
773 1279 934 1319 contra
982 1275 1128 1333 ipsum
1177 1275 1312 1319 datur
1355 1275 1491 1319 iudex
1530 1275 1763 1333 delegatus
1812 1281 1987 1322 remota

208 1358 543 1417 appellatione3
578 1358 683 1418 quia
717 1358 912 1416 speciale
946 1357 1216 1403 mandatum
1250 1358 1437 1416 derogat
1470 1359 1687 1416 generali.

335 1443 427 1487 18⁶2.
465 1443 592 1496 Quod
626 1447 803 1499 spectat
837 1442 1058 1500 rescripta
1091 1442 1280 1500 gratiae,
1330 1443 1368 1497 1)
1409 1443 1641 1500 Rescripta
1674 1444 1730 1488 ad
1764 1443 1985 1488 beneficia

208 1526 454 1570 obtinenda
491 1525 676 1569 strictae
710 1529 819 1569 sunt
853 1523 1263 1583 interpretationis,
1300 1529 1457 1583 utpote
1489 1524 1730 1570 ambitiosa
1757 1526 1789 1579 ⁵,
1816 1525 1902 1570 nisi
1938 1526 1987 1569 li-

210 1614 332 1653 terae
366 1608 654 1653 beneficiales
693 1609 761 1651 vel
800 1613 926 1652 motu
962 1607 1158 1666 proprio,
1197 1608 1267 1651 vel
1302 1608 1346 1652 in
1372 1607 1798 1665 compensationem
1829 1609 1984 1653 damni

209 1706 451 1736 concessae
484 1691 590 1736 sint.
633 1693 674 1747 Ξ)
716 1691 999 1749 Rescriptum
1043 1691 1163 1750 quod
1203 1691 1361 1735 datum
1410 1691 1467 1735 sit
1505 1691 1561 1735 ad
1603 1691 1894 1746 beneficium,
1930 1692 1984 1736 de

208 1775 431 1820 beneficio
466 1776 537 1818 vel
570 1775 793 1832 (lignitate
830 1774 1120 1832 impetrantis
1155 1774 1438 1819 mentionem
1465 1788 1557 1819 non
1592 1773 1767 1819 faciens
1791 1788 1882 1819 non
1908 1788 1985 1818 va-

209 1859 270 1902 let
293 1858 325 1914 ὅ,
362 1858 444 1902 etsi
479 1858 627 1916 ipsum
651 1859 663 1881 ⁷
701 1872 792 1903 non
828 1858 995 1902 habeat
1027 1856 1301 1902 beneficium
1336 1857 1413 1901 sed
1448 1861 1629 1902 tantum
1663 1856 1733 1901 ius
1769 1856 1823 1901 ad
1859 1857 1981 1901 illud.

208 1943 249 1996 5)
277 1941 318 1986 Si
342 1942 443 2001 quis
467 1942 686 2000 rescripto
708 1942 764 1986 ab
782 1940 1055 1986 beneficium
1082 1945 1265 1998 propter
1285 1955 1488 1986 annuam
1514 1940 1781 1999 pensionem
1818 1953 1984 1984 renun-

207 2024 343 2068 tiavit
377 2038 467 2068 non
503 2025 660 2068 valent
692 2024 851 2068 literae
874 2023 1164 2068 beneficiales
1198 2038 1277 2083 per
1308 2038 1432 2079 eum,
1460 2025 1543 2068 hoc
1577 2022 1733 2077 tacito,
1771 2023 1984 2079 impetra-

209 2111 280 2161 tae
306 2106 335 2150 ⁸.
373 2108 415 2159 4)
454 2110 553 2150 Νοιι
590 2106 748 2150 valent
780 2106 940 2151 literae
973 2106 1146 2164 gratiae
1179 2107 1232 2151 ad
1269 2106 1610 2165 impetrandum
1634 2104 1913 2150 beneficium
1938 2103 1983 2148 in

206 2190 371 2248 quibus
406 2189 658 2247 impetrans
693 2190 836 2234 tacuit
870 2195 1137 2248 perpetuam
1175 2190 1411 2244 vicariam,
1448 2188 1534 2234 nisi
1569 2189 1822 2247 impetrans
1860 2187 1984 2245 igno·

209 2277 278 2316 ret
313 2277 516 2331 tempore
549 2273 894 2331 supplicationis
927 2274 1008 2317 sibi
1044 2275 1261 2318 collatum
1295 2286 1392 2317 esse
1427 2271 1715 2317 beneficium.
1754 2274 1923 2315 Verum
1947 2269 1983 2313 si

208 2356 429 2401 beneficia
463 2356 555 2400 sint
589 2356 949 2415 incompatibilia
986 2370 1130 2401 unum
1171 2356 1402 2401 dimittere
1446 2360 1632 2400 tenetur
1670 2355 1726 2399 ad
1771 2368 1981 2399 normam

326 2530 332 2548 ¹
364 2531 401 2566 C.
419 2530 440 2565 9
462 2530 494 2565 h.
516 2536 537 2565 t.

327 2602 339 2619 '²
366 2602 415 2637 uf.
436 2611 515 2647 cap.
533 2602 554 2637 9
575 2607 609 2637 et
628 2612 658 2636 c.
677 2602 722 2637 25
746 2602 778 2636 Ιι.
801 2606 823 2637 t.

327 2672 338 2691 ³
365 2674 401 2709 t).
423 2672 477 2715 14,
497 2673 608 2710 verbo
628 2674 809 2719 quoniam,
837 2674 881 2709 tle
910 2674 1096 2719 rescriptis
1126 2674 1162 2709 in
1190 2674 1295 2709 Decr.

326 2744 340 2763 ⁸
366 2746 401 2781 C.
425 2744 467 2780 12
486 2744 520 2781 h.
543 2750 564 2780 t.
583 2751 617 2781 ει
636 2745 682 2781 44
700 2745 743 2781 de
763 2745 899 2790 appell.

328 2816 340 2835 ⁵
367 2818 402 2852 t]-
426 2817 441 2851 1
463 2816 507 2852 de
527 2816 724 2862 praebend.
745 2817 782 2852 in
801 2816 849 2852 6⁰.

326 2886 340 2906 ⁶
366 2887 708 2923 C.17et0.8l1.t.

326 2959 337 2977 ⁷
365 2961 402 2997 (J.
421 2959 466 2996 52
488 2961 520 2996 h.
540 2964 563 2994 l.

326 3030 339 3049 ⁸
366 3032 402 3067 G.
423 3030 466 3067 51
487 3030 521 3066 h.
542 3034 564 3066 ι.
