2176 3386
506 241 635 270 LIBER
666 242 692 270 1.
725 241 781 268 DF,
811 241 948 269 REBUS
979 240 1215 269 ECCLESIAE
1245 240 1572 269 SPIRITUALIBUS
1880 228 1939 268 47

145 351 280 407 petua
313 352 361 393 et
394 347 680 406 temporalia,
715 347 762 393 in
796 349 940 393 altero
973 353 1130 394 autem
1168 348 1326 394 Missas
1362 349 1601 393 manuales
1633 353 1679 392 et
1711 353 1807 393 tam
1835 347 1938 393 illo-

146 432 293 476 lorum
327 445 465 490 quam
509 431 687 476 illarum
738 431 1233 490 adimplementum‘et
1263 431 1584 489 eleemosynas
1632 431 1848 477 distincte
1886 436 1939 478 et

144 514 388 572 diligenter
418 514 656 569 adnotare,
692 518 830 574 atque
863 513 918 558 de
951 513 1005 558 iis
1037 518 1252 558 exactam
1289 514 1515 558 rationem
1549 513 1643 558 suis
1682 514 1936 572 Superiori·

147 598 229 642 bus
262 599 463 642 reddere.
512 600 681 642 Verum
715 601 809 641 tam
851 597 1140 655 Superiores,
1174 610 1312 656 quam
1357 597 1638 655 supradicti,
1677 599 1940 643 reddendae

149 682 314 727 rationi
348 682 554 726 obstricti
589 681 744 726 sedulo
778 686 959 735 curent,
995 686 1046 724 ut
1079 681 1122 724 in
1159 680 1376 738 praefatis
1411 680 1535 725 libris
1567 694 1730 725 omnes
1762 685 1809 725 et
1841 681 1934 725 sin-

146 765 276 823 gulae
311 765 511 810 rationes
543 763 802 809 huiusmodi
836 763 1171 818 describantur,
1197 777 1276 808 seu
1301 763 1595 808 adnotentur.
1631 764 1673 821 5)
1711 764 1941 822 Praecipit

147 854 198 893 ut
235 850 478 907 Regulares
524 848 723 893 debeant
771 861 934 892 omnes
981 847 1300 905 eleemosynas
1345 851 1444 891 tum
1480 847 1797 903 manualium,
1836 852 1938 892 tum

151 939 472 993 perpetuarum
507 938 552 977 et
584 932 907 990 temporalium
943 931 1186 976 missarum
1222 945 1442 989 reponere
1478 933 1521 975 iu
1547 945 1680 990 capsa
1716 931 1761 976 in
1796 932 1940 990 parti·

147 1018 288 1062 culari
322 1017 406 1063 sub
438 1017 613 1061 duabus
635 1017 858 1070 clavibus,
883 1030 1076 1073 quarum
1103 1030 1192 1060 una
1225 1029 1364 1074 penes
1398 1017 1683 1072 Superiorem
1720 1017 1934 1072 localem,

147 1101 287 1146 altera
323 1113 462 1159 penes
494 1100 634 1144 alium
669 1114 693 1144 a
728 1099 934 1156 Capitulo
968 1099 1272 1145 Conventuali
1307 1099 1621 1157 deputandum
1660 1100 1934 1155 retineatur,

147 1199 200 1229 ac
233 1184 287 1229 (le
320 1184 490 1228 eisdem
525 1182 832 1240 eleemosynis
854 1188 900 1226 et
922 1182 1231 1227 celebratione
1267 1184 1508 1227 missarum
1544 1196 1698 1227 coram
1729 1182 1942 1227 Patribus

147 1268 356 1313 discretis
389 1281 467 1311 seu
501 1266 761 1311 Consiliaris
795 1264 867 1310 vel
900 1265 988 1310 alio
1036 1265 1173 1309 simili
1225 1266 1358 1310 modo
1398 1266 1708 1324 nuncupatis,
1746 1266 1942 1324 singulis

151 1350 384 1395 mensibus
415 1354 629 1394 exactam
666 1347 893 1392 rationem
927 1347 1110 1405 exigere
1134 1351 1179 1392 et
1204 1348 1458 1406 respective
1493 1349 1695 1393 reddere.
1734 1350 1775 1403 6)
1807 1349 1936 1403 Quod

148 1432 183 1477 si
219 1437 372 1477 autem
415 1430 467 1487 ii,
504 1431 558 1475 ad
591 1444 704 1489 quos
746 1444 854 1475 cura
900 1431 1119 1485 tabellae,
1156 1444 1318 1488 capsae
1361 1436 1407 1475 et
1450 1430 1668 1476 librorum
1717 1431 1940 1489 pertinet,

150 1530 279 1561 suam
315 1528 501 1572 operam
536 1512 795 1571 praemissis
830 1527 920 1557 non
956 1512 1237 1556 navaverint
1270 1518 1316 1556 et
1348 1512 1612 1571 Superiores
1646 1519 1740 1557 tam
1779 1527 1937 1558 saecu-

150 1599 266 1643 laies
297 1611 435 1656 quam
472 1596 699 1654 regulares
733 1596 958 1640 rationem
995 1595 1273 1654 praedictam
1310 1610 1402 1640 non
1437 1596 1693 1654 exegerint,
1729 1611 1808 1641 seu
1843 1610 1941 1641 nonv

151 1678 514 1737 invigilaverint,
541 1683 591 1722 ut
613 1678 804 1737 quisque
828 1691 909 1721 suo
934 1678 1112 1721 muneri
1149 1677 1402 1721 satisfaciat
1427 1678 1471 1722 in
1498 1678 1689 1737 singulis
1723 1679 1938 1737 respecti-

154 1763 222 1807 vis
245 1763 439 1817 casibus,
465 1762 722 1806 saeculares
747 1774 940 1819 poenam
965 1761 1295 1818 suspensionis,
1322 1762 1552 1817 regulares
1576 1776 1686 1807 vero
1721 1763 1940 1820 privatio-

154 1848 224 1892 nis
257 1846 384 1891 vocis
415 1846 596 1891 activae
630 1850 676 1889 et
711 1845 945 1903 passivae,
981 1845 1229 1903 graduum,
1264 1845 1516 1890 officiorum
1551 1860 1603 1890 ac
1639 1846 1947 1892 inhabilitatis

152 1931 207 1975 ad
234 1930 304 1974 illa
341 1929 435 1987 ipso
462 1930 581 1973 t'acto
614 1934 659 1972 et
692 1928 862 1987 absque
897 1929 985 1972 ulla
1019 1927 1330 1972 declaratione
1359 1928 1615 1972 incurrant.
1653 1930 1694 1985 7)
1726 1929 1941 1974 Decernit

155 2019 204 2056 ut
239 2013 349 2057 llaec
382 2012 564 2056 decreta
600 2011 805 2069 exposita
842 2015 1047 2069 prostent
1072 2010 1116 2054 in
1141 2011 1368 2067 sacrariis,
1396 2016 1441 2055 et
1476 2011 1520 2056 in
1557 2012 1850 2057 monasteriis
1875 2013 1944 2057 bis

155 2096 200 2140 in
235 2109 358 2140 anno
394 2096 619 2153 legantur,
656 2098 792 2153 atque
826 2094 996 2139 excitat
1033 2108 1196 2139 omnes
1219 2096 1485 2139 ordinarios
1517 2100 1563 2139 et
1596 2096 1852 2154 superiores
1885 2098 1941 2141 ad

155 2193 312 2224 curam
348 2178 704 2237 impendendam
741 2183 791 2221 ut
823 2177 982 2222 eadem
1017 2178 1338 2222 observentur.

275 2263 376 2307 694.
414 2262 477 2306 Ad
512 2262 623 2306 baec
654 2262 704 2305 4⁰
742 2261 904 2305 Bened.
945 2264 1039 2306 XIV
1066 2262 1078 2285 ¹
1115 2261 1261 2319 primo
1293 2261 1626 2306 animadvertit
1659 2263 1821 2308 missas
1844 2276 1947 2308 esse⁴

156 2345 451 2390 celebrandas
474 2344 518 2388 in
544 2343 615 2387 illa
652 2343 842 2388 ecclesia
877 2357 953 2388 seu
990 2344 1087 2388 loco
1112 2344 1185 2387 ubi
1213 2344 1376 2388 volunt
1408 2345 1752 2402 eleemosynam
1788 2346 1943 2389 confe-

158 2435 326 2484 rentes,
365 2433 517 2488 postea
540 2429 742 2473 declarat
764 2442 1121 2488 quemcumque,
1148 2429 1223 2487 qui
1249 2430 1569 2487 eleemosynas
1602 2442 1678 2473 seu
1715 2428 1941 2486 stipendia

158 2527 237 2572 pro
272 2512 421 2557 missis
443 2511 728 2556 celebrandis
750 2511 968 2568 colligens
999 2515 1046 2555 et
1068 2511 1299 2568 accipiens
1334 2511 1468 2569 ipsas,
1498 2516 1674 2556 retenta
1705 2510 1787 2554 sibi
1814 2515 1947 2569 parte

158 2596 423 2641 earumdem
458 2596 858 2654 eleemosynarum
891 2608 970 2640 seu
1003 2594 1355 2652 stipendiorum,
1390 2594 1622 2638 celebrare
1655 2593 1832 2647 fecerit,
1864 2592 1943 2637 lai-

159 2692 265 2723 cum
288 2679 471 2736 quidem
497 2678 1014 2732 excommunicationis,
1034 2677 1254 2722 clericum
1275 2690 1385 2721 vero
1409 2676 1722 2733 suspensionis
1746 2689 1944 2732 poenam

158 2762 242 2808 sibi
281 2762 464 2822 suisque
510 2761 848 2807 successoribus
897 2765 1180 2806 reservatam
1231 2760 1326 2817 ipso
1370 2761 1490 2804 facto
1537 2759 1786 2804 incurrere.
1838 2759 1951 2804 l‘ius

160 2859 270 2890 vero
306 2849 359 2890 lx
394 2844 440 2889 in
474 2849 627 2892 Const.
668 2845 945 2902 Apostolicae
980 2845 1107 2888 Sedis
1140 2842 1614 2888 excommunicationi
1654 2847 1702 2888 R.
1735 2841 1943 2886 Pontifici

159 2926 429 2986 simpliciter
453 2932 713 2973 reservatae
737 2926 931 2973 subiecit
953 2926 1220 2984 colligentes
1243 2926 1561 2983 eleemosynas
1590 2924 1776 2969 maioris
1809 2924 1947 2983 pretii

282 3115 291 3135 ¹
320 3116 362 3151 In
388 3115 511 3153 Const.
542 3117 685 3154 Quanta
711 3126 803 3152 cura
829 3115 875 3152 50
900 3114 994 3152 iunii
1023 3114 1126 3151 1741.
