2176 3386
865 884 1159 954 PARS
1202 883 1261 952 Ι.

687 1125 819 1177 DE
880 1125 938 1177 P
963 1122 1453 1178 ERSONIS.

302 1360 338 1403 1.
377 1363 596 1416 Suprema
630 1371 928 1416 personarum
964 1356 1129 1401 divisio
1164 1355 1207 1400 in
1248 1355 1445 1400 Ecclesia
1480 1360 1548 1399 est
1581 1359 1631 1398 ut
1655 1354 1728 1398 alii
1754 1354 1848 1398 sint
1871 1354 1959 1398 cle-

178 1442 275 1497 rici,
311 1442 384 1486 alii
420 1442 513 1487 sint
545 1442 671 1486 laici:
710 1441 769 1485 illi
810 1442 1033 1487 Ecclesiae
1067 1440 1289 1498 gubernio
1324 1444 1558 1498 praesunt,
1595 1440 1639 1484 hi
1675 1439 1858 1484 illorum
1884 1453 1959 1497 po-

177 1524 329 1569 testati
354 1524 662 1569 subiiciuntur
686 1526 715 1580 ί;
752 1525 919 1584 χλῆρος
941 1524 1065 1568 enim
1092 1537 1252 1581 graece
1277 1522 1503 1580 significat
1525 1528 1695 1567 sortem
1722 1522 1850 1582 quasi
1874 1523 1962 1566 cle·

177 1605 257 1651 rici
283 1607 330 1650 in
363 1611 535 1651 sortem
563 1606 742 1651 Domini
777 1606 910 1651 electi
933 1605 1042 1661 sint,
1070 1611 1115 1650 et
1135 1604 1249 1655 λαός
1273 1603 1501 1662 significat
1526 1606 1740 1663 populum
1768 1606 1800 1650 ².
1839 1610 1963 1650 Inter

176 1690 365 1734 clericos
397 1694 553 1734 autem
596 1695 642 1735 et
682 1690 819 1735 laicos
861 1689 1059 1734 medium
1103 1692 1267 1733 tenent
1299 1689 1450 1732 locum
1487 1687 1726 1743 monachi,
1767 1687 1960 1746 religiosi

177 1776 257 1816 aut
290 1773 542 1830 regulares;
579 1773 750 1818 etenim
787 1771 939 1816 clerici
973 1772 1262 1829 appellantur
1300 1771 1545 1828 regulares,
1571 1785 1659 1829 qua
1694 1772 1823 1826 taleS‚
1861 1775 1960 1816 tan—

176 1856 413 1900 tummodo
456 1855 563 1915 quia
597 1856 651 1900 de
689 1855 960 1900 clericorum
1003 1854 1251 1913 privilegiis
1289 1854 1580 1912 participant.
1629 1854 1761 1899 Hisce
1804 1856 1963 1912 positis

175 1953 281 1998 cum
317 1939 362 1983 in
397 1943 597 1983 tractatu
621 1939 674 1982 de
698 1938 903 1995 personis
939 1937 1179 1996 praecipue
1212 1937 1266 1981 de
1303 1937 1356 1981 iis
1388 1937 1616 1995 agendum
1650 1937 1709 1982 sit
1730 1938 1807 1996 qui
1833 1938 1962 1983 iuris-

176 2022 390 2067 dictionis
422 2022 677 2066 subiectum
712 2026 836 2076 sunt,
872 2035 1070 2080 cumque
1093 2020 1247 2065 clerici
1283 2020 1605 2065 tantummodo
1636 2020 1963 2065 iurisdictionis

177 2106 514 2151 ecclesiasticae
546 2105 640 2151 sint
672 2119 879 2163 capaces,
904 2105 960 2148 dc
992 2104 1168 2149 clericis
1201 2103 1443 2163 praecipue
1466 2108 1512 2148 et
1534 2103 1639 2148 dein
1675 2103 1876 2148 breviter
1907 2105 1962 2149 de

179 2187 460 2245 regularibus
492 2202 544 2232 ac
572 2188 626 2232 de
660 2187 786 2232 laicis
820 2187 950 2232 nobis
981 2187 1228 2231 dicendum
1262 2190 1345 2230 est.

298 2346 304 2364 ¹
327 2344 457 2380 Clerici
478 2355 614 2381 nomen
635 2346 671 2381 in
694 2346 769 2382 iure
796 2345 880 2389 lato,
908 2345 1034 2381 stricto
1061 2354 1104 2380 ac
1124 2344 1356 2381 strictissimo
1384 2353 1495 2380 sensu
1532 2344 1698 2380 sumitur.
1732 2344 1821 2379 Lato
1849 2352 1961 2378 sensu

175 2415 298 2452 clerici
318 2415 466 2451 nomine
487 2425 645 2461 persona
663 2415 881 2461 intelligitur
908 2416 1056 2452 servitio
1076 2421 1111 2452 et
1130 2415 1242 2452 cultui
1271 2415 1395 2451 divino
1415 2415 1581 2460 legitima
1609 2414 1828 2450 auctoritate
1859 2422 1960 2449 man-

177 2485 313 2531 cipata.
341 2485 426 2522 Can.
456 2485 618 2522 Clericus
646 2486 662 2522 1
690 2492 724 2523 et
752 2488 782 2529 7,
810 2487 847 2522 C.
868 2487 947 2530 XII,
974 2496 1008 2532 q.
1032 2487 1060 2522 l.
1089 2487 1281 2523 Thomass.
1310 2491 1382 2523 ant.
1412 2492 1447 2523 et
1474 2496 1558 2522 now
1578 2486 1708 2532 discip.
1737 2490 1760 2522 t.
1787 2486 1819 2529 ⁶2,
1841 2486 1902 2522 lib.
1932 2486 1961 2524 1.

178 2557 308 2595 Stricto
335 2567 445 2595 sensu
472 2559 595 2595 clerici
628 2558 802 2595 dicuntur
835 2559 896 2605 qui
929 2559 1058 2595 saltem
1091 2569 1157 2604 per
1184 2559 1339 2604 primam
1379 2564 1568 2595 tonsuram
1603 2558 1648 2594 ad
1683 2558 1808 2594 divina
1842 2557 1963 2594 officia

177 2628 349 2665 obeunda
374 2629 605 2674 deputantur.
633 2629 820 2665 Fssnmms
847 2628 939 2666 Bibl.
969 2639 998 2664 V.
1022 2629 1181 2665 Clericus
1206 2632 1274 2665 art.
1303 2629 1332 2665 1.
1354 2629 1594 2665 strictissimo
1621 2636 1732 2664 sensu
1758 2628 1795 2663 in
1823 2627 1961 2664 odiosis

177 2698 302 2735 clerici
329 2699 586 2746 intelliguntur
617 2699 826 2737 saeculares
844 2700 1018 2745 Episcopi
1054 2680 1245 2736 inferiores
1272 2703 1306 2735 et
1342 2699 1440 2735 omni
1467 2699 1646 2744 dignitate
1672 2708 1716 2734 ac
1754 2698 1962 2743 praelatura

177 2775 356 2807 carentes.
392 2771 588 2807 Latissimo
620 2781 732 2807 sensu
769 2771 912 2808 tandem
951 2771 1075 2807 clerici
1102 2772 1212 2807 etiam
1247 2771 1439 2816 utriusque
1471 2780 1582 2807 sexus
1618 2770 1814 2816 Regulares
1842 2769 1963 2815 appel-

180 2840 311 2877 lantur.
579 2833 584 2837 ”

298 2913 310 2931 ²
337 2912 423 2950 Can.
451 2915 483 2950 7.
509 2923 607 2951 caus.
638 2914 691 2958 12,
719 2925 777 2957 qu.
801 2914 831 2949 1.
862 2914 911 2951 cf.
941 2923 1020 2950 can.
1047 2914 1079 2950 ⁸5.
1106 2923 1206 2950 caus.
1228 2913 1283 2955 12,
1303 2923 1363 2958 qu.
1385 2914 1414 2949 1.
1443 2913 1493 2949 Cf.
1519 2913 1701 2949 Isidorum
1732 2912 1960 2958 [spalensem

180 2983 243 3020 ub.
270 2984 337 3020 vu
365 2983 569 3030 Originum,
595 2996 674 3031 cap.
706 2985 747 3021 12
775 2980 809 3022 ἐι
840 2986 892 3022 14.
1232 2967 1235 2970 ’

302 3055 445 3086 Zia-enm
1502 3073 1512 3083 .
1819 3055 1834 3085 1
