2176 3386
496 194 626 223 Llnssn
654 194 679 222 1.
714 193 771 222 DE
802 193 940 222 REBUS
969 192 1206 222 ECCLESIAE
1235 192 1563 222 SP1anUAL1Bus
1842 180 1918 221 221

245 357 263 403 ,ξ
289 358 321 394 1.
347 377 391 383 -
416 357 477 394 De
502 355 866 394 communicatione
892 356 932 392 in
959 355 1106 391 divinis
1132 365 1222 391 cum
1249 354 1461 390 haereticis
1487 356 1524 390 et
1548 354 1825 390 schismaticis.

262 468 391 513 1104.
431 471 494 512 Ex
529 467 695 526 duplici
728 466 1004 526 obligatione
1027 466 1331 525 prohibentur
1362 466 1517 512 fideles
1549 481 1654 512 cum
1679 468 1922 514 haereticis

140 557 186 598 et
207 551 513 598 schismaticis
536 549 1006 596 communicationem
1038 550 1219 595 habere.
1256 549 1406 595 Prima
1430 550 1577 595 oritur
1597 565 1655 595 ex
1679 555 1921 610 praecepto

141 634 339 681 naturali
373 634 548 690 divino,
574 647 626 678 ac
659 633 831 678 directe
865 632 984 691 ipsos
1017 633 1170 678 fideles
1193 634 1349 688 afficit,
1375 647 1480 678 cum
1515 634 1601 679 hoc
1625 640 1919 694 praeceptum

143 734 235 764 non
271 718 328 764 sit
361 719 406 762 in
433 732 627 777 poenam
663 718 1000 762 haereticorum
1034 723 1115 762 aut
1136 717 1535 764 schismaticorum
1560 719 1738 776 datum,
1764 721 1840 765 sed
1874 720 1920 765 in

140 802 342 861 ipsorum
377 802 576 847 fidelium
611 802 800 857 bonum,
836 806 887 845 ut
919 802 976 847 ab
1008 801 1072 846 eis
1097 803 1404 860 perversionis
1437 807 1483 846 ct
1514 803 1823 862 corruptionis
1847 819 1919 862 pe-

141 887 334 932 riculum
371 892 690 931 removeatur:
726 887 868 931 altera
903 900 1014 932 vero
1046 887 1103 931 ab
1135 888 1632 934 excommunicationis
1665 903 1811 947 poena
1845 889 1919 934 de-

140 970 261 1014 rivat
294 969 537 1015 haereticis
568 973 615 1014 et
646 968 949 1015 schismaticis
990 970 1047 1014 ab
1091 970 1287 1015 Ecclesia
1325 970 1522 1026 inflicta,
1558 985 1674 1030 quae
1707 972 1921 1030 quamvis

139 1053 311 1098 directe
343 1053 461 1110 ipsos
498 1053 728 1111 percellat,
765 1052 986 1098 indirecte
1018 1058 1175 1098 tamen
1211 1053 1363 1098 lideles
1397 1054 1516 1112 ipsos
1549 1054 1717 1112 obligat
1761 1055 1816 1099 ad
1849 1069 1921 1100 eo-

141 1150 242 1181 rum
277 1136 653 1188 communionem
681 1136 934 1181 vitandam.
973 1139 1106 1181 Porro
1140 1136 1195 1181 ad
1224 1137 1435 1181 divinum
1474 1143 1769 1196 praeceptum
1803 1138 1922 1198 quod

140 1220 308 1265 attinet
340 1220 599 1277 obligantur
632 1220 784 1265 fideles
817 1220 1289 1266 communicationem
1323 1236 1429 1266 cum
1454 1222 1697 1267 haereticis
1729 1227 1774 1267 et
1806 1223 1921 1267 schi-

140 1303 345 1348 smaticis
375 1305 522 1347 vitare
554 1302 799 1362 aliquando
832 1318 887 1348 ex
908 1310 1152 1362 praecepto
1174 1305 1296 1363 fidei.
1323 1305 1569 1364 aliquando
1603 1321 1657 1350 ex
1677 1312 1923 1363 praecepto

141 1385 400 1431 eharitatis.
442 1390 504 1430 Ex
541 1390 780 1443 praecepto
815 1386 915 1431 fidei
951 1387 1211 1444 obligantur
1243 1388 1395 1432 fideles
1430 1389 1576 1432 vitare
1610 1388 1922 1433 communica-

143 1468 315 1513 tionem
351 1469 396 1513 in
430 1469 586 1522 sacris,
622 1470 797 1515 scilicet
830 1470 876 1514 in
910 1470 1067 1527 signis,
1105 1471 1149 1515 in
1186 1470 1363 1526 ritibus,
1397 1471 1440 1516 in
1476 1471 1780 1516 caeremoniis
1805 1471 1922 1516 aliis-

141 1567 228 1612 que
262 1553 317 1597 ad
350 1553 576 1597 haeresim
611 1559 655 1596 et
688 1553 884 1597 schisma
919 1553 1257 1612 spectantibus;
1294 1554 1369 1614 qui
1405 1555 1527 1599 enim
1565 1554 1633 1599 his
1665 1553 1923 1599 communi-

142 1641 266 1692 cant,
303 1638 375 1681 vel
409 1638 470 1681 ita
504 1642 613 1682 sunt
645 1637 802 1682 animo
836 1638 1087 1695 comparati
1123 1643 1172 1682 ut
1206 1653 1364 1683 eorum
1399 1639 1629 1683 erroribus
1676 1638 1837 1682 saltem
1874 1637 1919 1681 in

141 1735 307 1779 genere
339 1720 667 1774 assentiantur,
692 1735 781 1780 quo
815 1721 861 1765 in
896 1735 1002 1766 casu
1040 1723 1134 1767 veri
1169 1722 1386 1767 haeretici
1411 1728 1457 1767 et
1481 1722 1760 1768 schismatici
1796 1727 1921 1777 sunt,

143 1805 216 1849 vel
248 1805 403 1848 animo
437 1819 460 1849 a
495 1804 742 1849 schismate
785 1810 830 1849 et
872 1805 1047 1850 haeresi
1082 1805 1405 1862 abhorrentes,
1441 1811 1571 1851 actus
1606 1806 1703 1851 illos
1734 1806 1832 1851 sive
1865 1820 1922 1851 ex

144 1893 269 1933 metu
304 1889 402 1933 sive
435 1903 493 1932 ex
517 1888 604 1933 alio
638 1888 728 1933 tine
762 1894 1000 1944 exercent,
1025 1892 1071 1933 et
1105 1888 1149 1933 in
1185 1890 1270 1934 hoc
1304 1904 1411 1935 casu
1446 1891 1650 1935 exterius
1672 1891 1833 1936 falsam
1857 1905 1922 1936 se-

143 1977 266 2017 ctam
300 1972 537 2027 simulant,
575 1978 624 2016 ut
658 1972 865 2031 superius
897 1972 1115 2028 diximus,
1153 1974 1225 2018 vel
1260 1974 1457 2033 denique
1490 1974 1691 2033 periculo
1741 1988 1922 2032 perver-

142 2054 283 2100 sionis
329 2069 375 2100 se
423 2060 679 2114 exponunt.
727 2056 1000 2114 Obligantur
1049 2071 1157 2102 vero
1200 2072 1257 2102 ex
1295 2062 1537 2116 praecepto
1586 2058 1824 2103 charitatis
1868 2058 1924 2102 ob

144 2139 408 2184 scandalum
444 2140 516 2183 vel
549 2140 850 2184 offensionem
885 2141 1234 2185 catholicorum.
1271 2141 1398 2194 Quod
1432 2141 1466 2186 si
1505 2145 1758 2186 memorata
1808 2140 1922 2199 peri-

144 2221 245 2266 cula
279 2221 324 2267 in
358 2222 510 2282 aliquo
544 2222 806 2279 particulari
841 2237 947 2268 casu
983 2229 1231 2280 cessarent,
1269 2229 1541 2270 tenerentur
1573 2230 1730 2269 tamen
1770 2223 1924 2268 fideles

146 2305 322 2350 ratione
355 2306 869 2363 excommunicationis,
893 2321 982 2367 qua
1016 2308 1235 2352 haeretici
1260 2312 1306 2353 et
1327 2308 1606 2353 schismatici
1642 2308 1920 2365 plectuntur,

144 2403 201 2434 ex
239 2389 463 2434 Ecclesiae
495 2395 738 2449 praecepto
770 2404 928 2435 eorum
963 2391 1112 2435 vitare
1146 2391 1636 2436 communicationem.

268 2472 394 2517 1105.
430 2477 568 2518 Porro
602 2487 680 2531 per
712 2474 831 2518 hanc
864 2473 1363 2519 excommunicationis
1396 2489 1609 2533 poenam,
1648 2487 1739 2518 non
1774 2473 1921 2518 solum

145 2555 363 2600 haeretici
396 2561 442 2600 et
472 2555 751 2601 schismatici
795 2569 956 2601 omnes
996 2556 1198 2615 qualibet
1240 2557 1337 2601 sive
1376 2557 1420 2600 in
1468 2557 1609 2601 sacris
1650 2555 1748 2600 sive
1782 2554 1828 2599 in
1862 2555 1922 2601 ci-

146 2639 313 2684 vilibus
346 2639 767 2685 communicatione
799 2654 905 2685 cum
939 2639 1177 2685 catholicis
1199 2640 1458 2699 privantur,
1487 2654 1649 2685 verum
1682 2640 1822 2683 etiam
1850 2652 1922 2683 ca·

145 2722 326 2768 tholicis
371 2737 476 2769 cum
512 2723 564 2768 iis
596 2723 887 2768 interdicitur
932 2724 1277 2769 communicare
1323 2724 1463 2768 etiam
1510 2723 1555 2767 in
1590 2723 1644 2768 iis
1676 2722 1924 2768 rarioribus

146 2806 348 2859 casibus,
384 2807 430 2850 in
462 2806 626 2866 quibus
658 2821 710 2851 ea
743 2806 957 2865 obligatio
997 2806 1108 2852 iuris
1140 2806 1362 2851 naturalis
1399 2806 1545 2851 divini
1579 2809 1792 2852 cessaret.
1842 2806 1924 2850 Hic

145 2892 302 2934 tamen
337 2888 448 2935 iuris
469 2889 765 2935 ecclesiastici
791 2890 961 2936 veteris
984 2891 1105 2948 rigor
1136 2905 1216 2948 per
1250 2889 1437 2935 Martini
1467 2892 1503 2934 V
1536 2889 1920 2935 constitutionem

146 2974 214 3018 Ad
244 2973 468 3019 evitanda
499 2973 732 3019 scandala
770 2974 858 3018 fuit
889 2979 1198 3032 temperatus,
1233 2987 1322 3033 qua
1359 2987 1466 3019 cum
1508 2971 1924 3018 excommunicatis

147 3054 352 3100 toleratis
398 3055 743 3118 communicare
791 3056 1107 3115 permittitur,
1143 3071 1236 3102 non
1284 3057 1432 3102 solum
1478 3056 1525 3100 in
1568 3053 1811 3111 civilibus,
1845 3055 1921 3100 sed
