<?xml version="1.0" encoding="UTF-8"?>
<!DOCTYPE html PUBLIC "-//W3C//DTD XHTML 1.0 Transitional//EN"
    "http://www.w3.org/TR/xhtml1/DTD/xhtml1-transitional.dtd">
<html xmlns="http://www.w3.org/1999/xhtml" xml:lang="en" lang="en">
 <head>
  <title>
</title>
<meta http-equiv="Content-Type" content="text/html;charset=utf-8" />
  <meta name='ocr-system' content='tesseract 3.04.00' />
  <meta name='ocr-capabilities' content='ocr_page ocr_carea ocr_par ocr_line ocrx_word'/>
</head>
<body>
  <div class='ocr_page' id='page_1' title='image "apparatus00ziteuoft_0521.png"; bbox 0 0 2176 3386; ppageno 0'>
   <div class='ocr_carea' id='block_1_1' title="bbox 730 193 1851 202">
    <p class='ocr_par' dir='ltr' id='par_1_1' title="bbox 730 193 1851 202">
     <span class='ocr_line' id='line_1_1' title="bbox 730 193 1851 202; baseline 0 0"><span class='ocrx_word' id='word_1_1' title='bbox 730 193 1851 202; x_wconf 95' lang='lat' dir='ltr'> </span> 
     </span>
    </p>
   </div>
   <div class='ocr_carea' id='block_1_2' title="bbox 923 193 1851 202">
    <p class='ocr_par' dir='ltr' id='par_1_2' title="bbox 923 193 1851 202">
     <span class='ocr_line' id='line_1_2' title="bbox 923 193 1851 202; baseline 0 0"><span class='ocrx_word' id='word_1_2' title='bbox 923 193 1851 202; x_wconf 95' lang='lat' dir='ltr'> </span> 
     </span>
    </p>
   </div>
   <div class='ocr_carea' id='block_1_3' title="bbox 197 246 1989 556">
    <p class='ocr_par' dir='ltr' id='par_1_3' title="bbox 198 246 1987 309">
     <span class='ocr_line' id='line_1_3' title="bbox 198 246 1987 309; baseline -0.002 -15"><span class='ocrx_word' id='word_1_3' title='bbox 198 249 243 294; x_wconf 91' lang='lat' dir='ltr'>in</span> <span class='ocrx_word' id='word_1_4' title='bbox 278 248 350 305; x_wconf 90' lang='lat' dir='ltr'>iis,</span> <span class='ocrx_word' id='word_1_5' title='bbox 373 248 450 309; x_wconf 91' lang='lat' dir='ltr'>qui</span> <span class='ocrx_word' id='word_1_6' title='bbox 474 249 529 294; x_wconf 91' lang='lat' dir='ltr'>ad</span> <span class='ocrx_word' id='word_1_7' title='bbox 553 247 806 293; x_wconf 81' lang='lat' dir='ltr'>&#39;l&#39;ridentini</span> <span class='ocrx_word' id='word_1_8' title='bbox 840 251 1013 292; x_wconf 83' lang='lat' dir='ltr'>statuta</span> <span class='ocrx_word' id='word_1_9' title='bbox 1040 246 1268 292; x_wconf 77' lang='lat' dir='ltr'>servanda</span> <span class='ocrx_word' id='word_1_10' title='bbox 1291 246 1658 304; x_wconf 83' lang='lat' dir='ltr'>adstringuntur.</span> <span class='ocrx_word' id='word_1_11' title='bbox 1696 246 1845 292; x_wconf 86' lang='lat' dir='ltr'>Ceteri</span> <span class='ocrx_word' id='word_1_12' title='bbox 1869 260 1987 291; x_wconf 75' lang='lat' dir='ltr'>vero</span> 
     </span>
    </p>

    <p class='ocr_par' dir='ltr' id='par_1_4' title="bbox 197 329 1989 471">
     <span class='ocr_line' id='line_1_4' title="bbox 197 329 1869 391; baseline -0.003 -13"><span class='ocrx_word' id='word_1_13' title='bbox 197 331 463 391; x_wconf 85' lang='lat' dir='ltr'>disciplinae</span> <span class='ocrx_word' id='word_1_14' title='bbox 496 331 543 376; x_wconf 92' lang='lat' dir='ltr'>in</span> <span class='ocrx_word' id='word_1_15' title='bbox 576 331 670 375; x_wconf 93' lang='lat' dir='ltr'>suis</span> <span class='ocrx_word' id='word_1_16' title='bbox 702 330 965 389; x_wconf 87' lang='lat' dir='ltr'>regionibus</span> <span class='ocrx_word' id='word_1_17' title='bbox 998 330 1171 388; x_wconf 80' lang='lat' dir='ltr'><strong>vigenti</strong></span> <span class='ocrx_word' id='word_1_18' title='bbox 1206 330 1292 374; x_wconf 89' lang='lat' dir='ltr'>hac</span> <span class='ocrx_word' id='word_1_19' title='bbox 1325 329 1372 374; x_wconf 90' lang='lat' dir='ltr'>in</span> <span class='ocrx_word' id='word_1_20' title='bbox 1397 344 1446 374; x_wconf 93' lang='lat' dir='ltr'>re</span> <span class='ocrx_word' id='word_1_21' title='bbox 1478 342 1525 374; x_wconf 88' lang='lat' dir='ltr'>se</span> <span class='ocrx_word' id='word_1_22' title='bbox 1558 330 1869 374; x_wconf 77' lang='lat' dir='ltr'><strong>conforment.</strong></span> 
     </span>
     <span class='ocr_line' id='line_1_5' title="bbox 317 411 1989 471; baseline -0.002 -11"><span class='ocrx_word' id='word_1_23' title='bbox 317 415 417 460; x_wconf 89' lang='grc'><strong>660.</strong></span> <span class='ocrx_word' id='word_1_24' title='bbox 454 418 549 459; x_wconf 91' lang='lat' dir='ltr'>Hoc</span> <span class='ocrx_word' id='word_1_25' title='bbox 582 416 933 458; x_wconf 78' lang='lat' dir='ltr'>Sacramentum</span> <span class='ocrx_word' id='word_1_26' title='bbox 977 417 1125 471; x_wconf 89' lang='lat' dir='ltr'>potest</span> <span class='ocrx_word' id='word_1_27' title='bbox 1171 412 1370 457; x_wconf 84' lang='lat' dir='ltr'>conferri</span> <span class='ocrx_word' id='word_1_28' title='bbox 1419 411 1572 456; x_wconf 92' lang='lat' dir='ltr'>minus</span> <span class='ocrx_word' id='word_1_29' title='bbox 1605 411 1900 468; x_wconf 90' lang='lat' dir='ltr'>solemniter,</span> <span class='ocrx_word' id='word_1_30' title='bbox 1936 415 1989 456; x_wconf 80' lang='lat' dir='ltr'>et.</span> 
     </span>
    </p>

    <p class='ocr_par' dir='ltr' id='par_1_5' title="bbox 198 495 1983 556">
     <span class='ocr_line' id='line_1_6' title="bbox 198 495 1983 556; baseline -0.002 -14"><span class='ocrx_word' id='word_1_31' title='bbox 198 497 466 556; x_wconf 89' lang='lat' dir='ltr'>praesertim</span> <span class='ocrx_word' id='word_1_32' title='bbox 501 501 598 541; x_wconf 88' lang='lat' dir='ltr'>tum</span> <span class='ocrx_word' id='word_1_33' title='bbox 635 511 739 542; x_wconf 92' lang='lat' dir='ltr'>cum</span> <span class='ocrx_word' id='word_1_34' title='bbox 775 496 820 540; x_wconf 93' lang='lat' dir='ltr'>in</span> <span class='ocrx_word' id='word_1_35' title='bbox 856 495 1050 555; x_wconf 51' lang='lat' dir='ltr'>prix-atis</span> <span class='ocrx_word' id='word_1_36' title='bbox 1082 495 1310 550; x_wconf 81' lang='lat' dir='ltr'>domibus,</span> <span class='ocrx_word' id='word_1_37' title='bbox 1341 495 1414 540; x_wconf 70' lang='lat' dir='ltr'>vel</span> <span class='ocrx_word' id='word_1_38' title='bbox 1448 499 1579 540; x_wconf 87' lang='lat' dir='ltr'>extra</span> <span class='ocrx_word' id='word_1_39' title='bbox 1615 495 1875 551; x_wconf 87' lang='lat' dir='ltr'>ecclesiam,</span> <span class='ocrx_word' id='word_1_40' title='bbox 1901 507 1983 540; x_wconf 82' lang='lat' dir='ltr'>seu</span> 
     </span>
    </p>
   </div>
   <div class='ocr_carea' id='block_1_4' title="bbox 0 0 1990 254">
    <p class='ocr_par' dir='ltr' id='par_1_6' title="bbox 0 0 1990 254">
     <span class='ocr_line' id='line_1_7' title="bbox 161 0 1637 33; baseline 0 -30"><span class='ocrx_word' id='word_1_41' title='bbox 161 0 191 25; x_wconf 29' lang='grc' dir='ltr'>,ι</span> <span class='ocrx_word' id='word_1_42' title='bbox 210 0 275 29; x_wconf 56' lang='lat'>⁷:³1</span> <span class='ocrx_word' id='word_1_43' title='bbox 290 0 359 33; x_wconf 57' lang='lat'>1³*</span> <span class='ocrx_word' id='word_1_44' title='bbox 380 0 498 33; x_wconf 27' lang='lat'>5473</span> <span class='ocrx_word' id='word_1_45' title='bbox 720 15 731 19; x_wconf 27' lang='lat' dir='ltr'><strong><em>p</em></strong></span> <span class='ocrx_word' id='word_1_46' title='bbox 1267 0 1270 1; x_wconf 10' lang='grc' dir='ltr'><em>γ</em></span> <span class='ocrx_word' id='word_1_47' title='bbox 1416 6 1423 11; x_wconf 57' lang='grc'><strong><em>,</em></strong></span> <span class='ocrx_word' id='word_1_48' title='bbox 1631 2 1637 3; x_wconf 19' lang='lat' dir='ltr'>o</span> 
     </span>
     <span class='ocr_line' id='line_1_8' title="bbox 0 0 1990 254; baseline -0.002 -81"><span class='ocrx_word' id='word_1_49' title='bbox 0 0 41 254; x_wconf 62' lang='grc' dir='ltr'>ι</span> <span class='ocrx_word' id='word_1_50' title='bbox 558 143 687 172; x_wconf 80' lang='lat' dir='ltr'>L113ER</span> <span class='ocrx_word' id='word_1_51' title='bbox 715 144 739 172; x_wconf 91' lang='lat'>1.</span> <span class='ocrx_word' id='word_1_52' title='bbox 770 143 827 171; x_wconf 83' lang='lat' dir='ltr'>DE</span> <span class='ocrx_word' id='word_1_53' title='bbox 857 142 995 171; x_wconf 66' lang='lat' dir='ltr'>nanus</span> <span class='ocrx_word' id='word_1_54' title='bbox 1023 141 1260 170; x_wconf 64' lang='lat' dir='ltr'>ECCIAESIAE</span> <span class='ocrx_word' id='word_1_55' title='bbox 1290 140 1620 170; x_wconf 74' lang='lat' dir='ltr'>smmTUALfflus</span> <span class='ocrx_word' id='word_1_56' title='bbox 1931 130 1990 187; x_wconf 80' lang='lat'>25</span> 
     </span>
    </p>
   </div>
   <div class='ocr_carea' id='block_1_5' title="bbox 192 578 1988 3051">
    <p class='ocr_par' dir='ltr' id='par_1_7' title="bbox 196 578 1986 1052">
     <span class='ocr_line' id='line_1_9' title="bbox 197 578 1983 638; baseline -0.002 -12"><span class='ocrx_word' id='word_1_57' title='bbox 197 580 467 635; x_wconf 89' lang='lat' dir='ltr'>oratorium,</span> <span class='ocrx_word' id='word_1_58' title='bbox 504 580 656 638; x_wconf 90' lang='lat' dir='ltr'>pueris</span> <span class='ocrx_word' id='word_1_59' title='bbox 687 579 1048 635; x_wconf 79' lang='lat' dir='ltr'>aegrotantibus,</span> <span class='ocrx_word' id='word_1_60' title='bbox 1074 579 1128 623; x_wconf 93' lang='lat' dir='ltr'>de</span> <span class='ocrx_word' id='word_1_61' title='bbox 1162 579 1326 638; x_wconf 88' lang='lat' dir='ltr'>quibus</span> <span class='ocrx_word' id='word_1_62' title='bbox 1359 592 1509 637; x_wconf 81' lang='lat' dir='ltr'>supra,</span> <span class='ocrx_word' id='word_1_63' title='bbox 1536 578 1870 623; x_wconf 85' lang='lat' dir='ltr'>conferendum</span> <span class='ocrx_word' id='word_1_64' title='bbox 1893 583 1983 634; x_wconf 85' lang='lat' dir='ltr'>est,</span> 
     </span>
     <span class='ocr_line' id='line_1_10' title="bbox 198 661 1982 722; baseline -0.002 -14"><span class='ocrx_word' id='word_1_65' title='bbox 198 665 272 708; x_wconf 82' lang='lat' dir='ltr'>vel</span> <span class='ocrx_word' id='word_1_66' title='bbox 305 664 443 709; x_wconf 88' lang='lat' dir='ltr'>etiam</span> <span class='ocrx_word' id='word_1_67' title='bbox 479 663 662 718; x_wconf 89' lang='lat' dir='ltr'>adultis,</span> <span class='ocrx_word' id='word_1_68' title='bbox 698 663 773 722; x_wconf 89' lang='lat' dir='ltr'>qui</span> <span class='ocrx_word' id='word_1_69' title='bbox 807 663 859 707; x_wconf 89' lang='lat' dir='ltr'>ad</span> <span class='ocrx_word' id='word_1_70' title='bbox 895 661 1138 707; x_wconf 88' lang='lat' dir='ltr'>ecclesiam</span> <span class='ocrx_word' id='word_1_71' title='bbox 1171 675 1461 722; x_wconf 87' lang='lat' dir='ltr'>quacumque</span> <span class='ocrx_word' id='word_1_72' title='bbox 1494 676 1551 706; x_wconf 86' lang='lat' dir='ltr'>ex</span> <span class='ocrx_word' id='word_1_73' title='bbox 1586 674 1741 717; x_wconf 88' lang='lat' dir='ltr'>causa,</span> <span class='ocrx_word' id='word_1_74' title='bbox 1777 661 1982 719; x_wconf 88' lang='lat' dir='ltr'>legitima</span> 
     </span>
     <span class='ocr_line' id='line_1_11' title="bbox 197 744 1986 805; baseline -0.002 -14"><span class='ocrx_word' id='word_1_75' title='bbox 197 751 373 802; x_wconf 89' lang='lat' dir='ltr'>tamen,</span> <span class='ocrx_word' id='word_1_76' title='bbox 409 746 626 791; x_wconf 82' lang='lat' dir='ltr'>accedere</span> <span class='ocrx_word' id='word_1_77' title='bbox 661 750 913 805; x_wconf 87' lang='lat' dir='ltr'>nequeunt.</span> <span class='ocrx_word' id='word_1_78' title='bbox 953 749 1001 789; x_wconf 92' lang='lat' dir='ltr'>[n</span> <span class='ocrx_word' id='word_1_79' title='bbox 1037 745 1091 789; x_wconf 92' lang='lat' dir='ltr'>iis</span> <span class='ocrx_word' id='word_1_80' title='bbox 1114 745 1293 790; x_wconf 82' lang='lat' dir='ltr'>casibus</span> <span class='ocrx_word' id='word_1_81' title='bbox 1326 744 1538 789; x_wconf 83' lang='lat' dir='ltr'>sacerdos</span> <span class='ocrx_word' id='word_1_82' title='bbox 1560 758 1653 788; x_wconf 90' lang='lat' dir='ltr'>non</span> <span class='ocrx_word' id='word_1_83' title='bbox 1688 744 1875 789; x_wconf 82' lang='lat' dir='ltr'>omittat</span> <span class='ocrx_word' id='word_1_84' title='bbox 1896 744 1986 788; x_wconf 86' lang='lat' dir='ltr'>sal-</span> 
     </span>
     <span class='ocr_line' id='line_1_12' title="bbox 197 827 1984 888; baseline -0.002 -14"><span class='ocrx_word' id='word_1_85' title='bbox 197 834 291 874; x_wconf 90' lang='lat' dir='ltr'>tem</span> <span class='ocrx_word' id='word_1_86' title='bbox 316 830 498 886; x_wconf 88' lang='lat' dir='ltr'>stolam,</span> <span class='ocrx_word' id='word_1_87' title='bbox 525 829 560 874; x_wconf 86' lang='lat' dir='ltr'>si</span> <span class='ocrx_word' id='word_1_88' title='bbox 585 829 962 888; x_wconf 85' lang='lat' dir='ltr'>superpelliceum</span> <span class='ocrx_word' id='word_1_89' title='bbox 989 829 1155 874; x_wconf 90' lang='lat' dir='ltr'>habere</span> <span class='ocrx_word' id='word_1_90' title='bbox 1181 843 1272 874; x_wconf 94' lang='lat' dir='ltr'>non</span> <span class='ocrx_word' id='word_1_91' title='bbox 1298 828 1454 887; x_wconf 86' lang='lat' dir='ltr'>possit,</span> <span class='ocrx_word' id='word_1_92' title='bbox 1475 841 1642 872; x_wconf 70' lang='lat' dir='ltr'>cavere</span> <span class='ocrx_word' id='word_1_93' title='bbox 1664 827 1805 872; x_wconf 90' lang='lat' dir='ltr'>etiam</span> <span class='ocrx_word' id='word_1_94' title='bbox 1828 827 1984 882; x_wconf 88' lang='lat' dir='ltr'>debet,</span> 
     </span>
     <span class='ocr_line' id='line_1_13' title="bbox 199 911 1986 967; baseline -0.002 -10"><span class='ocrx_word' id='word_1_95' title='bbox 199 927 256 957; x_wconf 82' lang='lat' dir='ltr'>ne</span> <span class='ocrx_word' id='word_1_96' title='bbox 291 927 444 958; x_wconf 85' lang='lat' dir='ltr'>coram</span> <span class='ocrx_word' id='word_1_97' title='bbox 480 913 724 958; x_wconf 80' lang='lat' dir='ltr'>haereticis</span> <span class='ocrx_word' id='word_1_98' title='bbox 746 918 826 958; x_wconf 88' lang='lat' dir='ltr'>aut</span> <span class='ocrx_word' id='word_1_99' title='bbox 849 913 1172 967; x_wconf 83' lang='lat' dir='ltr'>schismaticis,</span> <span class='ocrx_word' id='word_1_100' title='bbox 1199 917 1245 957; x_wconf 93' lang='lat' dir='ltr'>et</span> <span class='ocrx_word' id='word_1_101' title='bbox 1269 913 1415 956; x_wconf 88' lang='lat' dir='ltr'>multo</span> <span class='ocrx_word' id='word_1_102' title='bbox 1450 911 1603 955; x_wconf 89' lang='lat' dir='ltr'>minus</span> <span class='ocrx_word' id='word_1_103' title='bbox 1627 911 1691 956; x_wconf 81' lang='lat' dir='ltr'>eis</span> <span class='ocrx_word' id='word_1_104' title='bbox 1714 911 1986 956; x_wconf 81' lang='lat' dir='ltr'>ministran-</span> 
     </span>
     <span class='ocr_line' id='line_1_14' title="bbox 196 995 629 1052; baseline 0 -12"><span class='ocrx_word' id='word_1_105' title='bbox 196 996 333 1052; x_wconf 89' lang='lat' dir='ltr'>tibus,</span> <span class='ocrx_word' id='word_1_106' title='bbox 370 995 629 1041; x_wconf 84' lang='lat' dir='ltr'>confirmet.</span> 
     </span>
    </p>

    <p class='ocr_par' dir='ltr' id='par_1_8' title="bbox 194 1078 1988 2292">
     <span class='ocr_line' id='line_1_15' title="bbox 316 1078 1985 1139; baseline -0.001 -13"><span class='ocrx_word' id='word_1_107' title='bbox 316 1082 415 1126; x_wconf 87' lang='grc'>661.</span> <span class='ocrx_word' id='word_1_108' title='bbox 454 1081 579 1135; x_wconf 86' lang='lat' dir='ltr'>Quod</span> <span class='ocrx_word' id='word_1_109' title='bbox 614 1081 650 1125; x_wconf 90' lang='lat' dir='ltr'>si</span> <span class='ocrx_word' id='word_1_110' title='bbox 684 1081 870 1125; x_wconf 89' lang='lat' dir='ltr'>tandem</span> <span class='ocrx_word' id='word_1_111' title='bbox 906 1095 986 1139; x_wconf 89' lang='lat' dir='ltr'>per</span> <span class='ocrx_word' id='word_1_112' title='bbox 1019 1080 1179 1125; x_wconf 89' lang='lat' dir='ltr'>Sedem</span> <span class='ocrx_word' id='word_1_113' title='bbox 1216 1079 1523 1138; x_wconf 86' lang='lat' dir='ltr'>Apostolicam</span> <span class='ocrx_word' id='word_1_114' title='bbox 1556 1079 1691 1125; x_wconf 88' lang='lat' dir='ltr'>alicui</span> <span class='ocrx_word' id='word_1_115' title='bbox 1725 1078 1822 1124; x_wconf 87' lang='lat' dir='ltr'>fieri</span> <span class='ocrx_word' id='word_1_116' title='bbox 1858 1084 1985 1138; x_wconf 86' lang='lat' dir='ltr'>pote·</span> 
     </span>
     <span class='ocr_line' id='line_1_16' title="bbox 196 1161 1982 1222; baseline -0.002 -13"><span class='ocrx_word' id='word_1_117' title='bbox 196 1162 363 1209; x_wconf 84' lang='lat' dir='ltr'>statem</span> <span class='ocrx_word' id='word_1_118' title='bbox 401 1163 639 1222; x_wconf 87' lang='lat' dir='ltr'>contingat</span> <span class='ocrx_word' id='word_1_119' title='bbox 680 1162 1087 1210; x_wconf 87' lang='lat' dir='ltr'>Confirmationem</span> <span class='ocrx_word' id='word_1_120' title='bbox 1137 1163 1491 1208; x_wconf 86' lang='lat' dir='ltr'>administrandi</span> <span class='ocrx_word' id='word_1_121' title='bbox 1526 1162 1572 1206; x_wconf 91' lang='lat' dir='ltr'>in</span> <span class='ocrx_word' id='word_1_122' title='bbox 1608 1162 1897 1220; x_wconf 83' lang='lat' dir='ltr'>regionibus,</span> <span class='ocrx_word' id='word_1_123' title='bbox 1934 1161 1982 1206; x_wconf 91' lang='lat' dir='ltr'>in</span> 
     </span>
     <span class='ocr_line' id='line_1_17' title="bbox 196 1245 1987 1307; baseline -0.001 -15"><span class='ocrx_word' id='word_1_124' title='bbox 196 1248 360 1307; x_wconf 87' lang='lat' dir='ltr'>quibus</span> <span class='ocrx_word' id='word_1_125' title='bbox 394 1252 575 1306; x_wconf 86' lang='lat' dir='ltr'>praeter</span> <span class='ocrx_word' id='word_1_126' title='bbox 607 1247 790 1302; x_wconf 90' lang='lat' dir='ltr'>latinos,</span> <span class='ocrx_word' id='word_1_127' title='bbox 826 1247 998 1304; x_wconf 83' lang='lat' dir='ltr'>degunt</span> <span class='ocrx_word' id='word_1_128' title='bbox 1030 1246 1279 1291; x_wconf 85' lang='lat' dir='ltr'>orientales</span> <span class='ocrx_word' id='word_1_129' title='bbox 1312 1245 1544 1301; x_wconf 75' lang='lat' dir='ltr'>catholici,</span> <span class='ocrx_word' id='word_1_130' title='bbox 1581 1259 1672 1290; x_wconf 88' lang='lat' dir='ltr'>non</span> <span class='ocrx_word' id='word_1_131' title='bbox 1712 1246 1845 1290; x_wconf 86' lang='lat' dir='ltr'>modo</span> <span class='ocrx_word' id='word_1_132' title='bbox 1869 1259 1987 1304; x_wconf 85' lang='lat' dir='ltr'>opus</span> 
     </span>
     <span class='ocr_line' id='line_1_18' title="bbox 197 1328 1983 1388; baseline -0.001 -13"><span class='ocrx_word' id='word_1_133' title='bbox 197 1331 300 1386; x_wconf 82' lang='lat' dir='ltr'>erit,</span> <span class='ocrx_word' id='word_1_134' title='bbox 337 1335 388 1374; x_wconf 89' lang='lat' dir='ltr'>ut</span> <span class='ocrx_word' id='word_1_135' title='bbox 421 1330 679 1388; x_wconf 90' lang='lat' dir='ltr'>supradicta</span> <span class='ocrx_word' id='word_1_136' title='bbox 704 1329 947 1387; x_wconf 79' lang='lat' dir='ltr'>diligenter</span> <span class='ocrx_word' id='word_1_137' title='bbox 979 1330 1208 1385; x_wconf 72' lang='lat' dir='ltr'>observet,</span> <span class='ocrx_word' id='word_1_138' title='bbox 1235 1330 1312 1374; x_wconf 90' lang='lat' dir='ltr'>sed</span> <span class='ocrx_word' id='word_1_139' title='bbox 1336 1329 1516 1374; x_wconf 83' lang='lat' dir='ltr'>curabit</span> <span class='ocrx_word' id='word_1_140' title='bbox 1549 1328 1688 1374; x_wconf 86' lang='lat' dir='ltr'>etiam</span> <span class='ocrx_word' id='word_1_141' title='bbox 1717 1328 1983 1388; x_wconf 85' lang='lat' dir='ltr'>priusquam</span> 
     </span>
     <span class='ocr_line' id='line_1_19' title="bbox 195 1412 1986 1472; baseline -0.001 -14"><span class='ocrx_word' id='word_1_142' title='bbox 195 1413 504 1459; x_wconf 83' lang='lat' dir='ltr'>Orientalibus</span> <span class='ocrx_word' id='word_1_143' title='bbox 552 1413 659 1472; x_wconf 91' lang='lat' dir='ltr'>ipsis</span> <span class='ocrx_word' id='word_1_144' title='bbox 692 1414 776 1458; x_wconf 92' lang='lat' dir='ltr'>hoc</span> <span class='ocrx_word' id='word_1_145' title='bbox 811 1416 1161 1458; x_wconf 83' lang='lat' dir='ltr'>Sacramentum</span> <span class='ocrx_word' id='word_1_146' title='bbox 1209 1413 1446 1467; x_wconf 82' lang='lat' dir='ltr'>conferat,</span> <span class='ocrx_word' id='word_1_147' title='bbox 1482 1416 1540 1456; x_wconf 90' lang='lat' dir='ltr'>ab</span> <span class='ocrx_word' id='word_1_148' title='bbox 1574 1412 1826 1470; x_wconf 72' lang='lat' dir='ltr'>Apostolica</span> <span class='ocrx_word' id='word_1_149' title='bbox 1870 1412 1986 1457; x_wconf 90' lang='lat' dir='ltr'>Sede</span> 
     </span>
     <span class='ocr_line' id='line_1_20' title="bbox 197 1494 1987 1555; baseline -0.001 -14"><span class='ocrx_word' id='word_1_150' title='bbox 197 1496 550 1543; x_wconf 87' lang='lat' dir='ltr'>instructionem</span> <span class='ocrx_word' id='word_1_151' title='bbox 599 1502 784 1555; x_wconf 86' lang='lat' dir='ltr'>petere,</span> <span class='ocrx_word' id='word_1_152' title='bbox 820 1510 910 1555; x_wconf 78' lang='lat' dir='ltr'>quo</span> <span class='ocrx_word' id='word_1_153' title='bbox 943 1500 1075 1554; x_wconf 85' lang='lat' dir='ltr'>pacto</span> <span class='ocrx_word' id='word_1_154' title='bbox 1109 1510 1155 1540; x_wconf 85' lang='lat' dir='ltr'>se</span> <span class='ocrx_word' id='word_1_155' title='bbox 1190 1510 1346 1554; x_wconf 87' lang='lat' dir='ltr'>gerere</span> <span class='ocrx_word' id='word_1_156' title='bbox 1384 1496 1547 1540; x_wconf 90' lang='lat' dir='ltr'>debeat</span> <span class='ocrx_word' id='word_1_157' title='bbox 1579 1510 1684 1553; x_wconf 88' lang='lat' dir='ltr'>erga</span> <span class='ocrx_word' id='word_1_158' title='bbox 1734 1494 1987 1540; x_wconf 82' lang='lat' dir='ltr'>orientales</span> 
     </span>
     <span class='ocr_line' id='line_1_21' title="bbox 196 1579 1983 1640; baseline -0.001 -16"><span class='ocrx_word' id='word_1_159' title='bbox 196 1579 556 1640; x_wconf 85' lang='lat' dir='ltr'>uniuscuiusque</span> <span class='ocrx_word' id='word_1_160' title='bbox 590 1580 719 1624; x_wconf 89' lang='lat' dir='ltr'>ritus.</span> <span class='ocrx_word' id='word_1_161' title='bbox 772 1580 828 1624; x_wconf 78' lang='lat' dir='ltr'>Ut</span> <span class='ocrx_word' id='word_1_162' title='bbox 875 1583 1031 1625; x_wconf 90' lang='lat' dir='ltr'>autem</span> <span class='ocrx_word' id='word_1_163' title='bbox 1082 1594 1338 1638; x_wconf 88' lang='lat' dir='ltr'>congruum</span> <span class='ocrx_word' id='word_1_164' title='bbox 1386 1579 1662 1639; x_wconf 85' lang='lat' dir='ltr'>quantocius</span> <span class='ocrx_word' id='word_1_165' title='bbox 1709 1592 1983 1637; x_wconf 88' lang='lat' dir='ltr'>responsum</span> 
     </span>
     <span class='ocr_line' id='line_1_22' title="bbox 196 1661 1985 1721; baseline -0.001 -14"><span class='ocrx_word' id='word_1_166' title='bbox 196 1664 407 1721; x_wconf 87' lang='lat' dir='ltr'>accipiat,</span> <span class='ocrx_word' id='word_1_167' title='bbox 443 1663 498 1708; x_wconf 93' lang='lat' dir='ltr'>de</span> <span class='ocrx_word' id='word_1_168' title='bbox 531 1662 765 1707; x_wconf 90' lang='lat' dir='ltr'>nonnullis</span> <span class='ocrx_word' id='word_1_169' title='bbox 799 1666 840 1706; x_wconf 89' lang='lat' dir='ltr'>S.</span> <span class='ocrx_word' id='word_1_170' title='bbox 878 1662 1288 1720; x_wconf 83' lang='lat' dir='ltr'>Congregationem</span> <span class='ocrx_word' id='word_1_171' title='bbox 1324 1662 1378 1706; x_wconf 91' lang='lat' dir='ltr'>de</span> <span class='ocrx_word' id='word_1_172' title='bbox 1413 1662 1707 1720; x_wconf 84' lang='lat' dir='ltr'>Propaganda</span> <span class='ocrx_word' id='word_1_173' title='bbox 1741 1661 1864 1717; x_wconf 86' lang='lat' dir='ltr'>Fide,</span> <span class='ocrx_word' id='word_1_174' title='bbox 1890 1661 1985 1707; x_wconf 91' lang='lat' dir='ltr'>sin·</span> 
     </span>
     <span class='ocr_line' id='line_1_23' title="bbox 196 1744 1988 1806; baseline -0.001 -15"><span class='ocrx_word' id='word_1_175' title='bbox 196 1746 385 1804; x_wconf 89' lang='lat' dir='ltr'>gillatim</span> <span class='ocrx_word' id='word_1_176' title='bbox 423 1745 667 1791; x_wconf 89' lang='lat' dir='ltr'>certiorem</span> <span class='ocrx_word' id='word_1_177' title='bbox 692 1746 851 1791; x_wconf 86' lang='lat' dir='ltr'>reddat</span> <span class='ocrx_word' id='word_1_178' title='bbox 883 1750 1079 1804; x_wconf 87' lang='lat' dir='ltr'>oportet.</span> <span class='ocrx_word' id='word_1_179' title='bbox 1122 1750 1174 1790; x_wconf 85' lang='lat' dir='ltr'>Et</span> <span class='ocrx_word' id='word_1_180' title='bbox 1195 1747 1343 1804; x_wconf 92' lang='lat' dir='ltr'>primo</span> <span class='ocrx_word' id='word_1_181' title='bbox 1366 1746 1549 1806; x_wconf 90' lang='lat' dir='ltr'>quidem</span> <span class='ocrx_word' id='word_1_182' title='bbox 1585 1745 1716 1790; x_wconf 91' lang='lat' dir='ltr'>cuius</span> <span class='ocrx_word' id='word_1_183' title='bbox 1741 1746 1857 1790; x_wconf 89' lang='lat' dir='ltr'>ritus</span> <span class='ocrx_word' id='word_1_184' title='bbox 1889 1744 1988 1790; x_wconf 88' lang='lat' dir='ltr'>sint.</span> 
     </span>
     <span class='ocr_line' id='line_1_24' title="bbox 197 1827 1983 1888; baseline -0.002 -14"><span class='ocrx_word' id='word_1_185' title='bbox 197 1829 443 1874; x_wconf 78' lang='lat' dir='ltr'>orientales</span> <span class='ocrx_word' id='word_1_186' title='bbox 476 1828 768 1873; x_wconf 88' lang='lat' dir='ltr'>huiusmodi:</span> <span class='ocrx_word' id='word_1_187' title='bbox 805 1843 863 1873; x_wconf 90' lang='lat' dir='ltr'>an</span> <span class='ocrx_word' id='word_1_188' title='bbox 899 1828 1072 1873; x_wconf 86' lang='lat' dir='ltr'>fuerint</span> <span class='ocrx_word' id='word_1_189' title='bbox 1105 1843 1128 1873; x_wconf 89' lang='lat' dir='ltr'>a</span> <span class='ocrx_word' id='word_1_190' title='bbox 1162 1843 1392 1888; x_wconf 77' lang='lat' dir='ltr'>quoquam</span> <span class='ocrx_word' id='word_1_191' title='bbox 1428 1828 1712 1883; x_wconf 82' lang='lat' dir='ltr'>confirmati,</span> <span class='ocrx_word' id='word_1_192' title='bbox 1749 1832 1794 1872; x_wconf 91' lang='lat' dir='ltr'>et</span> <span class='ocrx_word' id='word_1_193' title='bbox 1827 1842 1851 1873; x_wconf 91' lang='lat' dir='ltr'>a</span> <span class='ocrx_word' id='word_1_194' title='bbox 1884 1827 1983 1887; x_wconf 87' lang='lat' dir='ltr'>qui-</span> 
     </span>
     <span class='ocr_line' id='line_1_25' title="bbox 194 1911 1981 1971; baseline 0 -14"><span class='ocrx_word' id='word_1_195' title='bbox 194 1913 294 1967; x_wconf 89' lang='lat' dir='ltr'>bus,</span> <span class='ocrx_word' id='word_1_196' title='bbox 330 1912 561 1965; x_wconf 88' lang='lat' dir='ltr'>videlicet,</span> <span class='ocrx_word' id='word_1_197' title='bbox 588 1926 646 1956; x_wconf 90' lang='lat' dir='ltr'>an</span> <span class='ocrx_word' id='word_1_198' title='bbox 672 1926 696 1956; x_wconf 87' lang='lat' dir='ltr'>a</span> <span class='ocrx_word' id='word_1_199' title='bbox 721 1911 814 1957; x_wconf 91' lang='lat' dir='ltr'>suis</span> <span class='ocrx_word' id='word_1_200' title='bbox 851 1911 1078 1971; x_wconf 84' lang='lat' dir='ltr'>Episcopis</span> <span class='ocrx_word' id='word_1_201' title='bbox 1112 1914 1184 1958; x_wconf 86' lang='lat' dir='ltr'>vel</span> <span class='ocrx_word' id='word_1_202' title='bbox 1223 1913 1504 1971; x_wconf 89' lang='lat' dir='ltr'>Presbyteris</span> <span class='ocrx_word' id='word_1_203' title='bbox 1529 1913 1736 1971; x_wconf 85' lang='lat' dir='ltr'>propriae</span> <span class='ocrx_word' id='word_1_204' title='bbox 1760 1912 1981 1969; x_wconf 87' lang='lat' dir='ltr'>nationiS,</span> 
     </span>
     <span class='ocr_line' id='line_1_26' title="bbox 195 1995 1987 2054; baseline 0.001 -14"><span class='ocrx_word' id='word_1_205' title='bbox 195 2009 252 2040; x_wconf 91' lang='lat' dir='ltr'>an</span> <span class='ocrx_word' id='word_1_206' title='bbox 288 1999 450 2053; x_wconf 91' lang='lat' dir='ltr'>sponte</span> <span class='ocrx_word' id='word_1_207' title='bbox 484 2000 644 2054; x_wconf 90' lang='lat' dir='ltr'>petant</span> <span class='ocrx_word' id='word_1_208' title='bbox 676 1995 972 2052; x_wconf 83' lang='lat' dir='ltr'>confirmari,</span> <span class='ocrx_word' id='word_1_209' title='bbox 1007 2010 1066 2040; x_wconf 88' lang='lat' dir='ltr'>an</span> <span class='ocrx_word' id='word_1_210' title='bbox 1101 1996 1511 2041; x_wconf 72' lang='lat' dir='ltr'>confirmationem</span> <span class='ocrx_word' id='word_1_211' title='bbox 1556 1996 1797 2041; x_wconf 85' lang='lat' dir='ltr'>commode</span> <span class='ocrx_word' id='word_1_212' title='bbox 1830 2011 1853 2041; x_wconf 90' lang='lat' dir='ltr'>a</span> <span class='ocrx_word' id='word_1_213' title='bbox 1889 1996 1987 2041; x_wconf 85' lang='lat' dir='ltr'>suis</span> 
     </span>
     <span class='ocr_line' id='line_1_27' title="bbox 196 2078 1981 2137; baseline 0.001 -14"><span class='ocrx_word' id='word_1_214' title='bbox 196 2078 427 2137; x_wconf 86' lang='lat' dir='ltr'>Episcopis</span> <span class='ocrx_word' id='word_1_215' title='bbox 461 2078 663 2137; x_wconf 90' lang='lat' dir='ltr'>recipere</span> <span class='ocrx_word' id='word_1_216' title='bbox 687 2080 891 2135; x_wconf 86' lang='lat' dir='ltr'>valeant,</span> <span class='ocrx_word' id='word_1_217' title='bbox 918 2093 971 2124; x_wconf 89' lang='lat' dir='ltr'>ac</span> <span class='ocrx_word' id='word_1_218' title='bbox 1004 2081 1191 2124; x_wconf 75' lang='lat' dir='ltr'>tandem</span> <span class='ocrx_word' id='word_1_219' title='bbox 1217 2094 1274 2124; x_wconf 91' lang='lat' dir='ltr'>an</span> <span class='ocrx_word' id='word_1_220' title='bbox 1300 2079 1591 2125; x_wconf 87' lang='lat' dir='ltr'>confirmatio</span> <span class='ocrx_word' id='word_1_221' title='bbox 1616 2079 1981 2125; x_wconf 87' lang='lat' dir='ltr'>administranda</span> 
     </span>
     <span class='ocr_line' id='line_1_28' title="bbox 195 2161 1987 2223; baseline 0.001 -18"><span class='ocrx_word' id='word_1_222' title='bbox 195 2161 253 2206; x_wconf 86' lang='lat' dir='ltr'>sit</span> <span class='ocrx_word' id='word_1_223' title='bbox 288 2162 333 2206; x_wconf 95' lang='lat' dir='ltr'>in</span> <span class='ocrx_word' id='word_1_224' title='bbox 367 2161 587 2218; x_wconf 88' lang='lat' dir='ltr'>dioecesi,</span> <span class='ocrx_word' id='word_1_225' title='bbox 624 2163 669 2207; x_wconf 92' lang='lat' dir='ltr'>in</span> <span class='ocrx_word' id='word_1_226' title='bbox 715 2177 803 2222; x_wconf 88' lang='lat' dir='ltr'>qua</span> <span class='ocrx_word' id='word_1_227' title='bbox 846 2168 952 2208; x_wconf 88' lang='lat' dir='ltr'>actu</span> <span class='ocrx_word' id='word_1_228' title='bbox 988 2163 1185 2208; x_wconf 87' lang='lat' dir='ltr'>resideat</span> <span class='ocrx_word' id='word_1_229' title='bbox 1221 2164 1467 2222; x_wconf 90' lang='lat' dir='ltr'>Episcopus</span> <span class='ocrx_word' id='word_1_230' title='bbox 1498 2163 1775 2219; x_wconf 73' lang='lat' dir='ltr'>orientalis,</span> <span class='ocrx_word' id='word_1_231' title='bbox 1811 2163 1888 2223; x_wconf 88' lang='lat' dir='ltr'>qui</span> <span class='ocrx_word' id='word_1_232' title='bbox 1923 2163 1987 2208; x_wconf 89' lang='lat' dir='ltr'>sit</span> 
     </span>
     <span class='ocr_line' id='line_1_29' title="bbox 195 2245 818 2292; baseline 0.003 -3"><span class='ocrx_word' id='word_1_233' title='bbox 195 2245 499 2290; x_wconf 86' lang='lat' dir='ltr'>confirmandi</span> <span class='ocrx_word' id='word_1_234' title='bbox 533 2246 818 2292; x_wconf 90' lang='lat' dir='ltr'>Ordinarius.</span> 
     </span>
    </p>

    <p class='ocr_par' dir='ltr' id='par_1_9' title="bbox 192 2329 1985 3051">
     <span class='ocr_line' id='line_1_30' title="bbox 314 2329 1979 2389; baseline 0.001 -16"><span class='ocrx_word' id='word_1_235' title='bbox 314 2329 414 2373; x_wconf 76' lang='lat'>662.</span> <span class='ocrx_word' id='word_1_236' title='bbox 452 2329 609 2383; x_wconf 85' lang='lat' dir='ltr'>Quoad</span> <span class='ocrx_word' id='word_1_237' title='bbox 644 2343 754 2374; x_wconf 86' lang='lat' dir='ltr'>vero</span> <span class='ocrx_word' id='word_1_238' title='bbox 788 2331 1056 2375; x_wconf 86' lang='lat' dir='ltr'>facultatem</span> <span class='ocrx_word' id='word_1_239' title='bbox 1090 2330 1505 2375; x_wconf 83' lang='lat' dir='ltr'>extraordinariam</span> <span class='ocrx_word' id='word_1_240' title='bbox 1541 2331 1770 2389; x_wconf 87' lang='lat' dir='ltr'>proposita</span> <span class='ocrx_word' id='word_1_241' title='bbox 1803 2334 1912 2376; x_wconf 88' lang='lat' dir='ltr'>sunt</span> <span class='ocrx_word' id='word_1_242' title='bbox 1954 2344 1979 2375; x_wconf 89' lang='lat' dir='ltr'>a</span> 
     </span>
     <span class='ocr_line' id='line_1_31' title="bbox 195 2411 1982 2474; baseline 0.001 -19"><span class='ocrx_word' id='word_1_243' title='bbox 195 2411 376 2456; x_wconf 89' lang='lat' dir='ltr'>Vicario</span> <span class='ocrx_word' id='word_1_244' title='bbox 410 2413 668 2471; x_wconf 85' lang='lat' dir='ltr'>Apostolico</span> <span class='ocrx_word' id='word_1_245' title='bbox 704 2413 978 2458; x_wconf 88' lang='lat' dir='ltr'>Sutchuensi</span> <span class='ocrx_word' id='word_1_246' title='bbox 1012 2414 1251 2474; x_wconf 88' lang='lat' dir='ltr'>sequentia</span> <span class='ocrx_word' id='word_1_247' title='bbox 1285 2413 1444 2459; x_wconf 89' lang='lat' dir='ltr'>dubia:</span> <span class='ocrx_word' id='word_1_248' title='bbox 1501 2415 1538 2471; x_wconf 84' lang='lat'>1)</span> <span class='ocrx_word' id='word_1_249' title='bbox 1576 2418 1733 2458; x_wconf 86' lang='lat' dir='ltr'>utrum</span> <span class='ocrx_word' id='word_1_250' title='bbox 1770 2413 1982 2459; x_wconf 89' lang='lat' dir='ltr'>Provica·</span> 
     </span>
     <span class='ocr_line' id='line_1_32' title="bbox 194 2494 1982 2554; baseline 0.001 -16"><span class='ocrx_word' id='word_1_251' title='bbox 194 2495 288 2538; x_wconf 85' lang='lat' dir='ltr'>rius</span> <span class='ocrx_word' id='word_1_252' title='bbox 321 2494 625 2554; x_wconf 86' lang='lat' dir='ltr'>Apostolicus‚</span> <span class='ocrx_word' id='word_1_253' title='bbox 662 2497 766 2541; x_wconf 90' lang='lat' dir='ltr'>sede</span> <span class='ocrx_word' id='word_1_254' title='bbox 799 2501 1015 2553; x_wconf 90' lang='lat' dir='ltr'>vacante,</span> <span class='ocrx_word' id='word_1_255' title='bbox 1052 2497 1231 2542; x_wconf 87' lang='lat' dir='ltr'>ratione</span> <span class='ocrx_word' id='word_1_256' title='bbox 1266 2498 1472 2542; x_wconf 88' lang='lat' dir='ltr'>muneris</span> <span class='ocrx_word' id='word_1_257' title='bbox 1507 2496 1755 2542; x_wconf 81' lang='lat' dir='ltr'>Provicarii</span> <span class='ocrx_word' id='word_1_258' title='bbox 1789 2498 1982 2541; x_wconf 80' lang='lat' dir='ltr'>faculta-</span> 
     </span>
     <span class='ocr_line' id='line_1_33' title="bbox 192 2577 1981 2637; baseline 0.002 -17"><span class='ocrx_word' id='word_1_259' title='bbox 192 2579 287 2621; x_wconf 85' lang='lat' dir='ltr'>tem</span> <span class='ocrx_word' id='word_1_260' title='bbox 322 2577 459 2622; x_wconf 87' lang='lat' dir='ltr'>habet</span> <span class='ocrx_word' id='word_1_261' title='bbox 507 2578 772 2624; x_wconf 84' lang='lat' dir='ltr'>conferendi</span> <span class='ocrx_word' id='word_1_262' title='bbox 822 2580 1172 2624; x_wconf 88' lang='lat' dir='ltr'>Sacramentum</span> <span class='ocrx_word' id='word_1_263' title='bbox 1216 2579 1612 2636; x_wconf 72' lang='lat' dir='ltr'>confirmationis,</span> <span class='ocrx_word' id='word_1_264' title='bbox 1664 2580 1706 2636; x_wconf 74' lang='lat'>2)</span> <span class='ocrx_word' id='word_1_265' title='bbox 1742 2579 1981 2637; x_wconf 83' lang='lat' dir='ltr'>delegandi</span> 
     </span>
     <span class='ocr_line' id='line_1_34' title="bbox 196 2660 1985 2722; baseline 0.002 -17"><span class='ocrx_word' id='word_1_266' title='bbox 196 2660 527 2718; x_wconf 85' lang='lat' dir='ltr'>Missionariis,</span> <span class='ocrx_word' id='word_1_267' title='bbox 564 2666 614 2706; x_wconf 93' lang='lat' dir='ltr'>ut</span> <span class='ocrx_word' id='word_1_268' title='bbox 650 2663 823 2721; x_wconf 89' lang='lat' dir='ltr'>possint</span> <span class='ocrx_word' id='word_1_269' title='bbox 858 2662 978 2708; x_wconf 92' lang='lat' dir='ltr'>idem</span> <span class='ocrx_word' id='word_1_270' title='bbox 1015 2666 1366 2708; x_wconf 86' lang='lat' dir='ltr'>Sacramentum</span> <span class='ocrx_word' id='word_1_271' title='bbox 1400 2665 1639 2718; x_wconf 80' lang='lat' dir='ltr'>conferre,</span> <span class='ocrx_word' id='word_1_272' title='bbox 1674 2666 1720 2708; x_wconf 89' lang='lat' dir='ltr'>et</span> <span class='ocrx_word' id='word_1_273' title='bbox 1752 2667 1985 2722; x_wconf 80' lang='lat' dir='ltr'>quatenus</span> 
     </span>
     <span class='ocr_line' id='line_1_35' title="bbox 196 2744 1979 2805; baseline 0.001 -17"><span class='ocrx_word' id='word_1_274' title='bbox 196 2744 409 2802; x_wconf 87' lang='lat' dir='ltr'>negative</span> <span class='ocrx_word' id='word_1_275' title='bbox 453 2746 495 2801; x_wconf 83' lang='lat'>5)</span> <span class='ocrx_word' id='word_1_276' title='bbox 537 2759 595 2790; x_wconf 90' lang='lat' dir='ltr'>an</span> <span class='ocrx_word' id='word_1_277' title='bbox 630 2745 892 2791; x_wconf 91' lang='lat' dir='ltr'>huiusmodi</span> <span class='ocrx_word' id='word_1_278' title='bbox 935 2749 1286 2791; x_wconf 87' lang='lat' dir='ltr'>Sacramentum</span> <span class='ocrx_word' id='word_1_279' title='bbox 1336 2746 1500 2791; x_wconf 86' lang='lat' dir='ltr'>debeat</span> <span class='ocrx_word' id='word_1_280' title='bbox 1543 2746 1697 2791; x_wconf 87' lang='lat' dir='ltr'>iterari</span> <span class='ocrx_word' id='word_1_281' title='bbox 1739 2745 1808 2802; x_wconf 90' lang='lat' dir='ltr'>iis,</span> <span class='ocrx_word' id='word_1_282' title='bbox 1843 2746 1919 2805; x_wconf 89' lang='lat' dir='ltr'>qui</span> <span class='ocrx_word' id='word_1_283' title='bbox 1954 2759 1979 2790; x_wconf 87' lang='lat' dir='ltr'>a</span> 
     </span>
     <span class='ocr_line' id='line_1_36' title="bbox 196 2827 1983 2887; baseline 0 -15"><span class='ocrx_word' id='word_1_284' title='bbox 196 2827 497 2872; x_wconf 86' lang='lat' dir='ltr'>Missionariis</span> <span class='ocrx_word' id='word_1_285' title='bbox 518 2827 610 2873; x_wconf 88' lang='lat' dir='ltr'>sola</span> <span class='ocrx_word' id='word_1_286' title='bbox 636 2828 887 2873; x_wconf 87' lang='lat' dir='ltr'>Provicarii</span> <span class='ocrx_word' id='word_1_287' title='bbox 913 2828 1095 2874; x_wconf 88' lang='lat' dir='ltr'>licentia</span> <span class='ocrx_word' id='word_1_288' title='bbox 1121 2828 1248 2872; x_wconf 82' lang='lat' dir='ltr'>fultis</span> <span class='ocrx_word' id='word_1_289' title='bbox 1270 2828 1378 2873; x_wconf 86' lang='lat' dir='ltr'>illud</span> <span class='ocrx_word' id='word_1_290' title='bbox 1402 2833 1720 2887; x_wconf 87' lang='lat' dir='ltr'>susceperunt.</span> <span class='ocrx_word' id='word_1_291' title='bbox 1748 2831 1842 2872; x_wconf 82' lang='lat' dir='ltr'>Iam</span> <span class='ocrx_word' id='word_1_292' title='bbox 1868 2842 1983 2872; x_wconf 85' lang='lat' dir='ltr'>vero</span> 
     </span>
     <span class='ocr_line' id='line_1_37' title="bbox 194 2910 1979 2971; baseline 0.001 -16"><span class='ocrx_word' id='word_1_293' title='bbox 194 2913 236 2955; x_wconf 92' lang='lat' dir='ltr'>S.</span> <span class='ocrx_word' id='word_1_294' title='bbox 273 2913 318 2956; x_wconf 91' lang='lat' dir='ltr'>C.</span> <span class='ocrx_word' id='word_1_295' title='bbox 354 2910 410 2955; x_wconf 90' lang='lat' dir='ltr'>de</span> <span class='ocrx_word' id='word_1_296' title='bbox 445 2915 574 2971; x_wconf 88' lang='lat' dir='ltr'>Prop.</span> <span class='ocrx_word' id='word_1_297' title='bbox 612 2911 706 2956; x_wconf 89' lang='lat' dir='ltr'>Fid.</span> <span class='ocrx_word' id='word_1_298' title='bbox 744 2925 904 2957; x_wconf 90' lang='lat' dir='ltr'>mense</span> <span class='ocrx_word' id='word_1_299' title='bbox 936 2916 1049 2971; x_wconf 92' lang='lat' dir='ltr'>sept.</span> <span class='ocrx_word' id='word_1_300' title='bbox 1094 2912 1197 2956; x_wconf 75' lang='lat'>1821</span> <span class='ocrx_word' id='word_1_301' title='bbox 1242 2912 1476 2970; x_wconf 86' lang='lat' dir='ltr'>respondit</span> <span class='ocrx_word' id='word_1_302' title='bbox 1507 2913 1563 2957; x_wconf 87' lang='lat' dir='ltr'>ad</span> <span class='ocrx_word' id='word_1_303' title='bbox 1601 2914 1616 2956; x_wconf 93' lang='grc'>1</span> <span class='ocrx_word' id='word_1_304' title='bbox 1656 2917 1702 2957; x_wconf 89' lang='lat' dir='ltr'>et</span> <span class='ocrx_word' id='word_1_305' title='bbox 1735 2914 1760 2957; x_wconf 72' lang='lat'>2</span> <span class='ocrx_word' id='word_1_306' title='bbox 1799 2916 1979 2971; x_wconf 86' lang='lat' dir='ltr'>partem</span> 
     </span>
     <span class='ocr_line' id='line_1_38' title="bbox 193 2992 1516 3051; baseline 0.003 -15"><span class='ocrx_word' id='word_1_307' title='bbox 193 2992 316 3037; x_wconf 89' lang='lat' dir='ltr'>dubii</span> <span class='ocrx_word' id='word_1_308' title='bbox 352 2993 593 3051; x_wconf 80' lang='lat' dir='ltr'>negative3</span> <span class='ocrx_word' id='word_1_309' title='bbox 630 2995 685 3039; x_wconf 88' lang='lat' dir='ltr'>ad</span> <span class='ocrx_word' id='word_1_310' title='bbox 719 2995 745 3039; x_wconf 81' lang='lat'>5</span> <span class='ocrx_word' id='word_1_311' title='bbox 779 2995 1040 3051; x_wconf 88' lang='lat' dir='ltr'>reiteretur,</span> <span class='ocrx_word' id='word_1_312' title='bbox 1076 2999 1253 3041; x_wconf 89' lang='lat' dir='ltr'>remoto</span> <span class='ocrx_word' id='word_1_313' title='bbox 1286 2995 1516 3040; x_wconf 88' lang='lat' dir='ltr'>scandalo.</span> 
     </span>
    </p>
   </div>
  </div>
 </body>
</html>
