2176 3386
590 0 620 12 JV
635 0 671 19 Ἓ
683 0 726 17 ’“ἶ
745 0 803 21 *VI
830 3 846 15 ρ
859 0 885 10 <¹¹
914 0 918 4 '
958 0 963 3 ”

508 187 636 215 LIBER
666 187 689 215 1.
725 187 781 215 Dr:
813 186 950 215 REBUS
980 187 1217 215 ECCLESIAE
1246 187 1573 216 SPIRITUALIBUS
1882 176 1935 216 43

151 291 374 351 mosynis,
410 292 550 338 etiam
585 297 748 350 sponte
781 293 946 338 oblatis
978 293 1270 352 recipiendis,
1307 298 1354 339 et
1384 295 1594 353 capsulas
1627 297 1842 340 auferant
1879 295 1936 340 ab

146 375 352 421 ecclesiis
384 389 489 421 cum
525 375 823 435 inscriptione
861 377 1165 435 Eleemosyna
1194 390 1281 433 pro
1315 379 1465 423 Missis
1497 374 1582 421 sub
1615 377 1786 422 eisdem
1833 392 1934 436 poe—

151 459 223 504 nis
257 460 352 518 ipso
384 460 506 504 facto
540 459 843 504 incurrendis.
881 460 924 517 7)
962 458 1207 518 Episcopus
1240 473 1350 504 vero
1383 473 1462 504 seu
1500 460 1706 505 Vicarius
1739 464 1820 504 aut
1852 463 1934 506 Ge·

153 541 322 585 ncralis
357 542 428 585 vel
463 541 764 586 Provincialis
796 542 850 586 de
884 541 1070 586 licentia
1106 555 1184 600 pro
1213 542 1444 600 perpetuis
1467 543 1686 587 oneribus
1708 542 1934 602 requisiti,

151 622 196 667 iu
232 623 421 682 singulis
454 624 632 668 casibus
664 624 906 682 diligenter
938 623 1176 684 inquirant
1209 626 1265 669 de
1300 624 1542 669 missarum
1583 626 1938 684 obligationibus

148 706 314 766 cuique
364 708 462 751 loco
513 707 584 765 pio
632 706 1038 762 incumbentibus,
1075 721 1161 752 nec
1194 712 1331 752 antea
1380 721 1619 753 assensum
1667 709 1935 767 praebeant,

147 804 286 850 quam
320 790 385 834 eis
419 789 621 848 legitime
654 789 940 844 constiterit,
978 789 1097 835 illius
1129 790 1391 835 sacerdotes
1424 796 1519 835 tarn
1554 791 1757 851 antiquis
1797 805 1936 851 quam

151 874 285 918 novis
317 873 535 918 oneribus
574 873 839 918 satisfacere
874 886 1018 931 posse.
1070 878 1228 933 Itaque
1262 874 1504 932 praecipue
1537 875 1935 931 animadvertant,

151 965 202 1005 ut
235 959 438 1004 redditus
462 959 605 1004 relicti
632 959 824 1003 omnino
848 959 1155 1017 respondeant
1188 958 1405 1003 oneribus
1428 959 1659 1004 adiunctis
1682 960 1937 1004 secundum

152 1057 326 1088 morem
361 1042 579 1102 cuiusque
602 1042 808 1087 enitatis
832 1041 903 1087 vel
936 1042 1221 1099 provinciae,
1248 1043 1567 1100 excogitantes
1600 1043 1647 1088 in
1684 1043 1939 1088 novissimo

149 1127 222 1171 die
255 1126 389 1170 buius
424 1125 731 1184 praetermissi
769 1126 973 1170 muneris
1007 1127 1235 1171 rationem
1271 1139 1368 1170 esse
1403 1126 1675 1171 reddituros.

270 1211 370 1254 699..
407 1209 456 1253 20
492 1213 644 1264 Porro,
680 1209 896 1254 excitatis
928 1222 1064 1267 super
1096 1211 1452 1268 praemissorum
1478 1210 1770 1255 decretorum
1806 1210 1939 1255 intel·

152 1292 334 1350 {igentia
371 1291 674 1349 infrascriptis
706 1291 871 1347 dubiis,
907 1305 931 1336 a
967 1298 1221 1337 memorata
1256 1296 1376 1338 Sacr.
1412 1296 1574 1351 Congr.
1613 1298 1773 1349 Cone,
1800 1293 1936 1339 simili

149 1375 425 1421 auctoritate
449 1390 472 1419 a
508 1376 711 1433 praefato
747 1375 927 1420 Urbano
966 1378 1060 1421 Vlll
1094 1376 1354 1433 specialiter
1387 1376 1447 1421 illi
1475 1377 1662 1433 tributa,
1689 1383 1937 1438 sequentes

152 1459 418 1519 prodierunt
450 1458 797 1505 declarationes.

274 1544 311 1587 l.
352 1542 564 1586 Dubium.
601 1541 642 1587 si
677 1542 877 1599 legatum
911 1543 969 1587 sit
1004 1543 1064 1587 ita
1099 1548 1268 1599 tenue,
1304 1549 1351 1588 ut
1389 1546 1541 1589 nullus
1575 1545 1687 1589 velit
1719 1559 1837 1590 onus
1878 1545 1938 1589 illi

152 1624 412 1669 iniunctum
436 1625 604 1680 subire,
630 1629 675 1668 et
698 1624 733 1669 si
759 1630 943 1683 propter
978 1639 1212 1670 recursum
1247 1627 1302 1671 ad
1338 1628 1498 1672 Sedem
1527 1608 1834 1686 Apostolicam
1860 1642 1939 1686 pro

154 1708 468 1753 moderatione
514 1707 667 1752 oneris
699 1712 849 1752 totum
884 1713 964 1752 aut
999 1710 1093 1753 fere
1128 1713 1276 1754 totum
1316 1709 1486 1755 insumi
1531 1714 1711 1769 oportet
1747 1725 1827 1769 pro
1860 1726 1936 1756 ex-

153 1791 305 1850 pensis
337 1791 391 1835 ad
426 1791 468 1834 id
504 1791 788 1846 necessariis,
817 1792 925 1850 quid
960 1792 1257 1838 faciendum?
1309 1795 1570 1852 Respondit.
1625 1794 1785 1839 Sedem
1823 1798 1935 1852 Apo·

153 1874 394 1929 stolicam,
429 1873 483 1918 iis
519 1888 609 1918 non
643 1874 962 1931 obstantibus,
998 1890 1096 1921 esse
1144 1877 1435 1932 adeundam,
1471 1891 1588 1937 quae
1636 1877 1806 1937 absque
1852 1877 1939 1922 ulla

155 1957 359 2015 impensa
396 1956 438 2001 id
478 1961 672 2013 statuet,
707 1958 826 2017 quod
862 1960 1005 2015 magis
1049 1959 1265 2018 expedire
1304 1960 1351 2004 in
1401 1962 1592 2006 Domino
1624 1961 1937 2020 judicaverit:

154 2045 478 2087 verumtamen
513 2041 548 2085 si
583 2041 628 2085 in
665 2041 758 2099 ipsa
796 2043 1005 2087 Beneficii
1039 2044 1273 2089 erectione
1305 2058 1520 2102 expresse
1553 2049 1743 2090 cautum
1785 2045 1938 2101 fuerit,

155 2130 206 2169 ut
238 2124 373 2169 liceat
410 2123 627 2182 Episcopo
675 2123 936 2170 iniunctum
986 2140 1103 2171 onus
1151 2127 1369 2172 reducere
1411 2141 1464 2172 ac
1500 2127 1757 2183 moderari,
1794 2129 1939 2185 legem

156 2207 274 2252 hanc
307 2206 589 2252 fundationis
621 2221 719 2253 esse
753 2207 953 2252 validam
986 2212 1032 2253 et
1062 2208 1418 2255 observandam.
1456 2237 1508 2242 —
1544 2213 1587 2255 2.
1622 2213 1833 2257 Dubium.
1874 2216 1939 2257 An

155 2289 297 2335 verba
330 2289 404 2333 illa
455 2309 474 2330 u
501 2294 569 2334 tot
604 2289 766 2334 Missae
814 2291 1136 2347 celebrentur,
1172 2296 1284 2351 quot
1326 2293 1381 2337 ad
1416 2293 1642 2338 rationem
1692 2295 1941 2340 attributae

155 2373 477 2431 eleemosynae
502 2373 807 2432 praescriptae
833 2373 1006 2418 suerint
1026 2392 1045 2413 n
1073 2373 1369 2432 intelligenda
1393 2375 1486 2419 sint
1508 2376 1563 2420 de
1583 2376 1941 2435 praescriptione

156 2458 275 2502 facta
308 2458 365 2502 ab
396 2457 645 2512 offerente,
682 2456 755 2501 vel
797 2457 854 2501 ab
897 2457 1175 2502 Ordinario‘?
1224 2457 1487 2516 Respondit.
1541 2459 1840 2517 Intelligenda
1886 2459 1941 2504 de

156 2540 513 2600 praescriptione
548 2542 665 2585 tacta
700 2541 757 2584 ab
788 2541 1036 2586 otl'erente:
1079 2540 1200 2600 quod
1233 2541 1268 2584 si
1302 2542 1358 2585 ab
1400 2541 1486 2586 hoc
1530 2555 1751 2586 numerus
1787 2542 1943 2587 Missa-

157 2637 259 2668 rum
294 2637 386 2668 non
421 2623 558 2668 fuerit
593 2624 914 2682 praescriptus,
950 2629 1062 2668 tunc
1095 2624 1474 2683 praescribendus
1506 2627 1562 2669 ab
1593 2624 1837 2670 Ordinario
1873 2638 1940 2669 se·

157 2708 360 2751 cundum
395 2720 571 2751 morem
609 2706 813 2752 civitatis
844 2708 919 2752 vel
961 2707 1242 2766 provinciae.
1291 2734 1348 2740 —
1391 2708 1432 2752 5.
1474 2707 1685 2752 Dubium.
1732 2711 1799 2753 An
1834 2722 1941 2752 cum

156 2789 426 2835 Ordinarius
459 2790 802 2850 praescripserit
833 2792 1177 2849 eleemosynam
1213 2805 1465 2848 congruam
1499 2790 1629 2835 iuxta
1669 2791 1941 2850 qualitatem

157 2873 260 2928 loci,
298 2885 595 2932 personarum
629 2887 683 2919 ac
719 2878 997 2934 temporum,
1033 2874 1244 2919 sacerdos
1276 2874 1508 2932 accipiens
1538 2874 1824 2932 stipendium
1859 2874 1941 2919 rni-

158 2970 245 3002 nus
276 2971 495 3016 congruo,
522 2962 737 3003 teneatur
759 2958 922 3003 Missas
943 2957 1004 3002 illi
1028 2958 1086 3002 ab
1107 2958 1330 3002 offerente
1365 2957 1668 3016 praescriptas
1691 2957 1943 3003 celebrare?

160 3040 423 3100 Respondit.
450 3041 630 3085 Teneri.
667 3067 724 3073 ——
755 3041 798 3085 4.
828 3040 1040 3085 Dubium.
1079 3042 1146 3085 An
1171 3040 1447 3095 sacerdotes,
1472 3040 1548 3100 qui
1585 3044 1808 3085 tenentur
1838 3039 1944 3085 Mis·
