2176 3386
244 0 660 41 “mmm-:v
684 0 794 13 r
814 0 854 8 ψ
878 0 898 6 ·’
930 0 1080 27 »ων-,ν

136 39 138 41 .
318 31 319 34 ’
428 26 477 41 >NB
510 28 513 29 ⁷
555 37 557 39 .
671 33 674 35 Δ
943 24 959 31 “

773 210 903 240 Lmen
930 211 955 240 1.
993 210 1050 239 DE
1079 206 1273 240 cusanus
1671 231 1674 234 .
1838 199 1918 239 283

127 321 219 366 late
257 320 312 366 ad
347 321 551 378 regulam
589 319 776 364 ordinis.
825 323 878 364 Et
924 319 963 375 1)
1000 317 1142 363 relate
1174 318 1231 363 ad
1264 322 1427 363 votum
1470 317 1754 376 paupertatis
1800 318 1916 364 Reli-

126 403 278 462 giosus
313 402 594 462 paupertatis
627 406 737 447 voto
770 401 1108 462 quodammodo
1143 400 1371 459 propriam
1395 399 1634 445 iuridicam
1669 401 1916 459 personali-

45 540 55 548 ·
125 489 270 530 tatem
309 485 514 541 amittit,
549 488 778 544 quatenus
810 485 907 529 eius
940 483 1242 542 personalitas
1281 483 1470 528 iuridica
1510 483 1557 528 in
1592 484 1916 542 personalitate

126 568 394 613 monasterii
428 567 707 623 sustinetur,
742 582 795 612 eo
827 567 957 627 quasi
1001 567 1136 612 modo
1178 581 1268 627 quo
1315 581 1612 612 romanorum
1650 567 1745 611 iure
1793 567 1914 612 servi

129 650 356 710 propriam
393 650 632 695 juridicam
666 649 1040 709 personalitatem
1076 664 1167 694 non
1204 650 1465 706 habebant,
1501 650 1579 695 sed
1613 664 1773 695 eorum
1808 650 1915 694 iuri-

125 733 225 777 dica
260 732 563 791 personalitas
596 734 643 778 in
678 746 870 791 persona
903 732 1079 778 domini
1112 734 1439 778 sustinebatur.
1492 732 1610 778 Hinc
1647 733 1714 777 uti
1753 747 1916 779 servus

124 815 222 861 iure
256 831 554 861 romanorum
588 817 786 876 incapax
820 822 919 861 erat
951 817 1174 862 dominii:
1223 817 1286 861 ita
1310 822 1356 861 et
1378 816 1614 874 religiosus
1647 817 1746 861 iure
1778 830 1914 861 cano-

124 899 257 956 nico,
293 905 339 944 et
377 901 525 958 prouti
561 900 657 945 iure
694 904 1005 945 Romanorum
1042 901 1166 945 valet
1209 900 1512 959 principium:
1556 900 1774 960 quidquid
1823 914 1913 946 ser·

124 995 210 1027 vus
241 982 438 1042 acquirit
486 997 580 1027 non
614 982 696 1027 sibi
731 983 806 1027 sed
841 983 1028 1027 domino
1061 983 1289 1042 acquirit,
1328 983 1389 1027 ita
1425 983 1522 1027 iure
1561 984 1786 1028 canonico
1834 998 1914 1042 pro

124 1065 406 1122 regularibus
429 1065 697 1110 solemniter
720 1066 932 1123 professis
956 1067 1080 1110 valet
1105 1065 1405 1125 principium:
1443 1066 1661 1126 quidquid
1694 1065 1914 1123 regularis

122 1147 318 1207 acquirit
351 1162 443 1192 non
477 1149 560 1192 sibi
594 1149 670 1193 sed
705 1150 984 1194 monasterio
1017 1149 1227 1208 acquirit.

243 1235 412 1276 Verum
464 1233 698 1291 Regularis
732 1248 811 1292 per
843 1233 1183 1292 promotionem
1232 1234 1286 1278 ad
1335 1234 1651 1292 Episcopatum
1687 1233 1914 1278 scinditur

121 1315 459 1374 quodammodo
491 1330 516 1360 a
541 1316 837 1373 monasterio,
863 1322 910 1362 et
932 1318 1091 1361 unitur
1123 1331 1202 1375 per
1233 1317 1467 1375 spirituale
1491 1317 1775 1362 connubium
1804 1331 1909 1362 cum

122 1398 300 1456 propria
347 1400 562 1445 Ecclesia.
615 1400 750 1445 Cuius
794 1401 1097 1459 separationis
1139 1415 1193 1445 ac
1227 1401 1412 1445 unionis
1454 1400 1645 1446 effectus
1694 1401 1912 1446 iuridicus

121 1486 205 1537 est,
241 1484 361 1541 quod
409 1484 444 1527 si
494 1488 630 1528 antea
677 1485 895 1543 regularis
938 1485 1237 1542 personalitas
1280 1485 1470 1529 iurislica
1505 1485 1550 1528 in
1587 1484 1910 1542 personalitate

121 1564 310 1611 iuridica
346 1567 629 1623 monasterii,
665 1574 892 1628 quatenus
926 1570 1257 1614 monasterium
1285 1582 1475 1627 persona
1502 1568 1690 1613 iuridica
1727 1567 1911 1613 moralis

121 1650 283 1695 saltem
318 1665 472 1696 coram
512 1651 707 1696 Ecclesia
741 1658 826 1709 est,
854 1658 1008 1710 postea
1044 1652 1141 1697 eius
1176 1652 1476 1711 personalitas
1510 1652 1698 1696 iuridica
1734 1652 1780 1696 in
1813 1666 1908 1710 per-

120 1731 362 1776 sonalitate
395 1731 585 1777 iuridica
619 1746 726 1777 suae
762 1733 989 1779 Ecclesiae
1022 1736 1320 1779 sustineatur.

236 1820 385 1868 Quare
418 1820 518 1873 post
542 1817 878 1874 promotionem
902 1818 958 1863 ad
985 1818 1305 1877 Episcopatum
1344 1819 1560 1877 Episcopo
1592 1817 1799 1876 Regulari
1833 1832 1909 1875 ap-.

124 1895 317 1954 plicatur
351 1898 650 1956 principium:
687 1900 905 1960 quidquid
943 1901 1187 1960 Episcopus
1221 1903 1455 1960 Regularis
1476 1901 1674 1960 acquirit
1700 1915 1790 1945 non
1824 1900 1907 1945 sibi

119 1981 196 2024 sed
238 1981 464 2026 Ecclesiae
506 1983 717 2042 acquirit.
772 1984 1018 2042 Episcopus
1060 1985 1309 2042 Regularis,
1348 1985 1412 2029 ait
1439 1986 1479 2028 S.
1508 1985 1703 2028 Thomas
1727 1985 1757 2039 ¹,
1794 1982 1907 2027 nihil

119 2062 257 2107 habet
289 2068 525 2124 tamquam
563 2067 795 2124 proprium
830 2068 907 2112 sed
941 2068 1059 2112 sicut
1091 2068 1378 2126 dispensator
1411 2067 1732 2113 communium
1768 2068 1906 2111 bono-

120 2163 222 2193 rum
259 2150 497 2195 Ecclesiae.
536 2152 660 2195 [Tude
689 2153 837 2211 quoad
860 2153 1164 2198 substantiam
1204 2154 1448 2212 Episcopus
1471 2153 1689 2211 regularis
1721 2155 1907 2196 tenetur

120 2236 228 2277 voto
262 2234 542 2290 paupertatis
564 2234 670 2278 licet
694 2234 739 2278 in
764 2235 882 2280 illius
909 2236 1203 2281 observantia
1234 2251 1258 2281 a
1283 2237 1477 2296 simplici
1503 2235 1712 2294 religioso
1737 2240 1787 2279 ut
1810 2235 1904 2279 evi·

119 2315 231 2361 dens
262 2321 331 2361 est
362 2317 556 2362 differat.

238 2400 338 2445 528.
377 2401 439 2444 Ad
476 2405 636 2445 votum
672 2402 896 2447 castitatis
927 2403 1047 2462 quod
1080 2403 1248 2448 attinet
1283 2417 1375 2448 non
1399 2408 1468 2448 est
1502 2407 1552 2447 ut
1583 2402 1734 2462 aliqua
1766 2416 1902 2462 quae-

118 2479 205 2524 stio
239 2480 522 2526 instituatur.

237 2564 338 2608 529.
368 2564 523 2609 Relate
562 2565 617 2609 ad
653 2570 812 2610 votum
855 2565 1143 2615 obedientiae
1165 2566 1410 2611 dicendum
1434 2572 1520 2622 est,
1547 2567 1654 2611 illud
1685 2567 1730 2611 in
1755 2579 1801 2611 se
1834 2566 1901 2610 in·

119 2649 324 2702 spectum
359 2660 450 2691 non
486 2648 650 2692 resolvi
676 2662 755 2706 per
779 2649 1111 2707 promotionem
1148 2663 1367 2708 personae
1399 2650 1454 2694 ad
1482 2649 1800 2708 Episcopatum
1825 2649 1902 2694 sed

119 2727 216 2772 eius
246 2728 589 2775 observantiam
624 2732 773 2789 urgeri
808 2745 900 2776 non
935 2744 1063 2790 posse
1101 2732 1206 2791 quia
1242 2732 1488 2790 Episcopus
1521 2731 1774 2776 nonhabet
1805 2746 1900 2776 am-

120 2809 236 2868 plius
268 2811 549 2869 superiorem
586 2814 853 2871 Regularem
887 2814 961 2860 cui
993 2814 1276 2860 subiiciatur.
1329 2815 1469 2860 Sicuti
1503 2814 1573 2860 ius
1605 2814 1902 2873 distinguitur

119 2894 176 2939 ab
207 2895 428 2940 exercitio
461 2896 588 2954 iuris,
615 2897 678 2942 ita
703 2903 754 2943 ut
777 2899 976 2958 primum
1008 2901 1107 2946 sine
1141 2902 1285 2945 altero
1318 2900 1516 2945 existere
1541 2901 1680 2955 valet,
1706 2900 1768 2944 ita
1792 2899 1899 2944 obli-

237 3072 246 3092 ¹
276 3073 318 3109 In
341 3072 387 3109 2³
406 3072 482 3118 2²²⁶,
509 3084 544 3120 q.
569 3073 626 3118 88,
653 3079 720 3112 art.
745 3075 768 3111 8
792 3075 839 3112 ad
865 3076 935 3113 8¹¹1.
