2176 3386
1867 0 1871 10 ¹
1887 0 1894 4 “
1955 0 2176 92 maffia-³

257 204 284 244 4
927 215 1036 244 PARS
1066 216 1106 243 11.
1142 215 1198 243 DE
1228 214 1367 244 ni-:ssus

261 325 396 369 datur
427 336 515 382 qua
548 321 650 382 quis
683 336 791 366 vere
824 321 1006 366 ablutus
1037 319 1127 366 dici
1161 320 1320 378 possit,
1353 323 1400 364 et
1431 324 1482 364 ut
1513 333 1676 378 corpus
1708 323 1882 378 tangat.
1930 319 2036 363 Nul-

260 408 356 452 lum
380 405 570 465 proinde
593 405 680 450 erit
704 404 930 463 baptisma
956 404 1082 459 nive,
1103 404 1204 460 gelu
1223 403 1297 448 vel
1321 402 1542 460 grandine
1565 402 1800 458 collatum,
1825 403 2040 462 quamvis

262 491 412 535 calore
445 487 622 546 capitis,
648 486 718 532 cui
745 488 858 531 llaec
880 486 1186 545 applicantur,
1211 485 1402 530 subinde
1435 486 1634 531 resoluta
1665 486 1829 542 fluant,
1854 500 1961 531 cum
1996 486 2039 530 id
2094 541 2100 547 ·

265 587 357 617 non
391 571 471 615 fiat
503 571 684 615 actione
718 569 945 627 ministri,
983 570 1177 624 nullum,
1212 569 1517 628 applicatione
1550 582 1715 614 manus
1738 569 2037 626 madefactae;

265 654 478 703 dubium,
513 653 655 712 siquis
686 654 862 697 duobus
910 657 1092 697 tantum
1129 652 1202 696 vel
1235 651 1379 696 tribus
1427 665 1572 711 aquae
1604 651 1770 710 guttis,
1807 650 1879 696 vel
1913 655 2041 696 motu

265 737 392 795 digiti
427 735 671 781 madefacti
706 734 844 779 fuerit
876 735 1160 792 baptizatus;
1213 734 1389 779 nullum
1432 735 1467 778 si
1507 749 1623 794 aqua
1658 738 1810 779 vestes
1849 738 1929 778 aut
1970 747 2042 778 ca-

267 821 395 879 pillos
419 820 723 878 praeterlapsa
749 833 840 863 non
865 818 1005 863 fuerit
1029 819 1068 875 1;
1105 808 1294 863 dubium
1318 818 1446 873 item,
1472 832 1577 862 cum
1613 817 1765 862 infans
1787 817 2045 875 baptizatur

265 903 312 947 in
346 908 477 947 utero
514 901 688 955 matris,
715 900 750 945 si
774 915 891 960 aqua
915 900 1214 945 secundinani
1243 900 1487 944 dumtaxat
1509 898 1728 956 attigerit.
1765 902 1858 943 Nec
1881 912 2046 957 corpus

265 992 467 1040 tantum,
501 985 578 1030 sed
612 985 855 1042 praecipua
890 983 987 1028 eius
1021 996 1139 1042 pars,
1178 983 1219 1027 id
1253 988 1323 1028 est
1354 987 1518 1042 caput,
1554 982 1675 1027 ablui
1707 983 1869 1040 debet,
1920 997 2044 1028 com-

269 1069 541 1114 munissima
571 1073 728 1111 tamen
762 1066 991 1111 sententia
1017 1072 1085 1111 est
1108 1067 1387 1124 baptismum
1421 1079 1518 1111 esse
1552 1066 1773 1122 validum,
1798 1066 1833 1111 si
1868 1071 2043 1125 pectus,

267 1157 347 1197 aut
380 1151 578 1206 humeri,
613 1155 693 1194 aut
725 1150 938 1207 scapulae
970 1149 1152 1193 ablutae
1187 1149 1374 1194 fuerint.
1411 1153 1460 1193 ln
1494 1162 1600 1194 casu
1634 1149 1867 1193 absolutae
1892 1162 2046 1193 neces-

268 1235 416 1280 sitatis
447 1249 537 1294 quo
570 1234 696 1292 pueri
727 1247 848 1278 mors
871 1233 1100 1289 imminet,
1129 1232 1403 1277 Missionarii
1426 1232 1491 1277 uti
1516 1232 1689 1290 possint
1721 1233 1913 1277 materia
1948 1247 2047 1292 pro-

270 1319 395 1363 xima
438 1323 484 1362 et
527 1322 702 1362 remota
735 1317 884 1362 dubia.
935 1320 1105 1361 Verum
1140 1317 1175 1361 si
1210 1317 1553 1372 convalescant,
1574 1316 1657 1360 sub
1680 1316 1943 1362 conditione
1967 1317 2046 1361 ite-

272 1416 373 1445 rum
408 1400 666 1459 baptizandi
700 1404 809 1444 sunt
832 1400 860 1443 ².

391 1486 490 1529 (5117.
529 1489 578 1528 ln
613 1497 720 1528 casu
756 1483 1043 1529 necessitatis
1075 1484 1275 1527 conferri
1310 1483 1561 1541 baptismus
1595 1483 1762 1541 poterit
1796 1498 1874 1541 per
1905 1484 2049 1528 solam

271 1567 554 1612 ablutionem
587 1566 733 1624 digiti,
771 1566 911 1623 pedis,
939 1566 1011 1611 vel
1037 1580 1217 1621 manus,
1252 1567 1361 1610 dum
1396 1566 1565 1621 infans,
1600 1566 1673 1610 cui
1707 1567 1867 1610 mortis
1900 1566 2050 1610 immi-

273 1655 382 1695 neat
416 1650 690 1708 periculum,
720 1649 867 1694 solum
902 1649 1161 1694 huiusmodi
1197 1654 1372 1708 partem
1397 1649 1656 1706 exeruerit3
1691 1653 1738 1694 at
1759 1663 1865 1693 cum
1889 1649 2053 1694 dubius

273 1734 360 1789 sit,
397 1733 480 1777 sub
517 1733 782 1777 conditione
832 1733 986 1776 iterari
1021 1732 1187 1787 debet,
1226 1733 1435 1792 idemque
1482 1732 1729 1777 dicendum
1762 1735 1817 1776 de
1850 1733 1972 1776 foeto
2005 1731 2051 1776 in

275 1820 404 1860 utero
438 1828 572 1872 supra
608 1814 831 1859 verticem
866 1815 1094 1871 baptizato
1119 1815 1148 1859 ³.

394 1898 494 1943 618.
531 1902 746 1942 Formam
772 1898 985 1956 baptismi
1019 1898 1310 1942 constituunt
1344 1898 1514 1954 verba,
1550 1911 1666 1956 quae
1709 1897 1827 1955 apud
1871 1897 2055 1942 Latinos

274 1987 407 2027 sunt:
447 2001 465 2021 a
496 1985 585 2039 Ego
610 1986 654 2025 te
678 1980 858 2040 baptizo
883 1981 928 2025 in
954 1982 1143 2026 nomine
1179 1981 1324 2026 Patris
1345 1985 1392 2026 et
1414 1980 1509 2026 Filii
1539 1986 1585 2025 et
1608 1980 1799 2039 Spiritus
1831 1980 1985 2026 Sancti
2013 1998 2052 2036 n;

275 2064 394 2123 apud
443 2067 667 2109 Graecos:
723 2083 741 2104 α
770 2064 1031 2122 Baptizatur
1062 2078 1224 2109 serius
1258 2064 1330 2108 vel
1369 2077 1502 2108 serva
1551 2063 1630 2108 Dei
1670 2067 1724 2108 N.
1775 2063 1821 2107 in
1867 2062 2055 2107 nomine

277 2145 422 2191 Patris
454 2150 501 2190 et
533 2145 631 2190 Filii
666 2151 712 2190 et
745 2147 936 2202 Spiritus
969 2147 1123 2192 Sancti
1152 2166 1190 2191 n.
1229 2147 1350 2192 [dem
1378 2161 1487 2191 vero
1521 2146 1614 2205 ipse
1642 2146 1806 2190 eodem
1839 2159 1928 2204 quo
1962 2159 2057 2189 ma-

278 2229 441 2273 teriam
477 2228 663 2273 adhibet
695 2232 920 2297 tempore,
957 2230 1133 2287 integre
1168 2231 1369 2287 proferre
1393 2231 1590 2274 formam
1622 2229 1772 2274 debet.
1807 2233 1929 2273 Haec
1958 2243 2056 2272 xer-

277 2313 440 2357 borum
475 2313 670 2357 formula
704 2326 796 2357 non
834 2317 982 2369 potest
1013 2313 1182 2372 absque
1217 2318 1403 2371 peccato
1444 2312 1707 2368 immutari,
1743 2325 1829 2357 nec
1861 2312 1902 2356 ei
1936 2311 2057 2356 aliud

278 2396 399 2451 addi,
427 2409 513 2439 nec
535 2395 730 2451 detrahi,
755 2400 802 2439 et
826 2395 1051 2454 siquidem
1086 2396 1279 2440 mutatio
1313 2395 1569 2440 essentialis
1601 2394 1675 2450 sit,
1702 2394 1956 2453 baptismus
1978 2408 2058 2447 sua

280 2480 327 2523 vi
361 2479 652 2524 destituetur.
690 2479 808 2523 llinc
841 2480 975 2523 Sacra
1009 2478 1307 2535 Congregatio
1331 2477 1425 2521 Fid.
1452 2481 1581 2536 Prop.
1619 2478 1899 2535 interrogata
1932 2491 1957 2522 a
1989 2477 2059 2520 Vi-

280 2564 405 2609 cario
438 2564 695 2622 Apostolico
743 2567 912 2608 Coreae
936 2563 950 2586 '³
984 2576 1043 2606 an
1078 2562 1359 2607 evus-endum
1408 2566 1527 2606 esset
1561 2562 1762 2606 validum
1802 2560 2058 2619 baptisma,

282 2647 449 2692 omisso
483 2646 757 2705 pronomine
792 2652 832 2690 le
866 2645 910 2689 in
945 2646 1110 2700 forma,
1145 2644 1216 2688 die
1251 2645 1275 2688 ὅ
1300 2643 1395 2688 ἰυΙίἰ
1425 2643 1531 2688 1841
1561 2643 1820 2702 respondit:
1859 2646 1958 2687 Non
1981 2656 2060 2688 va-

282 2732 377 2775 lere
401 2732 645 2788 Baptisma
681 2730 868 2787 ideoque
889 2728 1179 2773 iterandum.
1217 2731 1406 2784 Insuper
1428 2726 1596 2784 periret
1628 2727 1775 2772 forma
1801 2726 1873 2771 vel
1899 2726 2062 2771 saltem

403 2869 412 2888 ¹
442 2870 576 2915 congr.
604 2869 639 2905 S.
667 2868 734 2905 Off.
761 2869 804 2905 27
835 2868 922 2904 maii
950 2867 1052 2904 1671.

405 2941 417 2959 ²
444 2941 593 2977 Collect.
623 2949 657 2977 n.
683 2940 764 2983 502,
791 2939 872 2982 505,
897 2939 979 2987 504,
1006 2938 1087 2982 505,
1113 2937 1196 2975 506.

405 3012 417 3032 ³
445 3013 481 3049 S.
511 3013 643 3059 Congr.
671 3012 749 3048 Fid.
776 3012 885 3056 Prop.
913 3010 956 3059 12
985 3010 1062 3047 iulii
1091 3009 1193 3046 1794.

405 3083 419 3102 '⁴
446 3082 595 3119 Collect.
621 3093 655 3118 n.
682 3081 766 3118 526.
