2176 3386
247 209 327 250 206
891 222 1003 251 PARS
1033 223 1060 251 1.
1093 224 1149 251 DE
1179 223 1389 252 PERSONIS

246 328 317 373 die
350 333 397 373 et
431 344 586 375 mense
619 330 880 388 designat0;
917 330 1108 390 ideoque
1142 330 1238 375 lieri
1271 331 1406 376 deb'et
1440 331 1511 376 vel
1543 331 1601 375 ab
1632 331 1728 390 ipso
1765 333 2027 390 Ordinario,

249 411 409 469 velbab
440 413 527 458 alia
563 427 753 471 persona
789 414 843 458 de
876 427 1091 472 expresso
1125 413 1264 472 ipsius
1299 414 1531 459 mandato.
1591 419 1640 460 In
1675 414 1834 459 eadem
1869 419 2026 461 tamen

246 497 539 543 intimatione
571 499 923 557 exprimendum
959 502 1044 553 est,
1079 498 1199 557 qnod
1233 497 1455 543 eiusmodi
1501 498 1678 555 punitio
1720 497 1948 556 irrogatur
1979 499 2026 545 in

249 580 341 624 vini
377 582 630 626 Tridentini
665 582 836 627 decreti
872 585 987 626 Sess.
1017 583 1128 635 XIV,
1155 583 1260 638 Cap.
1288 583 1304 624 I
1338 580 1393 623 de
1416 579 1638 637 Reform„
1674 595 1733 625 ex
1775 580 2023 627 informata

246 663 545 719 conscientia,
586 666 655 709 xel
689 679 745 709 ex
766 664 916 708 causis
949 663 1032 722 ipsi
1065 663 1309 708 Ordinario
1343 662 1479 707 notis.

370 749 413 791 4.
455 748 629 791 Debent
664 748 849 804 insuper
871 746 1067 804 exprimi
1094 750 1244 804 partes
1272 745 1480 790 exercitii
1515 746 1688 791 ordinis
1714 747 1782 792 vel
1802 746 1954 802 officii,
1974 748 2030 792 ad

243 843 355 888 quas
387 830 655 874 extenditur
686 829 939 887 suspensio,
975 829 1094 888 qnod
1129 828 1163 873 si
1193 831 1444 886 ‘suspensus
1478 829 1750 875 interdictus
1783 829 1842 873 sit
1873 831 1930 874 ab
1961 831 2025 875 of·

246 911 364 966 licio,
400 913 471 957 cni
496 914 611 957 alter
646 913 689 956 in
726 913 874 957 locum
910 912 1049 970 ipsius
1082 911 1427 956 substituendus
1461 918 1546 967 est,
1591 918 1640 957 nt
1680 918 1786 972 puta
1835 927 2028 959 oecono-

246 1009 346 1039 mus
379 995 423 1039 in
459 1010 567 1040 cni-a
610 996 889 1050 animarum,
937 1000 1045 1039 tunc
1089 995 1363 1040 substitutus
1412 996 1672 1040 mercedem
1716 996 1934 1054 percipirt
1970 1009 2028 1039 ex

245 1077 467 1121 fructibus
502 1077 707 1121 beneficii
743 1078 787 1121 in
821 1092 872 1122 ea
898 1078 1122 1135 portione,
1159 1091 1275 1136 quae
1312 1078 1439 1122 iuxta
1476 1078 1674 1135 prudens
1705 1077 1933 1122 ordinarii
1956 1092 2026 1122 ar·

246 1162 429 1205 bitriuin
470 1162 722 1205 taxabitur:
758 1166 804 1205 at
837 1161 871 1205 si
906 1174 1154 1219 suspensus
1188 1161 1231 1203 in
1278 1161 1362 1205 bac
1409 1161 1646 1205 taxatione
1689 1175 1736 1205 se
1784 1166 2027 1218 gravatum

242 1244 453 1298 senserit,
490 1243 852 1288 moderationem
891 1257 1141 1302 provocare
1176 1243 1342 1301 poterit
1375 1244 1492 1300 apnd
1517 1243 1690 1287 curiam
1719 1242 2027 1301 Arcbiepisco-

243 1328 407 1384 palem,
445 1332 522 1371 aut
558 1327 698 1370 etiam
733 1328 852 1385 apud
887 1328 1046 1372 Sedem
1084 1326 1407 1384 Apostolicam.

362 1411 402 1454 5.
434 1410 635 1467 Expriini
662 1411 771 1454 item
796 1411 930 1454 debet
952 1415 1130 1468 tempus
1152 1410 1408 1454 durationis
1432 1410 1634 1454 eiusdem
1662 1424 1850 1468 poenae.
1884 1410 2028 1454 Absti-

244 1499 385 1538 neant
421 1499 575 1538 tamen
609 1494 836 1539 ordinarii
873 1494 929 1538 ab
964 1494 1055 1552 ipsa
1092 1494 1336 1550 infligenda
1362 1494 1405 1538 in
1433 1499 1718 1552 perpetuum.
1753 1494 1879 1548 Quod
1914 1495 2029 1540 sloh

241 1577 475 1634 graviores
507 1591 668 1621 causas
700 1577 970 1621 ordinarius
1002 1578 1236 1622 censuerit
1269 1592 1369 1621 eam
1406 1577 1643 1636 imponere
1678 1592 1768 1622 non
1809 1580 1864 1622 ad
1915 1582 2027 1622 tem-

243 1674 324 1717 pus
357 1660 734 1714 determinatum,
771 1661 846 1704 scd
881 1661 936 1705 ad
970 1674 1103 1705 suum
1139 1660 1502 1718 beneplacitum,
1542 1666 1651 1705 tnnc
1697 1661 1790 1719 ipsa
1835 1661 2028 1705 liabetur

242 1759 320 1802 pro
355 1750 668 1802 temporanea,
708 1744 896 1803 ideoque
916 1744 1110 1788 cessabit
1129 1758 1233 1789 cnm
1253 1744 1568 1789 iurisdictione
1586 1745 1813 1789 ordinarii
1839 1758 2025 1802 suspen-

239 1828 414 1872 sionem
451 1827 714 1884 infligentis.

359 1913 399 1956 6.
438 1911 732 1969 Suspensioni
766 1926 822 1956 ex
859 1912 1106 1956 informata
1143 1911 1433 1956 conscientia
1479 1911 1646 1956 iustam
1685 1925 1738 1955 ac
1774 1911 2024 1968 legitimam

239 2008 423 2039 eausam
461 1996 644 2052 praebet
677 1995 871 2050 crimen,
908 2008 985 2038 seu
1021 1995 1152 2052 cnlpa
1187 2009 1211 2039 a
1247 2007 1466 2052 suspenso
1500 1994 1761 2038 commissa.
1799 1998 1920 2037 Haec
1947 2007 2023 2037 au-

237 2083 330 2121 tem
365 2078 499 2122 debet
532 2091 629 2122 esse
662 2079 858 2133 occulta,
895 2082 940 2122 et
975 2078 1036 2122 ita
1071 2078 1240 2135 gravis,
1278 2083 1323 2122 ul
1363 2079 1499 2122 talem
1535 2083 1852 2135 promereatur
1895 2076 2022 2134 pnni-

240 2160 429 2202 tionem.
1968 2146 1971 2147 ⁷

357 2243 396 2286 7.
434 2242 496 2286 Ad
522 2244 606 2286 boc
639 2247 793 2286 autem
819 2247 867 2286 nt
890 2242 949 2286 sit
980 2243 1159 2286 occulta
1185 2242 1447 2302 requiritur,
1471 2246 1520 2285 ut
1540 2256 1687 2301 neque
1711 2241 1756 2285 in
1782 2240 2019 2297 iudicium,

238 2337 387 2380 neque
420 2322 466 2366 in
501 2337 710 2367 rumores
746 2323 865 2380 vulgi
901 2324 1094 2368 deducta
1136 2323 1210 2379 sit,
1258 2338 1406 2382 neque
1452 2324 1638 2382 insuper
1678 2324 1900 2369 eiusmodi
1940 2339 2023 2369 nu-

238 2422 364 2452 mero
398 2412 443 2451 et
474 2407 684 2466 qualitati
726 2421 1025 2466 personarum
1070 2409 1252 2464 cognita
1285 2408 1371 2463 sit,
1410 2409 1530 2453 unde
1578 2408 1796 2453 delictum
1845 2409 2020 2453 censeri

235 2491 398 2535 debeat
434 2491 684 2536 notorium.

356 2573 396 2616 8.
438 2576 604 2616 Verum
641 2576 769 2616 tenet
801 2572 940 2617 etiam
978 2573 1232 2631 suspensio,
1258 2573 1294 2618 si
1318 2587 1376 2617 ex
1411 2572 1613 2631 pluribus
1644 2572 1819 2618 delictis
1841 2573 2022 2633 aliquod

236 2655 374 2700 fuerit
407 2660 568 2700 notum
604 2656 650 2699 in
688 2658 873 2713 vulgus3
919 2662 1001 2702 ant
1046 2657 1082 2702 si
1115 2657 1310 2712 crimen,
1345 2656 1464 2715 quod
1513 2661 1622 2701 ante
1672 2656 2019 2715 suspensionem

236 2741 386 2784 fuerat
418 2740 667 2795 occultum,
703 2740 918 2798 deinceps
952 2744 1051 2798 post
1086 2740 1228 2798 ipsam
1265 2738 1403 2784 fuerit
1435 2740 1491 2783 ab
1522 2739 1622 2784 aliis
1654 2739 1938 2796 evulgatum.

354 2822 396 2866 9.
421 2821 635 2864 Prudenti
654 2821 842 2865 arbitrio
863 2824 1174 2866 Praelatorum
1195 2821 1468 2880 relinquitur
1485 2820 1796 2879 suspensionis
1813 2833 2016 2875 eausam,

234 2917 314 2948 seu
348 2903 492 2961 ipsam
526 2903 726 2962 culpam,
761 2903 1048 2963 delinquenti
1083 2907 1159 2948 aul
1196 2904 1472 2962 patefacere,
1508 2907 1587 2947 aut
1619 2902 1828 2947 reticere.
1866 2905 2019 2946 Partes

234 2986 436 3046 alioquin
471 2987 713 3043 pastoralis
744 2986 1064 3031 sollicitudinis
1096 2991 1143 3031 et
1174 2986 1415 3031 charitatis
1437 2986 1706 3031 eorumdem
1729 2991 1882 3040 erunt,
1908 2989 1958 3028 ut
1981 2985 2016 3030 si

233 3070 488 3115 istiusmodi
523 3084 719 3129 poenam
752 3083 971 3128 suspenso
1006 3070 1303 3114 manifestare
1337 3068 1621 3124 censuerint,
1659 3069 1754 3127 ipsa
1787 3081 1846 3112 ex
1867 3071 2016 3126 pater-

2119 3209 2134 3241 v
2156 3198 2162 3251 1

2100 3248 2176 3386 li
