2176 3386
239 182 319 222 306
883 193 993 223 PARS
1021 194 1046 222 1.
1079 193 1137 222 DE
1165 192 1376 222 PERSONIS

238 301 414 346 Pariter
445 300 743 360 excipiendus
774 305 844 346 est
874 314 1022 356 casus,
1057 315 1147 361 quo
1181 302 1388 359 paroecia
1429 300 1686 346 canonicali
1731 299 2014 359 praebendae

237 385 416 430 adnexa
451 384 525 440 sit,
562 389 675 430 tunc
705 384 830 429 enim
863 397 953 443 quo
985 384 1057 429 die
1093 383 1320 428 Parochus
1353 383 1540 428 missam
1564 384 1921 429 conventualem
1944 397 2016 429 ce·

236 468 412 513 lebrare
439 468 589 524 debet,
626 467 930 526 parochialem
964 467 1095 511 alteri
1129 480 1210 511 suo
1242 471 1428 524 sumptu
1462 466 1783 524 applicandam
1805 467 2015 511 commit-

238 551 342 595 tit¹.
383 555 429 595 ln
463 550 563 596 aliis
594 551 773 595 casibus
806 550 1064 595 necessaria
1097 554 1166 594 est
1198 550 1335 595 venia
1374 552 1470 595 Sac.
1508 549 1897 608 congregationis,
1937 565 2014 595 ne·

236 649 325 694 que
358 635 641 680 consuetudo
674 634 903 679 contraria
937 633 1223 688 suffragatur.

359 719 459 787 5-6]
493 718 678 763 Parochi
706 731 815 762 vero
838 716 910 761 ‹lie
933 717 1048 760 festo
1071 716 1283 761 absentes
1315 715 1516 774 legitime
1539 730 1563 761 a
1587 716 1766 775 propria
1789 715 2013 775 paroecia,

238 802 528 848 satisfaciunt
560 801 666 846 huic
698 800 845 845 officio
878 800 923 844 in
958 799 1068 845 locis
1099 799 1175 843 ubi
1209 799 1528 856 diversantur3
1567 799 1816 844 dummodo
1849 799 1905 851 ad
1938 813 2014 844 ne·

238 886 481 931 cessariam
518 884 665 942 populi
700 883 1076 928 commoditatem
1110 883 1225 927 alius
1247 883 1457 928 sacerdos
1482 883 1526 927 in
1551 883 1742 927 ecclesia
1770 882 2015 941 parochiali

238 970 453 1023 celebret,
489 974 535 1013 et
571 968 759 1013 verbum
789 967 861 1012 Dei
886 967 1085 1025 explicet
1107 967 1137 1010 ².
1174 967 1300 1021 Quod
1325 966 1359 1011 si
1395 970 1643 1025 utcumque
1667 965 1871 1024 impediti
1904 966 2013 1022 sint,

238 1057 458 1097 tenentur
481 1067 560 1111 per
591 1051 703 1096 alios
735 1065 837 1095 eam
871 1050 1101 1095 celebrare
1134 1055 1180 1095 et
1211 1050 1437 1109 applicare
1470 1051 1620 1095 facere
1653 1050 1698 1095 in
1722 1050 1911 1095 ecclesia
1943 1064 2015 1108 pa-

239 1135 452 1180 rochiali:
489 1136 606 1193 quod
641 1134 675 1179 si
710 1134 771 1178 ita
807 1135 981 1178 factum
1007 1148 1098 1178 non
1125 1133 1277 1188 fuerit,
1303 1147 1440 1192 quam
1467 1132 1664 1191 primum
1690 1133 1890 1192 poterint
1912 1133 2015 1178 mis-

237 1233 333 1264 sam
371 1233 448 1277 pro
482 1218 645 1276 populo
677 1217 903 1276 applicare
934 1217 1103 1261 debent
1125 1217 1154 1261 ⁸.

359 1304 511 1344 Potest
544 1298 644 1344 heic
676 1298 842 1357 inquiri
877 1313 935 1342 an
969 1297 1045 1357 qui
1080 1297 1282 1356 pluribus
1316 1298 1535 1355 paroeciis
1567 1298 1708 1342 unitis
1730 1303 1924 1357 praeest,
1949 1302 2017 1343 tot

238 1384 401 1428 debeat
434 1382 594 1428 missas
626 1382 868 1441 applicare,
919 1387 1030 1441 quot
1076 1387 1185 1426 sunt
1226 1382 1460 1440 paroeciae
1506 1382 1678 1427 unitae.
1736 1384 1942 1427 Profecto
1980 1382 2015 1426 si

240 1467 347 1511 unio
380 1466 438 1511 sit
467 1467 692 1524 plenaria
726 1472 766 1509 ec
797 1468 1063 1519 extimum,
1102 1479 1241 1509 unam
1278 1470 1458 1509 tantuin
1492 1465 1719 1524 applicare
1745 1466 1928 1510 Missam
1953 1468 2015 1509 te-

240 1554 402 1606 netur3
439 1563 586 1604 secus,
622 1549 657 1593 si
692 1549 801 1593 unio
834 1549 892 1592 sit
926 1563 1068 1607 aeque
1096 1549 1381 1606 principalis
1413 1549 1482 1592 vel
1512 1549 1760 1593 subiectiva
1783 1549 1814 1593 ¹⁸.

360 1632 459 1695 56—8.
484 1632 546 1677 Ad
570 1637 752 1690 tempus
769 1632 888 1691 quod
907 1631 1091 1686 attinet,
1113 1635 1333 1677 tenentur
1358 1631 1543 1676 Parochi
1561 1631 1837 1677 sacrificium
1855 1631 2016 1676 offerre

239 1731 319 1775 pro
353 1716 517 1775 populo
550 1715 739 1773 singulis
770 1714 1012 1760 dominicis
1034 1729 1087 1759 ac
1109 1715 1268 1759 diebus
1290 1714 1416 1759 festis
1439 1715 1494 1759 de
1519 1718 1775 1772 praecepto,
1802 1713 1855 1758 iis
1876 1715 2015 1759 etiam

238 1799 402 1859 quibus
434 1799 661 1843 indultum
697 1804 767 1843 est
798 1799 1040 1843 servilibus
1068 1812 1232 1843 vacare
1256 1798 1467 1856 operibus
1491 1798 1518 1842 ⁵.
1554 1802 1757 1857 Itemque
1780 1798 1948 1843 debent
1970 1799 2015 1852 in

239 1884 488 1939 translatis,
527 1883 611 1927 nisi
647 1897 752 1926 cum
787 1882 1079 1927 solemnitate
1112 1882 1324 1926 divinum
1358 1881 1557 1926 officium
1587 1882 1857 1926 translatum
1882 1881 2018 1926 fuerit

239 1965 285 2009 in
320 1965 603 2010 dominicum
639 1965 776 2010 diem.
815 1970 969 2023 ltaque
1002 1964 1037 2008 si
1062 1963 1289 2009 festivitas
1312 1968 1494 2008 tantum
1521 1964 1566 2008 in
1590 1963 1874 2008 dominicum
1897 1963 2016 2009 diem

238 2047 459 2092 translata
495 2047 648 2102 fuerit,
685 2046 821 2091 missa
855 2046 1124 2106 applicanda
1156 2046 1243 2091 erit
1275 2060 1327 2090 eo
1368 2046 1440 2091 die
1487 2060 1575 2105 quo
1624 2046 1879 2091 celebratur
1924 2046 2016 2090 offi-

239 2131 362 2176 cium
387 2131 416 2176 ⁶.
451 2131 527 2175 Sin
561 2134 716 2176 autem
751 2130 950 2175 officium
986 2135 1185 2185 tantum,
1221 2144 1273 2174 eo
1305 2130 1377 2174 die
1419 2144 1508 2188 quo
1550 2130 1777 2175 festivitas
1817 2130 2016 2175 celebra-

239 2219 315 2259 tur
347 2215 484 2259 missa
518 2214 731 2272 applicari
765 2214 959 2258 debebit.
999 2216 1166 2258 Verum
1201 2213 1236 2258 si
1270 2227 1323 2257 eo
1356 2213 1427 2257 die
1460 2213 1546 2258 alia
1579 2227 1758 2272 quoque
1792 2211 2019 2257 festivitas

239 2299 511 2352 celebratur,
547 2297 727 2356 utrique
761 2297 897 2341 unius
932 2296 1094 2341 missae
1126 2296 1429 2355 applicatione
1463 2295 1514 2340 fit
1545 2296 1656 2340 satis
1679 2297 1707 2341 ⁷.

358 2475 369 2495 ¹
398 2476 531 2512 Bened.
560 2476 645 2512 XIV
673 2474 693 2510 l.
713 2484 742 2511 c.

358 2547 370 2566 ²
398 2547 478 2584 Sac.
506 2548 637 2592 Congr.
665 2546 774 2582 Conc.
799 2547 837 2582 in
862 2546 1098 2582 Petrocorien.
1127 2546 1170 2581 14
1197 2546 1273 2582 dec.
1303 2544 1405 2582 1872.

360 2618 373 2637 ³
400 2620 434 2656 S.
461 2618 592 2664 Congr.
620 2617 730 2654 Cone.
758 2617 843 2653 ibid.

357 2691 371 2711 ⁸
397 2692 477 2729 Sac.
504 2691 639 2737 congr.
666 2691 779 2727 Conc.
806 2691 844 2726 in
871 2690 1006 2726 Lucen.
1035 2688 1138 2735 Appl.
1164 2690 1263 2724 miss.
1290 2699 1356 2735 pro
1381 2699 1459 2735 pop.
1492 2689 1535 2725 12
1562 2689 1683 2726 martii
1709 2688 1816 2733 1774;
1845 2689 1883 2724 in
1902 2689 2015 2726 Sutri-

239 2773 287 2800 na
312 2763 414 2800 Miss.
437 2773 508 2809 pro
534 2773 614 2808 pop.
634 2762 680 2798 50
706 2761 783 2798 iulii
814 2760 925 2805 1779;
955 2761 991 2796 in
1018 2759 1174 2796 Oveian.
1203 2760 1302 2797 Miss.
1329 2770 1397 2806 pro
1422 2771 1502 2806 pop.
1529 2760 1573 2796 25
1599 2759 1766 2797 decemb.
1795 2760 1897 2797 1826.

359 2835 372 2854 ⁵
398 2835 619 2872 Benedictus
652 2834 750 2878 XIV,
784 2833 853 2870 loc.
888 2833 946 2869 cit.
958 2843 967 2877 ;
995 2832 1082 2869 Pius
1116 2831 1178 2874 lX,
1214 2831 1281 2867 litt.
1311 2832 1453 2877 encycl.
1481 2831 1731 2869 Amantissimi
1767 2831 2015 2878 Redemptoris

237 2907 261 2944 5
287 2908 373 2945 maii
403 2905 504 2944 1858.

359 2980 372 3001 ⁶
399 2980 479 3017 Sac.
506 2979 639 3025 Congr.
665 2977 775 3014 Conc.
804 2975 847 3012 14
874 2975 964 3012 iunii
993 2974 1096 3018 1841,
1121 2974 1167 3011 ad
1190 2974 1310 3020 Episc.
1338 2973 1608 3010 Coenomanen.

360 3051 373 3071 ⁷
400 3052 481 3089 Sac.
508 3051 642 3096 Congr.
668 3048 778 3085 Cone.
803 3046 850 3083 24
873 3056 950 3092 apr.
979 3044 1081 3082 1875.
