2176 3386
181 175 261 215 358
823 185 932 214 PARS
961 186 985 214 1.
1021 186 1077 214 DE
1107 185 1318 214 Pensoms

302 296 346 351 a)
383 299 625 353 perperam
660 293 969 338 Febronianos
1004 292 1195 339 Romani
1231 292 1462 337 pontificis
1484 292 1884 344 confirmationem
1908 295 1956 340 in

182 391 235 422 ea
271 391 317 422 re
350 380 534 421 tantum
569 375 867 430 constituere,
903 380 955 419 ut
985 375 1044 420 sit
1077 375 1255 434 publica
1292 375 1516 434 quaedam
1559 375 1805 428 declaratio
1850 376 1957 435 legi-

183 462 320 506 timas
352 461 670 506 solemnitates
704 460 842 505 fuisse
874 460 1116 505 adhibitas.
1343 451 1345 454 ’

301 545 340 600 b)
380 546 621 602 Perperam
656 543 765 588 item
814 543 868 587 ad
920 542 1239 601 imperitorum
1294 547 1474 588 mentes
1514 543 1765 588 turbandas
1807 545 1959 590 varios

182 641 343 672 sensus
375 629 432 671 ab
466 627 518 671 iis
549 626 764 684 distingui
791 627 917 670 verbi
936 627 1237 685 confirmare.
1266 625 1369 671 Sive
1387 627 1513 671 enim
1531 627 1839 682 assentiendo,
1860 627 1957 673 sive

183 716 333 756 ratum
369 711 593 766 babendo,
629 710 727 754 sive
759 710 1082 754 anctoritatem
1111 709 1413 767 impertiendo
1437 709 1531 768 (qui
1559 714 1648 754 tres
1669 723 1829 754 sensus
1851 715 1960 755 sunt

181 809 295 854 quos
317 794 619 852 distinguunt)
651 798 882 838 Romanus
906 793 1118 837 Pontifex
1141 793 1395 838 Concilium
1419 792 1678 848 confirmet,
1704 793 1954 838 dummodo

182 878 315 921 detur
350 891 563 935 magnam
598 877 654 921 ab
686 876 909 921 eiusmodi
943 875 1294 921 confirmatione
1328 875 1556 934 obligandi
1592 877 1687 920 vim
1712 876 1819 920 illud
1841 876 1958 921 acci-

184 975 288 1019 pere
322 965 369 1005 et
400 961 570 1020 absque
603 975 654 1005 ea
689 960 869 1004 irritum
905 974 1018 1015 esse,
1056 959 1098 1004 id
1131 960 1241 1004 satis
1274 965 1356 1004 est.

301 1046 339 1102 e)
378 1049 616 1102 perperam
650 1058 831 1103 quoque
878 1048 924 1087 et
964 1044 1272 1088 Febronianos
1318 1048 1364 1088 et
1405 1043 1663 1088 Gallicanos
1709 1041 1954 1087 asseruisse

184 1127 436 1174 Concilium
471 1128 692 1173 Generale
728 1131 933 1172 Romano
971 1126 1175 1172 Pontifici
1209 1127 1485 1172 auctoritate
1508 1127 1838 1187 praeeminere.

302 1213 347 1270 d)
384 1215 625 1270 Perperam
659 1211 873 1270 denique,
910 1215 956 1255 et
989 1225 1080 1255 non
1115 1211 1213 1256 sine
1247 1210 1507 1256 turbatione
1541 1211 1680 1255 totius
1713 1214 1858 1256 status
1884 1214 1961 1254 Ec·

187 1297 350 1341 clesiae
383 1311 407 1340 a
441 1294 668 1340 sententia
709 1294 898 1339 Romani
938 1293 1168 1338 pontilicis
1210 1294 1487 1352 appellatum
1531 1293 1775 1352 aliquando
1823 1292 1961 1337 fuisse

184 1380 239 1423 ad
274 1381 479 1424 futurum
516 1378 786 1433 Concilium,
822 1392 958 1437 quam
995 1377 1183 1435 proinde
1216 1376 1524 1421 temeritatem
1570 1376 1734 1421 merito
1775 1377 1962 1421 damna-

187 1466 295 1507 runt
327 1462 410 1506 sub
445 1476 589 1519 poena
623 1460 1120 1506 excommunicationis
1156 1461 1248 1518 ipso
1283 1461 1404 1504 facto
1438 1460 1742 1504 incurrendae
1783 1459 1885 1504 Pius
1928 1464 1962 1505 11

185 1550 231 1589 et
265 1545 403 1590 Iulius
436 1547 473 1588 ΙΙ
498 1545 528 1600 ¹,
564 1544 639 1602 qui
674 1544 813 1588 etiam
847 1543 987 1597 addit,
1023 1542 1245 1587 eiusmodi
1279 1543 1486 1587 criminis
1520 1556 1619 1588 reos
1653 1558 1730 1601 pro
1767 1543 1886 1587 veris
1918 1548 1965 1587 et

186 1628 455 1672 indubitatis
496 1626 801 1672 schismaticis
833 1631 879 1670 et
911 1627 966 1670 de
999 1626 1223 1671 catholica
1258 1625 1343 1671 lide
1378 1627 1494 1671 male
1539 1626 1846 1672 sentientibus
1887 1627 1963 1671 ha-

186 1713 358 1757 bendos
380 1725 478 1756 esse
501 1713 532 1755 2.

304 1797 405 1840 455.
446 1800 602 1840 Restat
636 1799 684 1839 ut
716 1795 770 1839 (le
803 1795 962 1839 ordine
995 1794 1217 1849 dicamus,
1242 1795 1318 1854 qui
1343 1794 1388 1838 in
1413 1793 1733 1838 Oecumenicis
1755 1793 1966 1839 Conciliis

186 1880 333 1925 teneri
366 1881 516 1934 (lebet,
552 1879 720 1939 quique
752 1879 807 1923 ad
841 1879 1006 1936 duplex
1040 1882 1178 1936 caput
1211 1878 1367 1922 referri
1403 1881 1564 1935 potest.

306 1968 337 2008 Ι.
369 1964 431 2009 Ad
458 1963 672 2008 materias
696 1962 740 2007 in
766 1962 966 2007 Concilio
989 1962 1252 2007 tractandas
1275 1980 1283 2019 3
1308 1963 1363 2006 de
1385 1961 1549 2022 quibus
1572 1962 1684 2006 haec
1707 1962 1795 2006 duo
1818 1961 1964 2006 anim-

187 2048 467 2092 advertenda
503 2051 611 2091 sunt
635 2065 643 2091 z

307 2136 351 2185 α)
389 2131 607 2175 Ordinem
643 2129 687 2174 in
723 2129 776 2174 iis
810 2129 1061 2174 tractandis
1104 2144 1208 2174 eum
1258 2130 1510 2174 tenendum
1559 2143 1674 2185 esse,
1710 2129 1785 2189 qui
1821 2143 1845 2173 a
1884 2133 1965 2174 Ro-

189 2230 326 2261 mano
362 2214 581 2260 Pontifiee
613 2215 671 2259 sit
703 2215 952 2271 delinitus;
988 2215 1062 2273 qui
1098 2213 1131 2257 si
1167 2228 1191 2257 a
1225 2213 1428 2258 Concilio
1451 2213 1584 2268 absit,
1612 2212 1815 2271 nihilque
1841 2225 1965 2270 prae-

188 2297 437 2356 scripserit,
473 2312 581 2342 cnra
615 2297 787 2342 ordinis
819 2296 1065 2341 deliniendi
1098 2296 1152 2340 ad
1196 2296 1294 2340 eius
1346 2300 1531 2354 Legatos
1573 2295 1853 2350 devolvitur,
1888 2295 1964 2354 qui

188 2387 346 2428 tamen
382 2382 427 2425 in
464 2382 596 2426 rebus
630 2379 895 2439 praesertim
931 2378 1231 2437 gravioribus,
1268 2383 1319 2422 ut
1350 2378 1537 2423 suavius
1558 2382 1712 2436 agant,
1740 2382 1895 2423 Patres
1921 2377 1968 2421 in

189 2464 390 2512 Concilio
423 2469 605 2509 coactos
638 2468 762 2508 recte
796 2463 1057 2508 consulunt.

307 2551 346 2608 b)
383 2549 581 2608 Sapienti
616 2547 806 2593 consilio
839 2547 1142 2606 exemploque
1176 2546 1400 2591 imitando
1423 2546 1469 2602 in
1495 2544 1761 2589 Tridentina
1787 2544 1969 2601 Synodo

191 2648 245 2680 ac
280 2634 501 2678 Vaticana
536 2633 799 2676 institutum
836 2635 920 2687 est,
956 2634 1007 2675 ut
1038 2629 1469 2688 congregationibus
1500 2628 1789 2687 generalibus
1832 2627 1969 2686 parti-

191 2717 368 2763 culares
408 2716 594 2776 quidam
638 2717 794 2761 coetus
837 2713 1260 2773 praemitterentur,
1310 2712 1477 2772 quibus
1527 2711 1717 2756 materia
1767 2708 1968 2769 generali

190 2799 442 2846 conventui
476 2798 739 2844 sufficienda
765 2802 870 2857 apte
894 2801 1258 2856 praepararetur,
1288 2794 1619 2855 tranquilleque
1643 2794 1767 2851 prius
1795 2793 1968 2837 exami-

310 2922 319 2941 ¹
349 2921 438 2958 Pius
466 2922 508 2964 ll,
547 2921 670 2958 Const.
698 2920 925 2956 Eoeecrabz'lis
969 2919 1013 2955 18
1039 2919 1113 2955 lan.
1143 2917 1244 2963 1459,
1271 2923 1307 2955 et
1342 2918 1457 2955 Iulius
1484 2918 1527 2960 Il,
1555 2917 1678 2954 Coust.
1716 2915 1876 2962 Suscepti
1912 2925 1972 2952 re-

190 2993 334 3040 giminis
363 2992 378 3028 1
407 2991 474 3029 Iul.
504 2990 604 3028 1509.

309 3061 322 3080 ²
349 3061 451 3098 Cous.
477 3061 649 3098 zaccaria
677 3060 850 3106 Antifebr.
880 3070 913 3105 p.
940 3059 973 3102 2,
999 3059 1022 3096 l.
1049 3058 1081 3102 4,
1109 3068 1188 3105 cap.
1218 3058 1248 3095 1.
