2176 3386
206 201 287 241 236
446 222 452 227 1
849 210 960 240 PARS
988 211 1014 240 1.
1049 210 1106 238 DE
1135 204 1347 239 PERsoms
1392 191 1395 194 ’

949 427 1169 474 Appendix
1196 427 1260 464 ΙΙΙ.

456 521 591 562 Casus
622 522 665 562 in
697 522 855 575 quibus
883 523 1106 575 requlares
1134 521 1340 576 Episcopi
1369 535 1455 563 non
1486 522 1743 563 subduntur.

299 647 336 690 l.
377 651 422 691 [n
458 646 697 691 audiendis
727 646 1092 692 confessionibus
1126 646 1439 704 religiosorum
1477 647 1643 706 proprii
1683 647 1872 702 ordinis,
1909 659 1987 704 pro
2047 641 2051 644 ⁴

206 729 371 789 quibus
404 731 600 788 episcopi
635 730 962 789 approbatione
996 744 1088 775 non
1122 729 1346 788 indigent.

295 815 336 859 2.
376 818 468 859 Nec
501 828 579 872 pro
623 813 861 859 audiendis
902 814 1268 859 confessionibus
1315 813 1496 858 illorum
1545 812 1876 873 saecula-rium,
1910 813 1987 872 qui

207 897 315 956 ipsis
348 897 626 953 inserviunt,
663 912 715 942 ac
749 898 885 942 simul
918 901 1028 942 sunt
1062 911 1169 942 vere
1203 897 1257 942 de
1293 895 1492 952 familia,
1528 910 1581 941 ac
1615 895 1822 940 continui
1864 909 1986 940 com-

209 982 435 1026 mensales
473 995 632 1026 corum
679 981 1083 1036 monasteriorum,
1127 985 1207 1024 aut
1254 980 1575 1038 collegiorum,
1619 994 1732 1040 quas
1773 980 1989 1039 excipere

208 1071 399 1125 possunt
431 1066 696 1110 confessarii
732 1080 756 1110 a
791 1065 1100 1124 superioribus
1135 1065 1416 1123 regularibus
1449 1065 1684 1124 approbati
1710 1066 1738 1109 ¹.

297 1152 338 1195 5.
376 1154 477 1195 Non
513 1154 703 1208 possunt
748 1150 950 1208 Episcopi
995 1150 1278 1207 regularibus
1320 1150 1580 1208 approbatis
1626 1163 1707 1207 pro
1753 1149 1991 1194 audiendis

207 1233 510 1279 saccularium
545 1233 909 1278 confessionibus
943 1233 1141 1278 lImitare
1183 1237 1264 1278 ant
1312 1239 1509 1291 tempus,
1561 1232 1700 1277 etiam
1751 1232 1987 1291 paschale,

207 1322 286 1362 ant
318 1322 443 1361 certa
478 1318 592 1372 loca,
629 1322 709 1362 ant
744 1331 1040 1374 personarum
1076 1330 1220 1374 genus
1253 1317 1299 1361 in
1334 1317 1388 1361 iis
1420 1316 1725 1374 excipiendis,
1763 1330 1846 1360 nec
1889 1329 1989 1374 pro-

208 1401 380 1456 bibere,
418 1415 473 1445 nc
510 1400 798 1445 infirmorum
834 1400 1146 1445 confessiones
1178 1400 1370 1444 audiant
1403 1400 1573 1458 absque
1605 1413 1703 1454 sua,
1739 1402 1818 1443 aut
1861 1412 1989 1457 paro-

208 1483 280 1528 chi
315 1483 517 1528 licentia.
564 1487 759 1528 Possunt
790 1488 947 1528 tamen
983 1483 1047 1527 eis
1080 1484 1342 1541 praecipere
1380 1483 1464 1527 sub
1503 1496 1644 1540 poena
1678 1481 1990 1541 suspensionis

207 1567 264 1611 ab
297 1567 455 1611 iisdem
490 1567 855 1612 confessionibus
888 1566 1142 1621 audiendis,
1179 1566 1214 1611 si
1252 1571 1358 1624 postv
1382 1566 1586 1610 auditam
1620 1566 1886 1610 eorumdem
1923 1564 1989 1609 in-

208 1650 445 1695 firmorum
480 1651 837 1706 confessionem,
875 1651 995 1695 illico
1029 1665 1188 1695 eorum
1226 1651 1475 1708 parocbum
1510 1649 1754 1694 certiorem
1776 1663 1865 1694 non
1891 1649 1988 1693 red·

207 1734 385 1790 dei-ent,
421 1739 501 1779 aut
533 1739 765 1790 oretenus,
792 1740 872 1779 aut
897 1749 976 1793 per
1007 1735 1283 1792 scripturam
1317 1733 1435 1792 apud
1465 1734 1582 1791 ipsos
1615 1732 1822 1778 infirmos
1856 1731 1989 1776 relin-

207 1818 436 1876 quendam
457 1818 489 1873 2,
519 1820 708 1873 (Romae
733 1818 774 1862 id
799 1817 1087 1875 culpabiliter
1120 1832 1211 1862 non
1237 1816 1477 1872 facientes,
1500 1818 1617 1861 banc
1643 1815 1989 1873 suspensionem

210 1901 451 1946 incurrunt
486 1901 580 1960 ipso
614 1903 770 1957 facto).
810 1901 1071 1946 l'raeilictae
1104 1900 1405 1945 limitationes
1438 1899 1691 1958 prohibitae
1724 1898 1863 1943 ctiam
1895 1898 1990 1942 fne-

209 1989 319 2029 runt
352 1985 459 2043 ipsis
492 1985 714 2043 episcopis
747 2000 771 2030 a
800 1988 937 2043 Cong.
972 1988 1111 2030 Conc.
1149 1998 1254 2028 cum
1288 1982 1616 2041 approbatione
1658 1985 1789 2039 Grcg.
1835 1983 1910 2026 XV
1944 1985 1993 2024 et

209 2068 377 2112 Urbani
413 2071 512 2113 vlu
537 2068 568 2112 ³.

298 2151 425 2196 Circa
458 2155 615 2196 tamen
650 2152 820 2206 locum,
855 2156 902 2196 et
936 2156 1130 2209 tempus,
1167 2151 1211 2195 in
1246 2164 1336 2210 quo
1373 2149 1518 2195 audiri
1552 2151 1788 2208 nequeunt
1832 2148 1990 2192 mulie-

210 2248 312 2279 rum
346 2234 658 2279 confessiones
681 2235 713 2289 ⁴,
751 2235 989 2292 probibere
1025 2238 1213 2292 possunt
1257 2234 1456 2293 episcopi
1501 2231 1808 2286 confessariis,
1847 2231 1988 2275 etiam

211 2317 508 2376 regularibus,
544 2332 603 2362 ne
635 2332 712 2363 eas
743 2318 934 2363 audiant
966 2322 1097 2363 extra
1131 2317 1481 2372 confessionale,
1517 2330 1603 2361 nec
1635 2315 1682 2360 in
1727 2315 1825 2360 eius
1863 2319 1989 2373 parte

209 2400 449 2456 anteriori,
485 2401 562 2446 sed
595 2415 619 2445 a
653 2400 795 2445 latere
829 2415 935 2445 cnm
984 2404 1110 2445 crate
1160 2402 1406 2459 perforata,
1442 2404 1489 2444 et
1539 2399 1623 2443 boc
1670 2398 1809 2442 situm
1843 2398 1902 2442 sit
1941 2399 1991 2442 in.

210 2483 309 2528 loco
343 2483 537 2541 publico,
574 2488 625 2527 ut
659 2483 804 2528 videri
838 2484 894 2528 ab
926 2483 1140 2529 omnibus
1174 2482 1361 2541 possit⁵.

330 2639 339 2658 ¹
368 2639 435 2676 Cit.
463 2644 579 2675 const.
606 2639 718 2676 Clem.
746 2638 781 2674 X
808 2639 970 2684 Superna
1001 2638 1039 2673 11
1068 2638 1149 2674 Kal.
1175 2637 1255 2674 iulii
1285 2637 1386 2675 1670.

330 2711 342 2730 ²
368 2710 456 2746 Ead.
483 2713 601 2746 const.
622 2711 796 2756 superna.
1270 2724 1274 2727 -

331 2781 343 2801 ³
369 2782 412 2817 In
438 2791 617 2827 responso
645 2781 690 2817 ad
716 2781 760 2817 ΙΙ.
788 2780 940 2826 dubium
970 2781 1064 2816 inter
1088 2780 1161 2816 alia
1190 2780 1240 2816 ibi
1279 2779 1489 2826 proposita,
1517 2778 1630 2815 relata
1665 2779 1704 2815 in
1739 2778 1839 2815 calce
1871 2781 1987 2814 const.

210 2853 296 2890 dicti
325 2853 430 2898 Greg.
457 2853 690 2889 Inscrutabili
714 2851 736 2887 5
763 2852 832 2889 feb.
862 2838 966 2888 1622.

328 2923 342 2944 ¹·
369 2924 534 2970 Epistola
559 2923 750 2970 encyclica
774 2923 890 2969 Cong.
920 2923 955 2959 S.
982 2922 1250 2969 Inquisitionis,
1278 2921 1347 2959 sub
1373 2922 1432 2958 die
1461 2921 1504 2958 14
1531 2922 1608 2958 dcc.
1637 2921 1740 2958 1694.

330 2997 343 3016 ¹⁵
370 2997 473 3033 Decr.
500 3000 622 3033 autem
650 2996 685 3032 S.
712 2995 845 3041 Congr.
871 2995 942 3032 sub
980 2994 1038 3031 die
1068 2994 1112 3031 21
1141 2994 1215 3030 ian.
1257 2993 1367 3031 1620:
1402 2994 1600 3031 Mulierum
1640 2993 1875 3040 confessiones
1906 2994 1989 3040 post

209 3069 464 3115 crepusculum
489 3068 744 3114 vespertinum,
771 3069 804 3103 et
822 3069 905 3103 aute
930 3076 1109 3104 auroram
1135 3066 1209 3102 sine
1234 3067 1443 3102 necessitate
1467 3065 1592 3102 audiri
1607 3074 1678 3101 non
1703 3065 1838 3102 debent.
