2176 3386
532 423 658 451 LIBER
689 424 712 450 1.
750 423 805 450 DE
838 423 974 450 REBUS
1004 422 1239 451 ECCLESIAE
1269 423 1597 451 SPIRITUALIBUS
1913 413 1962 452 19

174 528 512 585 adhibeantur3
550 532 750 586 praestat
782 528 908 572 enim
944 532 994 572 ut
1026 527 1264 573 laudabilis
1297 529 1600 584 consuetudo,
1625 543 1742 588 quae
1776 533 1959 574 tantum

176 612 355 656 confert
389 611 444 655 ad
468 610 690 655 maiorem
715 625 818 668 erga
855 611 940 655 boc
973 615 1317 656 sacramentum
1344 611 1674 667 reverentiam,
1699 612 1959 667 omittatur,

174 707 312 752 quam
347 698 398 736 ut
432 693 674 751 priventur
697 693 873 750 parvuli
898 692 1117 753 baptizati
1153 707 1244 737 non
1270 693 1448 751 exiguis
1475 693 1788 751 spiritualibus
1812 695 1958 751 bonis,

174 792 292 837 quae
325 791 382 822 ex
417 777 722 822 caeremoniis
755 776 811 820 ab
843 776 1034 821 ecclesia
1070 776 1295 821 institutis
1330 781 1375 821 in
1410 791 1488 821 eos
1521 777 1775 822 dimanant.

296 862 395 905 641.
434 864 560 905 Inter
584 860 848 918 praecipuas
870 860 1188 905 solemnitates
1214 859 1426 920 baptismi
1451 866 1769 906 recensentur:
1811 864 1857 907 2⁰
1876 877 1962 920 pa-

177 948 309 1000 trini,
344 943 419 1003 qui
453 943 732 1002 baptizatum
767 943 822 987 dc
855 957 985 988 sacro
1020 944 1146 988 sonte
1180 943 1434 1001 suscipiant
1466 944 1770 988 erudiendum
1807 950 1961 1002 postea

180 1029 222 1073 in
258 1028 466 1073 doctrina
500 1031 546 1072 et
579 1027 711 1072 bonis
746 1027 961 1072 moribus.
999 1032 1172 1072 Horum
1206 1027 1461 1085 designatio
1495 1028 1550 1072 ad
1587 1034 1802 1086 parentes
1828 1029 1959 1087 perti-

182 1117 275 1166 net,
310 1115 373 1167 et,
409 1111 479 1156 his
514 1110 863 1169 negligentibus,
899 1111 955 1155 ad
992 1111 1243 1155 l‘arochum
1273 1111 1342 1155 vel
1372 1112 1659 1169 Episcopum.
1699 1111 1870 1156 Patrini
1907 1127 1964 1157 ne

179 1195 272 1239 sint
307 1195 456 1253 plures
488 1208 626 1253 qnam
662 1206 795 1247 unus,
822 1194 921 1237 sive
947 1194 1019 1238 vir
1041 1193 1138 1238 sive
1174 1193 1354 1249 mulier,
1382 1195 1455 1238 vel
1489 1194 1541 1238 ad
1578 1207 1814 1239 summum
1845 1209 1965 1240 unus

180 1283 226 1322 et
262 1292 369 1333 nna,
406 1278 566 1321 statuit
599 1280 735 1322 Conc.
773 1277 891 1322 Tt'itl.
923 1278 951 1322 ¹.
992 1279 1053 1322 Ad
1088 1292 1257 1322 munus
1293 1277 1459 1337 patrini
1495 1278 1807 1323 exercendum
1852 1280 1964 1324 haec

182 1361 502 1419 remtirnntur:
544 1363 580 1418 1)
619 1367 669 1406 ut
694 1361 901 1420 patrinus
935 1364 1095 1406 habeat
1131 1377 1280 1408 annos
1306 1362 1618 1419 discretionis;
1656 1364 1698 1419 2)
1735 1370 1785 1408 ut
1808 1364 1866 1408 sit
1890 1364 1962 1408 ba-

181 1447 400 1505 ptizatus3
439 1446 479 1501 5)
508 1449 558 1489 ut
592 1447 757 1489 habeat
792 1445 1099 1490 intentionem
1146 1447 1383 1490 formalem
1432 1447 1617 1503 gerendi
1652 1447 1737 1491 hoc
1772 1462 1963 1503 munus3

181 1531 223 1585 4)
263 1534 311 1573 nt
344 1529 582 1587 patrinus,
623 1531 691 1573 vel
728 1543 808 1586 per
839 1543 912 1584 se,
953 1530 1021 1573 vel
1062 1544 1141 1588 per
1183 1534 1559 1587 procuratorem,
1597 1545 1758 1575 revera
1810 1535 1965 1588 tangat

185 1612 528 1671 baptizandum.
571 1616 651 1656 Per
683 1626 835 1657 sacros
867 1627 1069 1657 canones
1102 1614 1159 1658 ab
1191 1613 1338 1658 officio
1374 1614 1539 1671 patrini
1574 1618 1794 1658 arcentur
1828 1614 1855 1658 ii
1890 1617 1964 1673 qni
2015 1613 2018 1616 ’

184 1696 254 1739 vel
290 1700 500 1753 suscepto
533 1696 680 1740 officio
714 1695 898 1753 defungi
934 1711 1025 1740 non
1063 1701 1263 1754 possent,
1300 1700 1350 1740 ut
1383 1700 1491 1740 sunt
1525 1701 1738 1754 parentes
1762 1696 1794 1751 ⁴²,
1833 1698 1965 1753 muti,

185 1778 413 1834 regulares
445 1778 682 1836 utriusque
715 1792 878 1834 sexus,
913 1783 1108 1837 excepto
1152 1779 1346 1836 regulari
1397 1780 1643 1838 Episcopo,
1682 1781 1751 1825 vel
1799 1781 1874 1839 qui
1915 1796 1969 1825 eo

184 1867 291 1905 sunt
341 1861 530 1919 indigni.
590 1866 816 1906 Arcentur
863 1861 1061 1920 denique
1110 1877 1133 1906 a
1176 1876 1366 1906 munere
1415 1863 1694 1920 susceptoris
1736 1862 1966 1918 infideles,

187 1944 404 1989 haeretici
449 1948 495 1989 et
535 1944 832 1988 schismatici.
888 1945 918 1988 Ii
956 1945 1122 2003 patrini
1172 1950 1407 2003 nequeunt
1451 1960 1549 1990 esse
1583 1946 1848 2001 catholicis,
1886 1960 1971 1991 ncc

187 2027 388 2072 vicissim
415 2028 624 2073 catholici
662 2028 746 2071 illis
769 2028 802 2069 ⁸.
849 2034 945 2082 Qua
988 2028 1171 2087 quidem
1216 2029 1260 2072 in
1299 2043 1343 2072 re
1377 2043 1482 2073 cum
1529 2029 1805 2074 missionarii
1841 2030 1970 2075 Alba-

188 2111 289 2154 niae
326 2109 665 2167 proposuissent
686 2110 874 2154 dubium
900 2125 957 2155 an
983 2111 1256 2156 admittendi
1282 2111 1376 2155 sint
1400 2114 1572 2156 'furcae
1595 2113 1666 2157 vel
1690 2113 1971 2157 schismatici

186 2193 239 2237 ad
274 2193 586 2250 suscipiendos
620 2193 663 2237 in
703 2193 974 2251 baptismate
1023 2194 1356 2239 catholicorum
1402 2195 1539 2251 filios,
1576 2196 1810 2254 supposito
1852 2198 1970 2256 quod

187 2275 369 2320 aliunde
421 2282 651 2336 nequeant
695 2283 907 2335 parentes
944 2278 1102 2322 sedare
1145 2278 1454 2323 dissensiones
1492 2283 1538 2323 et
1570 2279 1700 2335 odia,
1740 2280 1825 2325 nisi
1859 2280 1973 2325 liant

188 2366 472 2419 compatres,
512 2362 579 2405 vel
614 2376 672 2405 an
707 2362 867 2405 saltem
913 2361 1166 2406 catholicus
1210 2376 1314 2407 cum
1351 2366 1492 2406 Turca
1537 2362 1675 2420 possit
1708 2363 1890 2408 admitti
1925 2367 1974 2408 ut

189 2444 294 2488 indi·
328 2459 386 2488 ex
423 2448 549 2503 parte
573 2448 786 2488 servetur
816 2444 931 2489 ritus
966 2445 1190 2490 Ecclesiae
1214 2449 1259 2489 et
1282 2445 1417 2489 simul
1445 2445 1691 2490 intentioni
1731 2452 1972 2505 parentum

190 2526 411 2582 satisfiat,
448 2531 609 2585 Congr.
648 2529 689 2571 S.
727 2530 778 2571 Ο.
816 2527 889 2571 die
930 2528 978 2572 15
1011 2541 1114 2585 aug.
1157 2528 1260 2572 1681
1291 2563 1299 2583 ,
1340 2527 1571 2585 respondit
1609 2528 1662 2572 ad
1700 2529 1894 2586 primam
1930 2533 1976 2573 et.

310 2723 318 2742 ¹
349 2723 446 2760 Sess.
473 2724 608 2766 XXIV,
636 2733 715 2770 cap.
744 2724 775 2760 11
802 2724 846 2760 de
874 2724 949 2760 Res.

311 2795 323 2814 ¹
350 2795 392 2830 In
418 2805 505 2831 casu
545 2795 644 2841 quod
681 2795 835 2832 desertis
864 2795 900 2831 in
926 2795 1017 2832 locis
1046 2795 1169 2831 nullus
1198 2795 1244 2831 sit
1275 2795 1337 2840 qui
1366 2794 1502 2840 patrini
1534 2803 1687 2830 munere
1717 2793 1818 2839 fungi
1848 2794 1976 2839 possit,

193 2870 347 2911 possunt
372 2871 543 2912 parentes
572 2866 782 2912 baptizandi
809 2876 854 2901 eo
880 2866 981 2911 fungi
1018 2866 1108 2912 quin
1133 2866 1353 2901 contrahant
1394 2865 1698 2910 impedimentum
1738 2865 1974 2910 cognationis

193 2937 231 2974 S.
259 2938 300 2974 U.
327 2938 406 2984 Inq.
432 2938 477 2974 ad
504 2938 613 2975 Adm.
639 2938 707 2984 Ap.
734 2937 947 2974 Ausualiae
984 2937 1027 2973 15
1054 2941 1144 2983 sept.
1174 2935 1276 2973 1869.
1301 2938 1442 2974 Pariter
1480 2937 1513 2973 S.
1543 2937 1612 2973 Rit.
1638 2937 1887 2983 congregatio
1920 2937 1978 2973 die

196 3006 240 3044 15
267 3008 355 3045 febr.
388 3008 476 3045 1887
503 3009 623 3045 Praei.
651 3009 856 3055 apostolico
883 3008 1057 3054 Bengalis
1085 3007 1256 3045 centralis
1283 3008 1491 3053 respondit:
1533 3022 1546 3039 ι
1567 3009 1604 3045 in
1631 3018 1720 3044 casu
1747 3018 1820 3054 quo
1849 3008 1975 3045 haberi

194 3084 380 3126 nequeant
403 3080 497 3117 alios
524 3090 721 3127 sponsores
748 3090 813 3126 pro
841 3080 1024 3126 baptismo
1051 3080 1209 3116 solemni
1237 3083 1272 3115 ct
1298 3079 1578 3116 confirmatione
1607 3080 1839 3122 feminarum,
1867 3089 1978 3125 posse

195 3151 241 3188 ad
267 3153 337 3188 hoc
362 3161 496 3189 munus
523 3152 663 3189 admitti
689 3152 841 3189 Sorores
867 3161 889 3188 a
913 3151 1070 3188 Caritate
1090 3165 1121 3187 ».
1145 3151 1244 3187 Haec
1266 3151 1405 3187 decisio
1433 3156 1471 3187 ut
1491 3155 1600 3196 patet,
1618 3150 1766 3186 extendi
1795 3154 1915 3196 potest
1934 3149 1980 3186 ad

196 3221 286 3258 alias
312 3222 507 3268 religiosas
534 3228 701 3259 votorum
729 3221 967 3268 simplicium,
994 3231 1089 3268 quae
1117 3221 1152 3256 in
1181 3221 1273 3257 locis
1300 3221 1521 3258 missionum
1548 3225 1756 3257 versantur.

316 3292 329 3313 ³
355 3294 488 3340 Congr.
514 3292 553 3330 S.
581 3293 621 3330 Ο.
650 3292 693 3329 14
720 3297 790 3330 oct.
819 3292 923 3329 1656.
