2176 3386
180 115 257 156 150

842 326 1304 382 ELENcl-ius

180 465 412 514 Locorum,
433 466 476 507 in
497 467 656 520 quibus
674 466 982 509 Tridentinum
1003 468 1243 509 Decretum
1269 468 1325 510 de
1352 468 1647 511 matrimoniis
1675 470 1962 513 clandestinis

342 544 610 596 publicatum
641 547 734 592 est,
763 547 810 586 et
838 556 995 587 eorum
1026 545 1068 586 in
1099 545 1258 598 quibus
1289 546 1562 598 publicatum
1597 558 1687 589 non
1717 550 1802 590 est.

202 2372 256 2407 10.

202 2477 258 2513 ll.

205 2621 260 2656 12.

205 2729 262 2766 13.

207 2836 262 2872 14.

209 3028 264 3064 15.

1057 705 1085 745 I.

666 843 778 872 LOCA
809 843 851 872 IN
881 843 1036 878 QUIBUS
1066 843 1341 872 PUBLICATUM
1372 844 1482 873 FUIT.

338 1014 569 1055 NOMINA
601 1012 886 1055 LOCORUM
1073 959 1079 1100 Ι
1399 1012 1679 1054 NOTANDA

939 1208 1243 1255 EUROPA

237 1368 246 1377 .
273 1340 384 1376 ltalia
426 1339 610 1375 universa
652 1340 691 1374 et
733 1339 883 1375 Insulae
931 1338 1044 1374 adia-

332 1388 478 1423 centes

275 1483 424 1520 Galliae
451 1482 671 1518 universae.

241 1608 248 1615 .
276 1579 550 1624 Hispaniarum
578 1579 723 1623 Regna.

242 1750 249 1758 .
276 1722 499 1758 Lusitaniae
526 1723 712 1767 Regnum.

244 1845 251 1852 .
279 1816 460 1852 poloniae
487 1817 674 1861 Regnum.

279 1910 563 1947 Archiducatus
600 1909 826 1946 Austriacus
864 1910 903 1946 et
937 1919 1048 1955 prov.

338 1958 466 1994 eidem
491 1958 682 1994 adnexae.

245 2083 252 2091 .
279 2055 416 2091 silesia
442 2064 524 2099 sup.
552 2057 593 2089 et
618 2053 789 2089 inferior.

245 2191 255 2200 .
281 2162 476 2199 Bohemia.

247 2299 254 2307 .
281 2272 470 2308 Moravia.

283 2369 492 2415 Hungaria.

283 2475 494 2512 Moldavia.

285 2619 485 2656 valachia.

288 2728 427 2765 Ulmia.

288 2837 382 2871 Tres
409 2834 669 2876 Electoratus‚
696 2831 949 2875 coloniensis,
978 2831 1056 2867 Mo-

347 2882 545 2928 guntinus,
570 2880 827 2917 TrevirensiS.

291 3026 461 3063 Ducatus
486 3023 702 3061 Cliviensis.

1119 1337 1161 1365 Ut
1183 1338 1305 1365 notum
1332 1338 1383 1365 est
1409 1343 1450 1364 ex
1475 1340 1572 1365 more
1600 1336 1729 1374 ubique
1761 1339 1901 1374 recepto
1929 1337 1973 1366 de

1154 1371 1372 1400 celebrandis
1391 1372 1564 1408 coniugiis
1586 1372 1684 1402 iuxta
1704 1374 1851 1402 sormam
1866 1380 1887 1402 a
1900 1372 1972 1401 Tri-

1155 1407 1299 1436 dentino
1318 1408 1585 1444 praescriptam.

1121 1477 1248 1506 Statim
1269 1485 1290 1506 a
1304 1477 1540 1507 celebratione
1561 1477 1717 1506 eiusdem
1739 1477 1895 1507 concilii.

1121 1573 1281 1610 Philippo
1301 1575 1330 1602 II
1351 1573 1559 1613 imperante.
1590 1573 1827 1602 Gibraltariae
1854 1574 1972 1602 tamen

1156 1609 1273 1638 valent
1297 1609 1523 1638 matrimonia
1542 1609 1763 1638 clandestina
1783 1609 1974 1638 haeretico-

1159 1652 1238 1673 rum
1260 1647 1294 1674 et
1316 1645 1439 1674 mixta.

1123 1719 1233 1752 Opera
1254 1716 1404 1753 piissimi
1426 1717 1531 1752 Regis
1551 1716 1760 1746 sebastiani.

1124 1816 1170 1842 Ex
1193 1815 1342 1842 Senatus
1362 1821 1403 1842 ac
1422 1813 1527 1849 Regis
1549 1812 1764 1849 sigismundi
1784 1814 1937 1842 Decreto.

1125 1907 1194 1937 Sub
1215 1910 1433 1972 Impgratore
1463 1907 1703 1936 Maximiliano
1729 1905 1875 1943 eiusque
1904 1913 1977 1935 suc-

1159 1951 1291 1972 cessori
1318 1951 1371 1973 us.

1125 2050 1339 2079 Praesertim
1361 2057 1443 2079 vero
1461 2049 1497 2078 in
1518 2049 1705 2086 superiori,
1726 2056 1814 2086 quae
1838 2048 1978 2085 provin-

1161 2086 1216 2115 cia
1230 2093 1321 2115 nunc
1336 2093 1464 2123 magna
1476 2093 1516 2114 ex
1531 2087 1632 2122 parte
1645 2084 1766 2114 subest
1779 2084 1976 2114 Boi-ussiae.

1127 2159 1233 2186 Prout
1255 2157 1358 2186 fidem
1374 2156 1507 2186 faciunt
1526 2155 1671 2184 litterae
1686 2162 1743 2184 an.
1759 2155 1828 2183 1626
1839 2154 1883 2183 ad
1897 2156 1980 2183 Con-

1161 2201 1258 2229 greg.
1281 2195 1312 2221 S.
1335 2192 1455 2221 officii.

1129 2266 1170 2293 Ut
1190 2265 1330 2293 constat
1349 2271 1390 2291 ex
1409 2262 1498 2292 actis
1520 2264 1551 2291 S.
1573 2264 1610 2291 Ο.
1632 2263 1662 2289 ll
1684 2260 1769 2290 maii
1790 2261 1869 2289 1633.

1128 2359 1338 2394 Universim‚
1359 2359 1388 2389 si
1409 2359 1600 2388 nonnullas
1619 2357 1771 2395 excipias
1784 2356 1982 2394 peculiares

1165 2396 1338 2432 regiones,
1359 2397 1398 2424 ut
1418 2393 1530 2432 aliqui
1549 2394 1780 2424 contendunt.

1129 2468 1350 2497 publicatum
1372 2469 1489 2496 tamen
1511 2465 1578 2495 suit
1598 2464 1691 2494 inter
1707 2463 1911 2499 catholicos,
1926 2463 1984 2492 ad-

1165 2511 1275 2541 eoque
1300 2511 1369 2532 non
1396 2502 1431 2532 in
1464 2501 1621 2531 ecclesiis
1652 2501 1984 2536 schismaticorum,

1165 2546 1316 2577 quorum
1338 2539 1399 2568 illa
1419 2536 1600 2567 Provincia
1621 2537 1753 2566 referta
1771 2538 1838 2565 est.

1131 2612 1170 2638 In
1190 2608 1346 2638 ecclesiis
1379 2609 1518 2638 tantum
1548 2606 1805 2637 catholicorum
1832 2612 1894 2635 nec
1919 2605 1983 2634 for-

1168 2648 1263 2675 tasse
1284 2645 1318 2673 in
1339 2644 1514 2674 omnibus.

1132 2718 1227 2749 Quae
1247 2716 1332 2745 urbs
1353 2723 1446 2745 nunc
1465 2715 1586 2745 subest
1605 2712 1731 2743 ditioni
1758 2711 1865 2749 Regis
1885 2709 1986 2740 Wiir-

1168 2751 1436 2788 tombergennis.

1133 2824 1197 2857 Qui
1218 2825 1341 2860 postea
1360 2821 1515 2852 maxima
1534 2828 1574 2861 eg
1594 2820 1696 2857 parte
1715 2818 1987 2859 ces-serunt·R2e-

1168 2866 1237 2895 gno
1257 2859 1453 2888 Borusslae.
1474 2856 1696 2896 publicatum
1725 2856 1834 2895 etiam
1863 2853 1931 2882 fuit
1949 2857 1986 2880 ln

1169 2892 1438 2924 Monasteriensi
1465 2891 1615 2922 dioecesi
1648 2891 1714 2920 sub
1745 2888 1903 2919 eiusdem
1923 2889 1987 2916 Re—

1169 2930 1230 2968 gni
1249 2929 1417 2959 dominio.

1137 3015 1207 3045 Sub
1227 3016 1322 3051 Rege
1342 3012 1540 3043 Borussiae.
