2176 3386
161 36 166 37 ⁷
213 0 438 34 ,ἰ-’ϊντ-ῑΓ-’ῑ
458 0 482 14 ’·
553 0 596 13 *T*
618 0 639 4 ··
667 0 670 2 ’
715 0 717 2 ·
1011 19 1014 23 .
1138 0 1152 29 '1
1694 0 1700 5 ·
1730 23 1734 27 .

0 0 30 264 Ι
509 157 638 186 LIBER
666 157 691 185 1.
723 157 779 184 DE
810 156 946 184 REBUS
976 155 1212 184 ECCLESIAE
1241 154 1568 184 SPIfflTUALlBUS
1906 141 1932 180 5

0 266 17 293 Ξ

151 263 286 308 dubia
314 263 549 319 evaderet,
573 262 611 308 si
633 262 889 308 diceretur:
929 266 1018 320 Ego
1042 266 1086 307 te
1108 262 1291 320 baptizo
1308 265 1360 306 in
1381 268 1519 319 patre
1543 261 1615 306 vel
1637 275 1744 305 cum
1775 267 1928 319 patre,

153 346 225 391 vel
256 349 308 391 in
340 349 510 391 virtute
541 350 622 391 aut
643 361 699 391 ex
716 352 855 404 parte
880 348 1051 401 Patris,
1078 346 1151 391 vel
1174 348 1226 390 in
1247 347 1439 389 nomine
1474 347 1631 390 Patris
1651 358 1736 402 per
1759 346 1932 390 Filium

149 435 191 473 et
225 430 451 487 Spiritum
486 432 726 485 Sanctum,
752 430 826 475 vel
861 433 910 475 ἱη
933 430 1214 475 nominibus.
1252 430 1310 473 At
1332 428 1538 473 validum
1562 428 1650 473 erit
1671 428 1707 473 si
1731 429 1928 475 dixeris:

151 516 242 570 Ego
274 517 318 557 te
351 513 530 572 baptizo
563 512 610 557 in
645 515 835 557 nomine
868 512 1028 567 Patris,
1066 511 1111 556 in
1146 515 1337 557 ‘nomine
1375 512 1495 568 Filii,
1532 512 1579 557 in
1614 515 1805 557 nomine
1839 515 1933 571 Spi-

151 596 264 640 ritus
297 596 475 653 Sancti;
514 595 615 640 vel:
656 600 743 653 Ego
775 599 821 640 te
854 596 1041 653 baptizo
1074 596 1120 640 in
1157 595 1347 643 nomine
1383 595 1543 650 Patris,
1571 609 1654 653 ego
1678 599 1724 640 te
1745 596 1932 653 baptizo

151 679 197 724 in
232 680 420 724 nomine
454 679 569 735 Filii,
605 693 687 737 ego
720 684 764 723 tc
796 680 982 736 baptizo
1007 678 1053 723 in
1080 677 1268 723 nomine
1292 678 1484 737 Spiritus
1507 677 1662 723 Sancti
1687 678 1717 722 ¹.
1755 678 1933 723 Pariter

150 763 311 808 eadem
346 766 466 808 Sacr.
503 766 666 821 Congr.
705 765 745 807 S.
772 763 917 808 Officii
952 761 1023 807 die
1050 763 1103 806 10
1127 762 1281 806 martii
1311 762 1422 806 1590
1456 761 1692 820 respondit
1726 761 1931 807 validum

150 846 328 890 censeri
375 846 601 903 baptisma
650 847 866 890 collatum
901 859 926 890 a
961 845 1196 890 nonnullis
1243 844 1550 890 schismaticis
1598 859 1705 889 cuni
1749 846 1929 890 forma:

154 947 172 968 a
203 930 460 987 Baptizetur
491 942 652 974 servus
684 928 849 974 Christi
884 930 930 973 in
966 928 1154 973 nomine
1188 928 1334 974 Patris
1366 942 1521 984 amen,
1550 928 1595 972 in
1623 928 1810 973 nomine
1834 928 1931 972 Filii

150 1025 304 1068 amen,
338 1015 385 1057 et
417 1012 463 1056 in
498 1012 686 1057 nomine
720 1011 911 1070 Spiritus
944 1011 1096 1056 Sancti
1131 1025 1269 1056 amen
1296 1030 1334 1056 n.
1382 1014 1497 1056 Item
1532 1011 1783 1069 legitimam
1819 1010 1932 1055 iudi-

150 1095 276 1140 cavit
307 1095 378 1140 die
413 1097 438 1140 5
471 1096 744 1154 septembris
781 1095 892 1140 ‘1655
916 1095 930 1118 ‘²
966 1095 1162 1139 formam
1198 1109 1314 1152 quae
1356 1095 1401 1139 in
1438 1094 1678 1139 ritualibus
1713 1097 1933 1139 Armeno-

151 1192 252 1223 rum
291 1177 689 1224 schismaticorum
734 1182 929 1236 prostat:
984 1181 1037 1223 N.
1085 1192 1273 1222 servum
1318 1182 1415 1223 Iesu
1459 1177 1648 1231 Christi,
1683 1176 1760 1236 qui
1795 1191 1819 1221 a
1853 1191 1933 1221 sua

150 1263 346 1308 infantia
383 1263 514 1307 venit
545 1266 707 1320 sponte
740 1262 794 1305 ad
830 1261 1125 1320 baptismum,
1161 1261 1363 1319 baptizet
1395 1274 1520 1305 nunc
1554 1273 1720 1305 manus
1755 1274 1853 1304 mea
1887 1260 1933 1304 in

151 1347 339 1394 nomine
388 1347 535 1392 Patris
567 1351 613 1390 et
647 1345 743 1390 Filii
777 1350 824 1390 et
856 1344 1051 1403 Spiritus
1085 1342 1254 1388 Sancti.
1308 1343 1467 1388 Valida
1507 1343 1648 1388 etiam
1682 1344 1740 1388 ab
1771 1344 1931 1388 eadem

151 1435 193 1477 S.
229 1434 390 1489 Congr.
427 1430 657 1475 declarata
680 1434 747 1473 est
771 1428 990 1474 formula:
1033 1432 1119 1485 Ego
1146 1431 1187 1471 te
1212 1427 1392 1485 baptizo
1425 1441 1531 1471 curn
1557 1426 1745 1471 nomine
1771 1426 1931 1481 Patris,

151 1515 266 1571 Filii,
302 1518 348 1559 ct
380 1513 573 1572 Spiritus
609 1512 779 1567 Sancti,
816 1513 840 1556 7
875 1512 972 1556 dec.
1015 1511 1141 1555 1742.

271 1599 371 1643 619.
409 1596 671 1641 Subiectum
717 1594 928 1654 baptismi
972 1608 1117 1653 capax
1151 1599 1219 1639 est
1253 1593 1404 1639 omnis
1442 1594 1581 1638 homo
1615 1593 1782 1638 vivens
1820 1606 1934 1637 non-

150 1683 260 1727 dum
293 1681 565 1740 baptizatus,
600 1684 695 1724 tam
732 1679 966 1737 parvulus,
1002 1692 1140 1737 quam
1175 1677 1373 1732 adultus,
1409 1690 1515 1722 cum
1550 1677 1635 1722 hoc
1669 1676 1934 1722 discrimine

151 1765 271 1825 quod
304 1765 350 1809 in
386 1765 576 1823 parvulo
611 1763 732 1808 nulla
755 1762 1128 1821 praerequiratur
1159 1761 1410 1820 dispositio,
1447 1760 1492 1805 in
1532 1760 1686 1805 adulto
1722 1774 1832 1805 vero
1857 1774 1934 1804 ex-

152 1848 290 1906 igitur
323 1847 518 1892 intentio
551 1847 713 1892 saltem
749 1845 993 1890 habitualis
1027 1845 1135 1890 illud
1168 1844 1443 1902 suscipiendi
1468 1844 1499 1888 ³.
1553 1847 1599 1888 ln
1634 1843 1788 1888 adulto
1825 1856 1934 1887 vero

151 1933 359 1978 sensibus
392 1931 612 1976 destituto
645 1930 691 1974 in
727 1930 887 1976 mortis
919 1929 1130 1984 articulo,
1156 1929 1324 1974 sufficit
1356 1927 1555 1973 intentio
1588 1926 1827 1985 implicita,
1854 1940 1933 1971 seu

152 2030 203 2060 ea
236 2029 352 2074 quae
385 2013 652 2059 continetur
684 2013 730 2057 in
767 2014 1005 2057 voluntate
1038 2012 1175 2057 dandi
1200 2026 1368 2056 nomen
1395 2010 1672 2055 christianae
1706 2010 1932 2068 religioni,

152 2099 226 2144 vel
259 2099 405 2143 solum
440 2097 637 2142 faciendi
679 2111 999 2156 quaecumque
1041 2096 1298 2140 necessaria
1342 2099 1451 2139 sunt
1494 2094 1550 2139 ad
1582 2093 1806 2151 saluteml,
1843 2093 1935 2138 imo

152 2187 197 2227 et
230 2196 282 2226 ea
314 2196 430 2240 quae
465 2180 510 2225 in
545 2181 637 2225 sola
672 2179 909 2225 attritione
946 2180 1229 2235 continetur,
1267 2183 1316 2223 ut
1349 2177 1613 2223 necessitati
1650 2177 1932 2234 consulatur;

152 2270 199 2310 at
230 2265 304 2325 qui
339 2264 595 2323 baptizatus
629 2264 783 2319 fuerit,
819 2277 925 2308 cum
958 2277 1119 2308 sanam
1154 2267 1358 2308 mentem
1396 2261 1756 2320 recuperaverit,
1782 2261 1934 2306 denuo

153 2352 236 2397 sub
268 2350 531 2397 conditione
564 2349 865 2408 baptizandus
898 2349 1001 2395 erit.
1040 2350 1103 2394 Ad
1138 2349 1277 2394 haec:
1330 2348 1464 2393 debet
1497 2348 1680 2393 adultus
1713 2360 1809 2392 esse
1843 2347 1935 2390 suf-

152 2435 363 2480 ficienter
395 2435 442 2479 in
476 2434 562 2479 fide
597 2434 882 2490 instructus,
919 2447 1067 2492 neque
1117 2434 1229 2477 haec
1278 2431 1522 2476 instructio
1570 2430 1741 2475 differri
1787 2434 1936 2488 potest

157 2523 255 2577 post
287 2517 578 2563 collationem
611 2517 843 2576 baptismi,
878 2517 957 2562 sed
989 2530 1092 2561 eam
1126 2516 1261 2560 debet
1295 2514 1582 2573 praecedere.
1625 2513 1783 2567 Quoad
1817 2513 1937 2557 hanc

155 2600 508 2647 instructionem
556 2600 727 2645 iuverit
766 2614 873 2660 prae
918 2600 1062 2645 oculis
1109 2600 1275 2644 habere
1324 2602 1569 2658 sequentes
1604 2597 1932 2642 resolutiones:

159 2685 197 2741 1)
236 2682 379 2728 Dubio
414 2681 642 2740 proposito
664 2681 721 2726 ab
744 2680 1095 2739 Archiepiscopo
1128 2679 1412 2733 Quebecensi
1451 2698 1470 2718 α
1498 2679 1659 2722 Utrum
1684 2681 1935 2736 antequam

276 2815 285 2834 ¹
314 2815 446 2860 Congr.
474 2815 508 2852 S.
536 2812 603 2849 Off.
632 2814 675 2849 15
702 2813 775 2849 ian.
806 2812 908 2848 1882.
936 2811 1087 2849 Collect.
1116 2821 1151 2847 n.
1179 2810 1260 2846 550.

275 2885 287 2904 ⁹
313 2885 461 2923 Collect.
489 2895 528 2921 n.
554 2884 636 2922 520.

276 2955 290 2975 ³
315 2956 427 2992 Prout
453 2956 677 2993 declaratum
704 2955 769 2992 fuit
798 2955 834 2990 in
861 2954 970 2991 Conc.
1006 2953 1173 2998 Carthag.
1202 2952 1261 2994 Ill,
1277 2961 1337 2989 an.
1365 2951 1444 2994 597,
1471 2960 1553 2988 can.
1581 2949 1638 2992 54,
1664 2956 1700 2986 et
1726 2949 1937 2991 Arausic.1,

156 3036 215 3063 an.
243 3026 325 3070 422,
352 3036 439 3064 can:
462 3025 520 3062 12.
