2176 3386
825 207 955 236 Lmen
983 207 1008 236 1.
1043 207 1100 236 DE
1129 206 1323 235 cmmms
1890 191 1989 235 235'

185 315 378 360 Ordinis
408 315 667 372 Reyu'lares
698 319 941 371 exemptos,
976 315 1062 372 qai
1093 319 1253 358 tamen
1285 315 1379 357 sim
1412 313 1552 371 devii,
1575 319 1617 357 et
1653 318 1894 369 errantes,
1929 319 1971 358 et

177 405 313 444 extra
345 399 556 443 claastra
588 400 639 442 in
682 397 845 441 delicto
888 395 1336 454 deprehendamur,
1384 395 1556 440 nullam
1602 400 1841 455 propterea
1884 395 1968 454 ipsi

179 481 470 540 competiisse
511 495 658 540 neque
691 485 954 540 competere
988 480 1255 524 facultatem
1300 479 1577 537 procedendi
1618 482 1853 537 privative
1893 494 1968 525 ne-

177 578 266 624 que
297 565 582 608 catnalative
614 568 774 609 contra
809 562 1061 608 Monac-hos
1092 568 1139 607 et
1170 563 1431 620 Requlares
1461 563 1676 620 deyences
1699 565 1750 607 in
1773 577 1968 608 eonven-

177 647 296 691 tibus
326 653 368 691 et
402 649 697 692 monasteriis
734 647 816 690 sab
853 647 1112 691 obedientia
1153 646 1374 690 Abbatam
1421 647 1717 704 aliorumque
1760 648 1968 702 Superio-

179 743 302 785 ram,
339 734 386 775 et
417 744 523 774 curn
557 730 657 775 aliis
695 730 927 789 requisitis
966 744 1045 788 per
1086 729 1342 776 Concilium
1387 728 1707 774 'tridentinum
1748 729 1966 788 praescri-

179 811 284 870 ptis,
320 817 529 870 respectu
562 813 687 857 enim
724 812 917 857 istorum
941 818 1083 857 totam
1107 812 1477 856 iurisdictionem
1498 814 1740 869 privative*
1759 818 1968 869 spectare

176 895 242 939 ad
265 897 535 952 Superiores
567 897 826 954 regulares,
863 896 1002 940 etiam
1038 894 1259 940 monachi
1287 909 1367 939 sea
1390 896 1650 952 Regulares
1666 901 1802 940 extra
1837 896 1965 940 elau-

173 984 275 1023 stra
308 980 375 1024 ita
408 981 585 1023 notorie
616 979 910 1038 deliquerint,
948 982 996 1022 ut
1030 979 1194 1037 populo
1225 978 1510 1024 scandalum
1538 979 1720 1036 publice
1757 981 1962 1024 oriatur.

177 1063 308 1106 quta
340 1060 686 1118 dispositionem
719 1061 908 1107 Concilii
942 1061 1195 1106 Tridentini
1230 1061 1276 1105 in
1310 1075 1444 1119 supra
1479 1062 1622 1105 relato
1654 1061 1804 1120 capite
1836 1066 1883 1106 et
1916 1061 1963 1106 in

175 1159 284 1190 casu
327 1145 631 1203 negligentiae
666 1145 959 1203 Superiorum
1003 1145 1280 1202 regularium
1330 1157 1427 1189 esse
1475 1144 1628 1188 locum
1678 1143 1963 1201 praelictioni

174 1227 379 1284 termini,
415 1229 534 1273 sicut
565 1229 622 1274 ab
656 1230 874 1287 Episcopo
908 1229 969 1273 ita
1003 1228 1143 1273 etiam
1178 1242 1203 1272 a
1240 1232 1290 1272 R.
1329 1228 1520 1283 Nuntio,
1557 1232 1606 1271 ut
1637 1242 1690 1272 eo
1709 1232 1960 1283 transacto,

174 1312 427 1358 iurisdictio
460 1314 515 1358 ad
550 1314 699 1372 ipsum
731 1314 1009 1358 devolvatur
1042 1313 1171 1357 iuxta
1210 1326 1453 1357 censuram
1488 1311 1677 1357 Concilii
1723 1311 1960 1370 praedicti.

175 1399 269 1441 Nec
303 1395 348 1441 in
383 1396 721 1444 Constitutione
754 1396 1004 1443 Clementis
1038 1400 1115 1442 XtI
1149 1399 1392 1440 Romanus
1427 1395 1646 1452 Pontifex
1678 1396 1702 1439 7
1738 1395 1828 1439 kal.
1862 1410 1959 1454 apr.

176 1480 306 1535 1752,
342 1481 507 1538 legitur
539 1480 613 1524 hic
648 1484 800 1525 Motus
824 1480 1032 1539 proprius
1067 1483 1327 1534 revocatus,
1364 1484 1522 1537 utpote
1546 1478 1748 1524 Concilio
1776 1479 1960 1524 Triden-

173 1562 271 1608 tino
304 1563 495 1608 omnino
529 1563 782 1609 conformis
809 1582 847 1608 υ.

291 1650 359 1692 An
392 1652 549 1692 autem
585 1647 719 1692 liceat
754 1647 974 1706 Episcopo
1008 1651 1169 1692 contra
1217 1647 1400 1691 eosdem
1436 1647 1682 1704 Regulares
1715 1647 1960 1705 procedere

172 1744 252 1788 per
283 1744 500 1775 censuras
533 1730 1057 1786 excommunicationis,
1093 1730 1406 1789 suspensionis
1447 1735 1494 1774 et
1536 1730 1769 1774 interdicti
1811 1743 1959 1789 respe—

170 1813 295 1858 ctive
328 1813 483 1859 localis
514 1828 652 1873 quam
687 1814 938 1872 personalis
972 1814 1017 1858 in
1064 1813 1116 1858 iis
1148 1813 1345 1869 casibus,
1396 1813 1441 1857 in
1483 1813 1648 1872 quibus
1690 1813 1730 1858 ei
1781 1813 1959 1859 indulta

168 1897 334 1955 legitur
366 1899 560 1943 facultas
591 1911 669 1943 eos
702 1898 937 1957 puniendi,
975 1912 1067 1942 non
1101 1897 1217 1943 levis
1249 1903 1318 1942 est
1350 1898 1666 1943 controversia
1702 1898 1823 1942 inter
1864 1902 1952 1943 DD.

170 1981 330 2026 Verior
360 1982 590 2026 sententia
624 1986 709 2037 est,
745 1987 796 2026 ut
831 1996 910 2040 per
942 1995 1019 2027 eas
1053 1981 1297 2040 procedere
1332 1982 1475 2040 possit
1514 1982 1558 2026 in
1606 1980 1659 2026 iis
1712 1981 1958 2026 dumtaxat

167 2064 363 2120 casibus,
401 2066 446 2109 in
479 2065 644 2124 quibus
681 2066 794 2110 vela
831 2066 1099 2110 Tridentino
1136 2065 1249 2110 vela
1283 2065 1699 2111 constitutionibus
1741 2065 1955 2123 apostoli-

167 2149 233 2192 cis
264 2161 591 2207 sacrarumque
624 2149 1039 2207 Congregationum
1077 2148 1290 2204 decretis,
1327 2161 1542 2206 expressa
1584 2148 1734 2193 eidem
1784 2147 1955 2193 tributa

169 2232 333 2290 legitur
366 2233 559 2276 facultas
592 2233 864 2291 procedendi
902 2248 980 2290 per
1012 2246 1232 2278 censuras
1258 2233 1288 2277 ².

285 2316 413 2371 Quod
446 2320 624 2373 spectat
656 2317 711 2360 ad
747 2316 1026 2361 locutionem
1049 2331 1155 2361 cum
1183 2316 1458 2361 monialibus
1483 2316 1666 2362 videtur
1688 2316 1821 2361 hodie
1851 2330 1953 2362 eam

170 2399 393 2458 impertiri
428 2413 556 2458 posse
590 2399 998 2445 indiscriminatim
1032 2401 1089 2444 ab
1120 2400 1375 2446 ordinariis
1398 2400 1430 2445 ².

284 2565 293 2584 ¹
323 2566 550 2603 Passnnmus
576 2567 618 2603 de
642 2570 741 2604 statu
767 2568 898 2604 homin.
926 2568 966 2603 T.
993 2567 1056 2611 111,
1084 2577 1118 2613 p.
1148 2567 1226 2612 189,
1254 2572 1320 2604 art.
1353 2568 1407 2604 10.

283 2638 296 2658 ’
322 2639 561 2677 (ἷΑυοΕΝτιυε
589 2640 628 2677 Τ.
657 2641 683 2685 Ι,
709 2649 788 2687 cap.
817 2639 850 2684 4,
877 2639 963 2679 dub.
995 2641 1048 2678 11.
