2176 3386
509 211 638 239 Lmen
667 210 690 238 1.
723 210 777 238 DE
808 209 946 238 nenos
976 209 1209 238 eccm-:suti
1238 209 1565 238 SP1R1TUALIBUS
1876 197 1929 237 59

146 321 224 376 sit,
259 320 337 366 sed
368 319 431 365 ita
465 323 516 364 ut
536 307 766 365 contritio
786 318 1069 377 intelligatur
1100 316 1347 363 iustificare
1369 331 1476 362 cum
1500 318 1721 385 relatione
1754 318 1809 363 ad
1835 333 1929 363 me·

145 402 275 447 dium
318 415 398 446 seu
431 405 780 448 Sacramentum
823 401 879 446 ad
913 401 998 447 boc
1029 397 1255 446 divinitus
1287 400 1583 457 ordinatum,
1618 401 1750 446 cuius
1787 401 1928 446 susci·

148 486 300 544 piendi
333 486 548 530 voluntas
580 485 743 530 saltem
786 484 1031 543 implicite,
1068 498 1160 529 non
1200 484 1334 528 modo
1377 488 1559 529 tantum
1607 483 1843 528 communi
1878 487 1929 528 ut

148 575 310 614 votum
342 569 617 627 suscipiendi
642 569 726 614 alia
752 573 1060 623 sacramenta,
1087 567 1165 613 sed
1198 567 1332 612 modo
1355 566 1495 612 etiam
1533 567 1712 626 proprio
1745 567 1791 611 in
1815 567 1932 611 chri-

144 652 294 698 stiana
329 653 608 697 contritione
640 651 906 697 continetur
930 653 959 696 ¹.

267 737 367 782 7¹16.
405 735 628 782 Contritio
652 750 762 781 vero
794 735 1020 781 charitate
1055 737 1254 794 perfecta
1291 749 1382 779 non
1409 733 1656 794 requiritur
1687 739 1926 793 tamquam

148 818 404 864 necessaria
438 817 673 876 dispositio
696 822 747 862 ut
781 816 1091 876 poenitentiae
1126 820 1474 861 Sacramentum
1511 816 1597 860 rite
1633 814 1925 874 suscipiatur,

81 914 83 917 ’
147 914 256 946 vera
304 901 429 946 enim
476 900 582 945 licet
629 900 894 959 imperfecta
946 899 1163 945 contritio
1196 905 1242 945 et
1274 899 1422 945 cordis
1464 900 1706 944 conversio
1749 897 1926 956 concipi

144 989 286 1030 etiam
322 990 469 1044 potest
508 1000 565 1030 ex
602 986 776 1030 motixo
818 985 997 1029 timoris
1028 985 1128 1029 sine
1161 983 1331 1029 amoris
1365 982 1566 1039 motivo,
1603 997 1656 1028 ac
1692 995 1828 1027 verus
1860 987 1929 1027 est

143 1075 190 1114 et
225 1069 347 1113 utilis
379 1070 506 1114 dolor
538 1074 674 1128 atque
708 1070 763 1114 ad
798 1068 1171 1114 iustificationem
1209 1067 1254 1112 in
1289 1070 1587 1113 Sacramenta
1627 1065 1926 1111 obtinendam

146 1154 353 1213 proxima
388 1159 525 1213 atque
558 1153 792 1199 sufficiens
823 1153 1069 1212 dispositio.

264 1238 363 1282 717.
406 1237 606 1296 Denique
650 1251 707 1281 ex
741 1251 794 1281 eo
836 1237 955 1296 quod
999 1236 1215 1282 contritio
1258 1236 1317 1280 sit
1358 1235 1657 1280 absolutionis
1705 1233 1925 1289 conditio,

145 1322 367 1381 sequitur,
403 1336 504 1366 eam
540 1327 647 1366 ante
680 1321 1015 1366 absolutionem
1049 1334 1147 1366 esse
1179 1320 1480 1375 eliciendam,
1518 1324 1617 1378 post
1649 1318 1769 1363 hanc
1803 1317 1926 1362 enim

106 1386 113 1395 .
143 1405 294 1450 elicita
322 1419 412 1450 non
447 1405 636 1462 sufficit;
674 1420 729 1449 ex
763 1419 819 1449 eo
855 1419 962 1449 vero
995 1404 1114 1463 quod
1138 1404 1197 1448 sit
1230 1402 1422 1448 materia
1455 1400 1735 1447 sacramenti
1770 1413 1927 1445 conse-

145 1490 301 1548 quitur
332 1489 593 1534 sensibilem
639 1501 735 1533 esse
768 1488 932 1532 debere
981 1492 1117 1546 atque
1150 1488 1205 1531 ad
1239 1491 1582 1531 sacramentum
1628 1484 1776 1543 ipsum
1810 1483 1928 1528 ordi-

146 1578 320 1617 natam.

773 1715 790 1759 §
817 1716 849 1751 2.
877 1736 922 1739 -
948 1716 1007 1751 De
1033 1715 1296 1762 Confessione.

265 1823 364 1866 7218.
419 1822 569 1866 Altera
619 1820 931 1879 poenitentiae
983 1834 1085 1878 pars
1135 1825 1204 1865 est
1251 1818 1517 1875 Confessio,
1568 1832 1645 1863 seu
1695 1819 1929 1863 accusatio

142 1906 352 1950 omnium
386 1909 432 1949 et
464 1904 746 1962 singulorum
773 1908 1066 1961 peccatorum
1092 1903 1354 1948 mortalium
1384 1917 1500 1962 quae
1526 1906 1625 1962 post
1647 1902 1927 1961 baptismum

144 1987 389 2032 commissa
438 1991 574 2042 sunt,
611 1987 728 2031 tacta
781 1986 960 2044 proprio
1007 1985 1232 2032 sacerdoti
1275 1986 1330 2031 ad
1373 1985 1710 2031 absolutionem
1755 1984 1929 2030 virtute

144 2069 345 2114 clavium
379 2070 691 2115 obtinendam.
727 2072 782 2114 Ut
816 2072 928 2115 naec
961 2070 1112 2115 valida
1146 2071 1204 2115 sit
1238 2070 1484 2130 requiritur
1522 2071 1558 2127 l)
1588 2072 1637 2112 ut
1668 2069 1726 2114 sit
1759 2068 1924 2127 fid‹›1is;

144 2155 188 2209 Ξ)
216 2158 266 2197 ut
297 2153 355 2198 sit
387 2153 579 2211 integra.
625 2154 796 2197 Fidelis
827 2153 915 2198 erit
947 2153 981 2197 si
1017 2153 1306 2212 exprimatur
1339 2167 1520 2207 verum,
1558 2155 1747 2210 inteyra
1780 2152 1815 2198 si
1849 2167 1927 2198 ex·

146 2238 371 2296 primatur
404 2242 566 2282 totum.

265 2323 366 2366 719.
391 2325 526 2366 Porro
552 2324 645 2367 tota
663 2321 856 2367 fidelitas
881 2322 1129 2381 requiritur
1151 2322 1196 2366 in
1223 2322 1414 2367 materia
1441 2322 1715 2377 necessaria,
1742 2320 1927 2365 mentiri

144 2406 268 2451 enim
307 2405 353 2451 in
391 2405 580 2451 materia
616 2406 897 2460 necessaria,
935 2406 1032 2450 sive
1067 2407 1276 2465 negando
1311 2411 1551 2466 peecatum
1588 2406 1780 2450 mortale
1807 2405 1928 2464 quod

143 2489 441 2535 commissum
466 2493 551 2545 est,
572 2489 670 2534 sive
693 2491 936 2534 asserendo
957 2494 1195 2549 peccatum
1219 2503 1374 2548 grave,
1394 2489 1515 2549 quod
1534 2490 1706 2533 factum
1728 2502 1819 2533 non
1840 2492 1926 2544 est,

144 2578 214 2618 est
247 2577 487 2631 peccatum
521 2586 659 2630 grave
683 2577 729 2617 et
750 2578 1087 2632 consequenter
1108 2577 1271 2618 contra
1292 2572 1569 2617 sacramenti
1599 2571 1922 2616 substantiam.

148 2656 371 2702 Mentitur
391 2656 555 2716 aliquis
577 2671 687 2702 vero
711 2657 758 2701 in
783 2657 976 2702 materia
1012 2671 1103 2702 non
1139 2656 1413 2711 necessaria,
1439 2659 1520 2700 aut
1543 2655 1752 2713 negando
1786 2668 1830 2699 v.
1858 2669 1923 2712 gr.

149 2737 327 2783 veniale
359 2739 479 2798 quod
514 2740 686 2784 tactum
720 2744 815 2796 est,
850 2744 930 2784 aut
962 2739 1206 2785 asserendo
1240 2739 1422 2784 veniale
1466 2739 1585 2798 quod
1624 2739 1798 2782 factum
1834 2749 1926 2781 non

144 2826 240 2879 est,
277 2822 314 2867 si
346 2821 426 2867 fiat
460 2822 605 2880 primo
640 2823 774 2867 modo
808 2822 895 2867 erit
929 2828 1170 2881 peccatum
1206 2821 1387 2866 veniale
1419 2826 1466 2866 et
1498 2819 1754 2866 substantia
1777 2833 1926 2863 sacra-

146 2903 291 2949 menti
323 2903 560 2960 consistet,
594 2904 844 2949 dummodo
876 2909 1029 2949 cetera
1063 2904 1242 2961 adsint;
1287 2903 1322 2948 si
1356 2908 1512 2949 autem
1555 2903 1757 2949 secundo
1791 2902 1926 2947 modo

266 3080 273 3099 ¹
305 3081 339 3118 S.
367 3081 432 3117 Τιι.
460 3082 498 3118 in
525 3082 658 3129 stuppa,
685 3087 827 3129 quaest.
856 3082 910 3127 18,
938 3086 1004 3120 art.
1034 3083 1071 3126 1;
1098 3081 1242 3119 SuAnEz
1269 3081 1311 3117 de
1336 3082 1485 3125 Poenit„
1511 3081 1606 3129 disp.
1635 3081 1690 3124 17,
1714 3089 1803 3122 sect.
1829 3083 1863 3121 5.
