2176 3386
508 175 636 205 LIBER
667 177 691 204 1.
722 176 779 204 DE
810 176 948 205 REBL'S
978 176 1214 205 ECCLESIAE
1243 176 1569 205 SPIRITUALIBUS
1880 166 1934 206 83

144 282 326 326 terdum
360 282 695 338 conceduntur,
730 287 783 327 ut
813 282 954 328 etiam
988 283 1035 328 in
1058 284 1384 328 defunctorum
1419 282 1694 328 beneficium
1726 283 1930 342 impendi

141 367 331 423 queant,
365 365 483 424 quod
519 379 576 410 ex
610 364 869 423 apostolicis
900 365 1064 411 litteris
1095 370 1164 412 est
1198 366 1586 424 cognoscendum.

260 449 363 493 768.
399 448 685 507 indulgentia
717 449 853 494 datur
884 449 1089 495 subiecto
1121 449 1297 508 capaci,
1332 449 1508 495 scilicet
1539 450 1797 508 baptizato,
1836 465 1928 496 non

141 531 563 588 excommunicato,
599 536 645 577 et
676 532 873 588 subdito,
909 548 967 578 ex
999 533 1130 578 cuius
1164 538 1291 592 parte
1325 533 1602 592 requiritur,
1638 538 1688 577 ut
1722 533 1930 580 iniuncta

141 615 388 674 adimpleat
419 630 584 674 opera,
631 619 678 660 et
709 616 871 661 saltem
905 617 1120 662 ultimum
1154 629 1268 674 opus
1310 616 1620 674 coniungatur
1663 630 1770 662 cum
1803 621 1926 662 statu

140 698 329 757 gratiae.
366 703 466 744 Non
502 713 630 758 posse
662 704 818 745 autem
853 714 933 758 per
965 713 1122 758 preces
1156 700 1245 744 iam
1270 699 1561 757 obligatorias
1593 699 1804 745 satisfieri
1830 715 1927 759 pre-

140 781 268 827 cibus
299 796 323 827 a
357 785 545 827 Summo
578 782 799 828 pontifice
842 782 1133 841 praescriptis
1174 782 1230 827 ad
1273 782 1543 828 lucrandam
1590 782 1927 841 Indulgentiam

141 865 392 924 plenariam
417 867 669 911 declaravit
695 867 1028 924 S.Congr.1nd.
1056 866 1102 910 in
1130 866 1335 910 Briocen.
1361 867 1416 910 29
1437 865 1544 910 maii
1573 866 1699 912 1841.
1733 866 1926 919 Quando

140 964 250 995 vero
283 950 339 994 ad
373 949 684 1007 Indulgentias
716 949 958 995 lucrandas
993 948 1318 1007 praescribitur
1349 948 1495 993 oratio
1540 963 1619 1007 pro
1653 949 1744 993 fine
1776 948 1926 994 deter-

138 1033 313 1078 minato
347 1046 392 1077 v.
421 1047 461 1088 g.
497 1033 806 1090 extirpatione
841 1033 1097 1087 haereseos,
1136 1046 1227 1076 non
1265 1031 1514 1091 requiritur
1549 1032 1748 1077 intentio
1782 1032 1925 1091 expli-

139 1115 229 1161 cita
252 1130 466 1175 expressa
489 1115 678 1175 singulis
701 1115 895 1172 vicibUS,
920 1116 997 1161 sed
1021 1115 1189 1161 sufficit
1213 1115 1457 1160 habitualis
1481 1120 1526 1159 et
1550 1116 1922 1174 interpretativa.

137 1201 347 1244 Ceterum
384 1199 697 1256 Indulgentiae
732 1213 811 1256 pro
844 1198 994 1257 aliqua
1027 1197 1280 1243 festivitate
1304 1211 1565 1252 concessae,
1594 1198 1679 1243 nisi
1705 1198 1826 1243 aliud
1850 1213 1928 1243 ex-

138 1297 289 1343 presse
323 1283 546 1328 habeatur
572 1282 619 1327 in
643 1282 847 1338 indultis,
884 1281 1113 1341 incipiunt
1134 1296 1160 1327 a
1185 1281 1333 1326 media
1359 1286 1493 1326 nocte
1516 1285 1563 1327 et
1586 1282 1756 1326 durant
1781 1296 1924 1341 usque

137 1366 193 1412 ad
226 1365 424 1411 mediam
461 1370 644 1410 noctem
679 1365 1001 1424 insequentem
1027 1364 1058 1408 ¹.

255 1449 357 1493 769.
393 1447 585 1502 Quando
609 1450 825 1492 Summus
851 1446 1061 1492 Pontifex
1089 1445 1423 1504 indulgentiam
1443 1445 1696 1505 quamlibet
1713 1446 1926 1491 concedit

137 1530 242 1575 Urbi
276 1535 322 1575 et
353 1530 490 1587 Orbi,
536 1535 586 1574 ut
618 1530 772 1574 fideles
816 1530 955 1574 talem
991 1528 1329 1587 indulgentiam
1376 1527 1421 1572 in
1462 1527 1602 1572 variis
1642 1528 1927 1573 dioecesibus

136 1613 303 1659 lucrari
339 1613 540 1672 possint,
586 1627 679 1658 non
724 1612 972 1672 requiritur
1015 1617 1065 1656 ut
1098 1612 1210 1656 haec
1251 1610 1536 1669 indulgentia
1579 1611 1637 1656 ab
1669 1611 1924 1656 Ordinariis

136 1697 341 1742 locorum
378 1696 719 1755 promulgetur,
764 1696 842 1740 sed
875 1694 1041 1740 sufficit
1080 1699 1129 1738 ut
1162 1695 1317 1739 fideles
1358 1694 1470 1739 certi
1505 1694 1598 1739 sint
1641 1694 1923 1752 praedictam

135 1780 471 1838 Indulgentiam
506 1794 531 1825 a
566 1782 754 1824 Summo
790 1778 1008 1824 pontifice
1044 1778 1180 1823 fuisse
1214 1791 1481 1823 concessam
1506 1776 1538 1822 ².

255 1862 356 1907 770.
393 1862 549 1916 Quoad
588 1876 695 1906 vero
728 1861 1040 1919 Indulgentias
1073 1860 1263 1916 locales,
1299 1875 1416 1920 quae
1449 1860 1632 1905 cuidam
1671 1860 1770 1905 loco
1804 1875 1844 1905 e.
1881 1875 1922 1919 g.

134 1945 371 2000 ecclesiae,
407 1944 558 1999 altari,
593 1945 858 2003 affiguntur,
893 1944 1179 2003 expectanda
1214 1943 1302 1988 erit
1335 1942 1581 2002 publicatio
1603 1943 1852 2000 Ordinarii,
1879 1949 1925 1989 et

135 2028 232 2072 eius
266 2027 535 2086 recognitio,
572 2032 623 2072 ut
656 2027 810 2073 fideles
842 2028 992 2072 sciant
1023 2042 1082 2072 an
1116 2027 1209 2072 sint
1243 2027 1558 2084 Indulgentiae
1595 2028 1826 2086 plenariae
1851 2029 1924 2073 vel

136 2111 366 2170 partiales,
401 2115 447 2156 et
478 2125 595 2170 quae
627 2111 721 2156 sint
753 2110 1042 2156 conditiones
1073 2111 1331 2167 assignatae
1363 2111 1418 2155 ad
1443 2110 1541 2155 illas
1563 2110 1866 2170 acquirendas
1888 2113 1921 2157 ⁸.

139 2195 293 2239 Relate
325 2194 382 2239 ad
415 2194 705 2239 conditiones
736 2194 792 2239 ad
825 2194 1068 2239 lucrandas
1102 2193 1414 2252 indulgentias
1448 2193 1724 2254 requisitae,
1762 2199 1925 2240 notan·

135 2277 243 2322 dum
277 2281 376 2332 est,
423 2277 585 2321 harum
619 2277 970 2321 concessionum
1012 2276 1196 2321 initium
1243 2290 1268 2321 a
1302 2276 1374 2321 die
1407 2277 1656 2334 petendum
1692 2290 1789 2322 esse
1834 2291 1924 2337 quo

135 2358 444 2405 concessionis
475 2359 654 2404 litterae
687 2359 820 2404 datae
854 2360 1068 2416 fuerunt,
1115 2373 1207 2404 non
1240 2359 1298 2404 ab
1330 2374 1383 2404 eo
1424 2373 1514 2418 quo
1558 2360 1735 2416 publice
1774 2361 1927 2406 Indul-

134 2442 287 2500 gentia
321 2442 605 2500 proponitur.
644 2442 931 2500 Indulgentia
966 2456 1076 2487 vero
1108 2442 1243 2487 alicui
1279 2443 1394 2488 festo
1427 2442 1626 2500 alligata,
1667 2447 1815 2502 potest
1847 2443 1924 2487 ad-

133 2526 252 2586 quiri
284 2526 373 2572 alio
405 2526 495 2582 die,
530 2526 586 2571 ad
608 2540 745 2586 quem
773 2525 1040 2571 solemnitas
1072 2530 1117 2571 et
1140 2525 1345 2571 exterior
1365 2526 1612 2571 celebratio
1638 2526 1741 2571 festi
1776 2531 1925 2572 trans·

136 2609 325 2664 seratur,
362 2622 454 2653 non
490 2623 602 2654 vero
635 2608 671 2653 si
704 2613 887 2653 tantum
922 2608 1133 2654 Officium
1167 2623 1273 2653 cum
1309 2608 1444 2654 Missa
1480 2609 1804 2655 transfertur⁸.

260 2830 269 2849 ¹
301 2830 336 2866 S.
366 2829 403 2866 C.
432 2830 574 2876 Indulg.
603 2831 637 2866 in
666 2831 838 2867 Geneven.
868 2830 911 2865 ¹2
939 2830 1009 2865 ian.
1039 2830 1139 2866 1878.
1168 2829 1317 2865 Collect.
1346 2839 1380 2864 n.
1411 2828 1514 2864 1026.

255 2902 266 2920 ¹
295 2901 330 2940 S.
357 2902 394 2938 C.
422 2902 565 2948 Indulg.
594 2902 610 2937 1
641 2901 702 2938 iul.
732 2901 832 2937 1839.
860 2901 1008 2938 Collect.
1036 2911 1072 2937 n.
1100 2901 1202 2937 1017.

255 2974 266 2992 ³
294 2973 329 3010 S.
357 2973 394 3010 C.
423 2973 563 3019 Indulg.
591 2974 629 3010 in
656 2974 908 3019 Rhotomaqen.
935 2973 978 3009 51
1005 2983 1091 3018 aug.
1121 2972 1223 3008 1844.

254 3043 268 3063 '⁸
295 3045 328 3081 S.
355 3044 392 3081 C.
420 3044 563 3089 Indulg.
590 3045 612 3082 9
638 3054 721 3090 aug.
751 3045 853 3081 1852.
879 3044 1029 3081 Collect.
1058 3054 1094 3081 n.
1125 3044 1226 3081 1020.
