2176 3386
506 0 661 33 save*

516 153 645 182 LIBER
673 153 697 182 1.
735 153 791 181 DE
822 151 958 181 REBUS
987 152 1224 180 ECCLESIAE
1253 151 1583 181 SPIRITUALIBUS
1895 141 1942 181 11

159 260 290 306 iuxta
322 274 482 306 eorum
515 259 696 305 ritualia
729 260 965 318 baptizant
998 258 1165 314 valide,
1202 258 1407 303 validum
1447 259 1731 304 censendum
1765 263 1834 304 est
1867 260 1942 304 ba-

161 344 341 403 ptisma.
378 343 506 397 Quod
538 343 574 388 si
608 343 796 388 dubium
832 342 1061 401 persistat,
1087 341 1226 386 etiam
1263 340 1309 386 in
1336 341 1484 400 primo
1517 355 1626 388 casu
1658 343 1943 388 censendum

156 431 228 471 est
259 425 463 471 validum
500 425 742 484 baptisma,
778 425 823 470 in
857 424 1016 470 ordine
1049 425 1104 468 ad
1142 410 1428 469 validitatem
1468 425 1770 470 matrimonii.
1823 427 1865 483 5)
1901 422 1952 470 si'

155 512 313 553 autem
347 513 473 553 certo
505 513 810 566 cognoscatur
842 508 1020 552 nullum
1057 507 1279 567 baptisma
1315 522 1372 552 ex
1406 507 1740 553 consuetudine
1774 508 1943 554 actuali

161 592 280 637 illius
313 596 484 643 sectae,
521 593 697 637 nullum
731 596 800 637 est
833 592 1201 637 matrimonium.

280 675 380 720 651.
420 677 502 719 Pro
538 673 774 719 Hollandia
811 674 970 719 eadem
1006 677 1047 718 S.
1083 678 1222 732 Cong.
1261 678 1303 718 S.
1343 678 1470 733 lnqu.
1512 673 1584 718 die
1619 675 1643 719 ὅ
1678 675 1791 719 febr.
1832 675 1939 719 1851

160 756 414 815 rescripsit:
462 758 726 802 Generatim
763 757 988 816 loquendo
1021 758 1096 816 qui
1133 757 1177 801 in
1212 757 1450 801 Hollandia
1499 762 1841 801 convertuntur
1887 759 1942 803 ad

155 836 430 882 catholicam
483 835 635 891 tidem,
674 836 906 881 habendos
953 851 1051 881 esse
1092 852 1148 881 ex
1183 837 1332 896 capite
1367 836 1655 895 baptismatis
1703 842 1942 896 tamquam

160 919 308 964 valide
351 919 646 977 coniugatos,
683 919 768 965 nisi
804 922 920 964 forte
964 926 1088 965 certe
1121 925 1167 965 61
1200 920 1443 965 evidenter
1490 924 1671 965 constet
1713 920 1758 964 in
1792 920 1944 980 aliquo

158 1018 266 1048 casu
317 1003 607 1062 particulari,
647 1004 926 1049 haereticum
962 1005 1016 1049 de
1049 1018 1138 1064 quo
1186 1004 1338 1061 agitur
1372 1004 1509 1049 fuisse
1547 1018 1707 1049 revera
1759 1004 1946 1048 nulliter

157 1088 456 1146 baptizatum,
482 1088 558 1132 sed
581 1091 841 1142 Oratorem,
862 1087 1042 1147 quoties
1064 1092 1317 1132 occurrunt
1334 1101 1467 1133 casus
1491 1086 1790 1146 particulares
1808 1086 1944 1131 huius

155 1171 358 1230 generis,
396 1184 629 1215 recurrere
662 1171 827 1215 debere
869 1185 974 1215 cum
1009 1171 1296 1229 expositione
1340 1171 1549 1215 omnium
1583 1170 1775 1214 omnino
1809 1183 1941 1216 casus

158 1253 616 1300 circumstantiarum
660 1254 716 1298 ad
761 1258 802 1299 S.
845 1255 1032 1309 Sedem,
1073 1258 1119 1299 et
1161 1255 1296 1299 detur
1338 1255 1574 1299 decretum
1618 1252 1940 1298 authenticum

158 1340 241 1384 fer.
279 1342 335 1382 IV
368 1338 455 1382 diei
496 1339 545 1382 17
582 1352 689 1382 nov.
733 1338 843 1382 1850
876 1353 898 1381 a
934 1351 968 1382 s.
1008 1353 1069 1382 m.
1110 1338 1184 1382 Pio
1220 1342 1337 1396 Papa
1368 1340 1464 1383 tht
1497 1336 1818 1395 approbatum.

278 1423 377 1467 6502.
418 1422 477 1467 Ad
520 1422 785 1480 Episcopum
837 1423 1182 1466 Harlemensem
1228 1422 1269 1464 S.
1306 1421 1392 1465 off.
1436 1422 1460 1465 6
1494 1435 1589 1478 apr.
1632 1419 1742 1464 ‘1859
1784 1419 1942 1464 rescri-

160 1507 246 1564 psit
272 1507 308 1550 ¹:
349 1526 367 1546 a
396 1505 655 1550 Secundum
680 1505 868 1549 dubium
894 1505 948 1549 de
974 1504 1311 1549 haereticorum
1347 1503 1570 1561 baptismo
1595 1502 1767 1547 cietur:
1812 1503 1845 1558 1)
1876 1505 1942 1546 An

158 1589 371 1648 baptizati
407 1590 464 1633 ab
498 1588 739 1633 haereticis
786 1589 1040 1647 promiscue
1081 1588 1173 1632 sint
1206 1588 1290 1631 sub
1333 1587 1596 1632 conditione
1646 1586 1945 1644 baptizandi?

159 1676 226 1718 An
267 1674 428 1718 saltem
474 1673 567 1727 illi,
602 1686 715 1731 quos
754 1687 844 1717 non
896 1677 1078 1717 constat
1112 1672 1156 1716 in
1194 1670 1455 1730 particulari
1494 1670 1641 1714 valide
1691 1669 1944 1728 baptizatos

159 1758 330 1802 fuisse?
366 1759 426 1803 Ad
463 1762 709 1816 utrumque
744 1761 790 1802 61
821 1757 908 1802 alia
942 1756 1107 1802 similia
1141 1756 1190 1800 tit
1224 1756 1334 1801 satis
1368 1770 1447 1814 per
1481 1754 1805 1799 resolutionem
1843 1757 1939 1799 Sac.

157 1845 319 1899 Congr.
356 1844 521 1896 Cone,
559 1841 629 1885 cui
675 1841 1017 1898 obsequendum
1062 1854 1159 1884 csse
1200 1839 1360 1898 probat
1405 1838 1568 1883 Bened.
1607 1841 1703 1882 XIV
1738 1838 1793 1881 de
1828 1841 1939 1896 Syn.

158 1925 185 1969 l.
223 1926 265 1980 7,
301 1940 342 1969 c.
379 1926 421 1981 6,
460 1939 503 1969 n.
542 1926 585 1979 7,
622 1924 693 1969 die
727 1926 780 1969 27
819 1924 970 1968 martii
1010 1924 1150 1969 1685:
1204 1926 1270 1967 An
1306 1927 1351 1967 et
1386 1922 1431 1967 in
1460 1922 1624 1982 quibus
1656 1921 1836 1966 casibus
1869 1923 1942 1966 ba-

159 2009 314 2067 ptizati
349 2009 405 2053 ab
440 2008 681 2053 haereticis
714 2008 910 2052 debeant
943 2009 1026 2052 suh
1048 2007 1313 2052 conditione
1349 2006 1638 2064 rebaptizari,
1665 2006 1699 2050 si
1726 2007 1780 2050 ad
1806 2006 1940 2050 tidem

157 2093 432 2137 catholicam
468 2093 838 2136 convertantur?
875 2092 1150 2149 Respondit:
1189 2105 1280 2135 non
1316 2103 1414 2135 esse
1450 2084 1816 2148 rebaptizandos,
1857 2088 1939 2133 nisi

157 2177 275 2221 adsit
307 2176 494 2220 dubium
539 2175 840 2220 invaliditatis
874 2175 1104 2233 baptismi.
1158 2178 1313 2234 ltaque
1363 2174 1620 2218 luculenter
1666 2177 1811 2231 patet,
1852 2187 1941 2217 non

159 2272 373 2317 praeceps
422 2272 505 2302 nec
550 2262 724 2303 temere
759 2258 1036 2317 baptismum
1087 2258 1347 2302 iterandum
1383 2269 1505 2312 esse,
1541 2256 1617 2300 sed
1664 2256 1709 2299 in
1754 2254 1943 2312 singulis

158 2341 338 2387 casibus
370 2342 575 2399 diligenti
612 2341 822 2386 instituto
855 2341 1072 2386 examine
1105 2355 1129 2385 a
1166 2340 1357 2385 testibus
1390 2339 1476 2384 tide
1509 2339 1685 2397 dignis,
1722 2338 1758 2382 si
1792 2352 1942 2396 reper-

160 2430 257 2469 tum
293 2425 429 2469 fuerit
463 2440 516 2470 eo
551 2425 634 2469 loci
662 2425 810 2470 valide
845 2425 1061 2484 baptizari
1086 2423 1398 2478 consuevisse,
1424 2422 1811 2482 acquiescendum
1835 2421 1939 2478 erit;

160 2508 195 2554 si
233 2523 339 2554 vero
373 2509 521 2553 adhuc
555 2509 785 2567 probabile
818 2509 1054 2554 dubitandi
1092 2508 1320 2553 motivum
1357 2507 1598 2565 supererit,
1624 2509 1723 2549 tum
1748 2519 1942 2550 conver·

159 2606 235 2637 sus
282 2592 639 2651 rebaptizabitur
670 2593 754 2636 suh
785 2593 1066 2637 conditione.
1120 2595 1198 2636 Ast
1233 2591 1367 2635 huius
1402 2589 1571 2647 negotii
1616 2588 1836 2633 iudicium
1870 2588 1940 2633 cui

160 2676 579 2721 committendum?
622 2676 687 2720 Ad
720 2676 805 2721 hoc
838 2675 958 2735 quod
992 2674 1128 2719 tertio
1170 2675 1267 2719 loco
1302 2673 1658 2731 proponebatur,
1692 2672 1939 2716 dicendum

159 2766 228 2804 est
260 2774 388 2818 posse
426 2759 694 2819 Episcopum
731 2759 999 2817 regulariter
1032 2759 1284 2818 loquendo,
1322 2758 1366 2801 in
1402 2757 1583 2802 casibus
1623 2756 1696 2800 ubi
1743 2769 1833 2800 non
1870 2769 1941 2798 ur·

160 2848 263 2902 geat
296 2844 544 2888 necessitas
577 2848 623 2888 61
654 2843 766 2891 alias
798 2858 822 2888 a
858 2844 956 2887 iure
993 2857 1084 2887 non
1118 2842 1335 2897 delinitis,
1373 2841 1456 2886 sibi
1492 2855 1730 2886 reservare
1752 2841 1843 2884 tale
1877 2839 1942 2883 iu·

279 3024 288 3042 ¹
317 3024 468 3062 Collect.
496 3034 531 3061 n.
561 3024 641 3060 654.
