2176 3386
837 227 968 256 Lmen
995 227 1020 255 1.
1051 226 1108 255 DE
1137 226 1334 256 CLERlcls
1899 217 1982 258 339

192 333 372 378 lehi-ant
401 333 550 378 officia
585 337 763 379 vestem
798 334 990 379 talarem
1038 333 1248 393 nigrique
1287 333 1452 378 eoloris
1498 333 1780 392 praecipitur
1804 335 1834 378 ¹.
1871 337 1978 379 Cae-

193 421 343 461 terum
376 430 493 476 quae
525 415 619 461 sint
649 415 833 461 laicales
866 421 1019 462 vestes
1049 430 1104 461 ac
1137 416 1191 461 de
1233 415 1432 461 clericali
1483 415 1641 461 habitu
1686 416 1807 474 leges
1854 418 1974 462 ferre

195 499 518 558 Episcoporum
552 503 622 544 est
643 499 677 543 ².
727 504 877 554 Quare
920 499 1126 558 inspecta
1166 499 1308 545 etiam
1342 499 1529 544 historia
1563 500 1860 558 legislationis
1903 515 1978 545 ca-

138 599 141 601 ·
193 582 388 628 nonicae
419 582 538 628 circa
577 587 726 627 vestes
757 596 782 627 a
814 581 992 627 clericis
1041 581 1294 627 induendas
1338 584 1422 627 hoc
1473 582 1569 626 erui
1617 587 1765 641 polest
1812 597 1977 641 nempe

195 668 233 722 1)
272 667 524 712 Ecclesiam
555 679 737 723 semper
767 668 992 722 optavisse
1026 671 1075 709 ut
1105 666 1265 710 clerici
1294 667 1436 710 etiam
1470 668 1521 710 in
1553 668 1777 710 exteriori
1815 665 1978 711 [tabita

189 750 485 807 singularem
509 749 780 794 modestiam
812 748 1188 805 praeseferrent;
1224 750 1265 804 2)
1305 755 1354 793 at
1387 751 1436 793 in
1470 749 1863 794 determinatione
1895 749 1977 794 lia-

189 834 308 878 bitas
341 839 391 877 ut
419 833 683 890 plurimum
717 833 963 876 dioeceseos
995 846 1106 876 usas
1127 838 1168 876 et
1188 834 1455 876 Antistitam
1478 833 1665 877 decreta
1688 834 1978 878 attendenda

188 923 313 962 sunt.
349 916 507 962 Clerici
543 915 745 960 minores
779 929 869 960 non
903 915 1164 960 drferentes
1215 914 1421 959 habitum
1463 918 1510 959 et
1556 919 1794 959 tonsuram
1846 914 1975 960 iuxta

191 999 459 1044 hodiernam
493 998 782 1057 disciplinam
815 1013 840 1043 a
874 1003 995 1043 statu
1030 997 1228 1043 clericali
1261 998 1480 1043 decidunt
1511 1012 1565 1042 ac
1602 1002 1837 1057 tamquam
1875 997 1978 1043 laici

188 1088 299 1128 sunt
331 1081 666 1127 considerandi.
704 1085 745 1127 S.
781 1085 827 1127 C.
868 1081 1180 1126 lmmunitatis
1218 1081 1274 1125 20
1308 1084 1429 1139 Sept.
1461 1081 1572 1124 1860
1605 1080 1847 1125 decretum
1887 1079 1979 1124 edi·

189 1165 256 1210 dit
288 1166 410 1209 iussu
445 1165 507 1209 Pii
545 1168 616 1219 ix,
652 1178 742 1224 quo
773 1168 999 1209 statutum
1034 1169 1101 1208 est
1135 1165 1325 1208 clericos
1350 1163 1395 1208 in
1422 1163 1676 1209 minoribus
1700 1163 1979 1208 constitutos

189 1249 288 1295 sive
321 1249 588 1307 coniugatos
621 1248 718 1293 sive
750 1248 947 1292 ‹zm-libes
979 1249 1119 1292 semel
1152 1261 1205 1292 ac
1239 1247 1527 1293 conditiones
1562 1261 1651 1292 non
1677 1246 1974 1291 servaverint

188 1348 213 1378 a
247 1335 383 1378 Conc.
421 1332 687 1377 Tridentino
720 1336 917 1376 statutas
950 1331 964 1355 ⁸
1000 1345 1079 1391 pro
1116 1330 1351 1389 privilegio
1387 1330 1471 1375 l'ori
1506 1330 1601 1389 ipso
1641 1332 1769 1376 facto
1808 1330 1979 1390 absque

190 1415 279 1460 ulla
314 1414 496 1474 praevia
532 1414 787 1460 monitione
820 1414 974 1459 omnia
1008 1414 1094 1459 alia
1130 1413 1366 1472 privilegia
1391 1412 1665 1458 clericorum
1692 1412 1910 1457 amittere
1933 1417 1977 1457 el

191 1497 547 1543 considerandos
579 1511 678 1542 esse
699 1502 745 1542 et
767 1498 1032 1542 tractandos
1054 1512 1137 1542 ccu
1164 1510 1380 1556 personas
1405 1511 1529 1541 inere
1554 1496 1750 1540 laicales.
1784 1495 1971 1540 Etiamsi

189 1582 301 1626 haec
322 1581 557 1640 dispositio
580 1582 671 1627 lata
696 1582 908 1626 videatur
926 1595 1005 1640 pro
1022 1581 1196 1625 ditione
1222 1580 1460 1640 temporali
1480 1579 1736 1634 Pontilicia‚
1757 1583 1966 1623 attamen

191 1679 297 1710 cum
331 1666 490 1710 eadem
525 1665 669 1710 subsit
701 1678 837 1710 causa
870 1665 967 1710 vim
1001 1664 1111 1723 legis
1145 1665 1418 1709 universalis
1457 1664 1625 1708 habere
1657 1662 1851 1707 dicenda
1885 1665 1969 1707 est.

307 1749 408 1792 429.
444 1748 604 1794 Clerici
639 1754 794 1793 autem
831 1747 1026 1793 maiores
1058 1748 1133 1807 qui
1171 1747 1376 1792 habitum
1400 1753 1446 1791 et
1471 1752 1708 1792 tonsuram
1735 1760 1825 1790 non
1850 1746 1973 1791 defe-

189 1835 310 1886 rant,
330 1832 387 1876 al)
409 1830 624 1889 Episcopo
640 1834 815 1889 etiamp
834 1832 979 1876 ublieo
1002 1832 1145 1876 edicto
1170 1837 1443 1884 monentai·;
1468 1830 1578 1874 ltine
1601 1831 1658 1876 ab
1680 1831 1861 1885 ordine,
1884 1831 1977 1890 osli-

187 1917 256 1960 cio
287 1922 328 1960 et
359 1916 574 1975 beneficio
607 1916 975 1973 suspenduntur,
1001 1918 1048 1959 et
1070 1915 1257 1959 tandem
1291 1915 1460 1958 eisdem
1483 1914 1642 1973 officiis
1669 1928 1724 1959 ae
1747 1914 1979 1972 beneficiis

186 2001 377 2055 privari
404 2005 594 2056 possunt
617 1999 647 2043 ¹⁸.
677 1998 831 2044 Sixtns
855 2002 891 2043 V
926 1999 969 2043 in
1006 1998 1338 2043 constitutione
1376 2019 1394 2039 α
1427 2000 1537 2042 Cam
1573 2000 1934 2043 sacrosanctum
1955 2014 1973 2035 n

188 2084 413 2125 statuerat
447 2085 496 2124 ut
529 2081 681 2127 clerici
715 2095 807 2126 non
843 2082 1109 2126 incedentes
1143 2083 1189 2127 in
1223 2081 1383 2127 habitu
1421 2081 1548 2126 talari
1593 2082 1835 2125 incurrant
1876 2080 1972 2138 ipso

189 2163 310 2208 facto
345 2163 653 2219 privationem
689 2163 1036 2219 beneficiorum,
1074 2164 1437 2222 praestationum
1485 2168 1623 2224 atque
1675 2163 1968 2223 pensionum.

189 2249 239 2290 In
271 2247 358 2292 alia
391 2247 722 2292 constitutione
755 2263 779 2292 a
813 2248 904 2293 lata
937 2249 1034 2306 lege
1066 2248 1256 2293 clericos
1295 2247 1492 2293 exclusit
1533 2247 1815 2305 possidentes
1862 2260 1971 2304 pen-

188 2329 364 2375 sionem
400 2345 492 2375 non
526 2332 829 2375 excedentem
863 2345 1095 2376 summam
1137 2332 1193 2376 60
1241 2335 1527 2382 scutatorum
1562 2331 1617 2375 «le
1650 2344 1851 2385 camera,
1890 2343 1974 2374 nec

191 2426 282 2457 non
317 2413 566 2459 familiares
596 2415 673 2474 qui
707 2414 885 2459 ratione
919 2415 1054 2459 officii
1103 2415 1311 2459 habitum
1364 2414 1622 2459 clericalem
1671 2418 1849 2471 gestare
1883 2426 1975 2457 non

189 2499 422 2541 tenentur.
463 2499 631 2542 Verum
666 2497 844 2543 Sixtina
877 2498 1149 2543 constitutio
1184 2503 1233 2542 ut
1265 2512 1400 2557 supra
1434 2497 1608 2542 dictum
1642 2502 1713 2541 est
1745 2496 1789 2540 in
1817 2497 1974 2540 desue-

187 2579 396 2625 tudinem
430 2580 556 2625 abiit.
595 2581 866 2626 Benedictus
900 2585 996 2626 XIII
1021 2582 1035 2605 ⁵
1069 2581 1277 2626 decrevit
1315 2581 1556 2640 Episcopos
1589 2586 1750 2625 contra
1786 2580 1977 2625 clericos

309 2723 319 2742 ²
345 2723 480 2761 Bened.
510 2724 608 2762 XlV.
635 2725 687 2761 De
714 2725 855 2770 synodo
883 2726 991 2762 dioec.
1018 2725 1041 2761 l.
1069 2725 1131 2770 XI,
1161 2726 1245 2771 Cap.
1272 2725 1306 2761 8.

307 2793 319 2812 ’
346 2794 455 2831 Cone.
482 2795 578 2832 Trid.
606 2806 694 2833 sess.
726 2797 822 2841 XIV,
849 2807 931 2843 cap.
950 2797 999 2835 VI
1027 2798 1072 2833 de
1100 2798 1176 2834 Rei.

309 2864 321 2884 ³
348 2866 459 2903 Cone.
485 2867 582 2904 Trid.
609 2877 688 2914 cap.
707 2867 771 2912 Vl,
790 2878 881 2909 sess.
909 2868 1034 2905 XXIII
1062 2869 1106 2905 de
1135 2868 1209 2905 Rei.

305 2935 320 2956 ⁸
345 2937 455 2975 Conc.
486 2939 582 2976 Trid.
609 2949 688 2986 cap.
715 2940 776 2983 Vl,
796 2951 889 2977 sess,
914 2941 1002 2978 XIV
1021 2941 1065 2977 de
1084 2941 1345 2977 reformatione
1366 2941 1428 2977 ubi
1448 2940 1710 2978 constitutione
1730 2939 1841 2975 Cone.
1864 2938 1976 2974 Vien-

189 3008 315 3043 nensis
342 3015 540 3046 renovatur
565 3019 660 3056 quae
687 3011 841 3047 refertur
868 3011 906 3047 In
925 3020 1004 3056 cap.
1032 3011 1065 3054 2,
1093 3012 1144 3047 lit.
1174 3011 1205 3055 1,
1233 3010 1295 3046 lib.
1315 3011 1336 3046 5
1363 3011 1478 3047 Clem.

307 3079 320 3099 ⁸
346 3079 470 3118 Const.
496 3082 624 3128 Apost.
649 3083 745 3120 Eccl.
771 3084 899 3129 reqim.
