2176 3386
765 200 895 229 Lmen
923 201 948 229 1.
979 201 1036 229 DE
1065 201 1258 230 eunucis
1849 195 1915 250 67*

121 305 336 351 resident.
371 306 412 363 b)
446 305 573 360 Quod
601 304 908 349 confirmatur
924 305 1031 364 quia
1056 305 1175 351 iliius
1197 310 1266 350 est
1288 306 1501 352 ordinare
1525 308 1580 353 ad
1598 308 1739 354 finem
1774 310 1904 355 cuius

120 393 189 435 est
220 389 456 447 imponere
487 388 629 434 tinem
662 388 729 433 uti
763 388 980 434 diximus.
1023 388 1066 434 Si
1108 395 1272 448 agatur
1302 391 1358 435 de
1389 382 1612 437 societate
1644 393 1902 438 necessaria

119 471 223 516 finis
242 471 496 530 imponitur
519 486 548 517 a
572 474 675 516 iure
697 472 1016 528 praevalente,
1038 472 1074 516 si
1097 472 1152 517 de
1174 474 1397 518 societate
1417 474 1676 520 voluntaria
1699 475 1804 521 finis
1827 490 1903 522 ne-

118 554 305 600 cessitas
337 554 635 614 consequitur
656 569 711 599 em
735 555 1016 612 obliquatione
1038 569 1175 615 quam
1201 555 1340 602 iibere
1363 557 1473 602 socii
1509 558 1765 616 suscipiunt
1796 573 1902 603 con-

117 638 335 698 sequendi
360 638 516 683 finem.
554 643 648 683 iam
682 637 727 682 in
768 639 988 683 societate
1011 640 1267 684 necessaria
1303 653 1516 698 suprema
1550 642 1802 687 auctoritas
1830 644 1903 687 vel

119 722 214 766 iure
242 721 536 780 praevalente
558 721 812 779 designata,
843 721 914 766 vel
948 722 1092 766 eiecta
1126 735 1150 766 a
1187 722 1500 778 multitudine,
1527 706 1597 767 ius
1632 725 1902 782 praevalens

117 810 167 850 ut
199 805 261 850 ita
303 805 451 850 dicam
487 809 818 863 repraesentat,
854 818 906 849 ac
941 804 1130 850 nomine
1163 805 1275 850 iuris
1319 807 1630 863 praevalentis
1668 807 1770 852 finis
1793 823 1900 853 eon·

115 888 400 935 secutionem
428 893 573 946 urget.
613 892 675 932 Ita
704 889 748 932 in
775 888 996 933 societate
1020 889 1281 934 voluntaria
1306 895 1376 934 est
1397 903 1608 948 suprema
1633 892 1898 947 auctoritaS,

116 972 162 1016 in
190 986 279 1031 qua
303 971 472 1016 residet
503 970 589 1026 ius,
624 971 744 1029 quod
777 985 834 1015 ex
872 976 1004 1030 pacto
1036 971 1190 1017 sociali
1225 973 1538 1031 consequitur,
1574 988 1664 1033 quo
1695 974 1803 1019 socii
1844 975 1899 1019 ad

116 1055 252 1100 finem
292 1055 631 1113 compelluntur
665 1055 693 1098 ¹.
744 1055 946 1099 Tandem
979 1055 1056 1114 qui
1093 1055 1328 1114 praecipit,
1364 1061 1544 1114 oportet
1587 1062 1637 1101 ut
1669 1057 1728 1101 sit
1761 1071 1897 1117 supra

116 1139 242 1184 illum
267 1139 313 1183 in
337 1153 474 1198 quem
509 1138 630 1184 cadit
664 1143 978 1197 praeceptum,
1004 1139 1129 1198 atqui
1164 1141 1236 1184 iex
1271 1145 1339 1184 est
1370 1145 1661 1199 praeceptum
1683 1141 1727 1185 in
1756 1146 1896 1186 totam

114 1222 517 1277 communitatem,
544 1236 649 1280 ergo
675 1222 903 1280 legislator
925 1227 994 1267 est
1016 1223 1091 1281 qui
1126 1237 1294 1267 earam
1329 1223 1462 1268 habet
1492 1227 1842 1270 communicatis
1864 1226 1894 1269 ².

236 1310 423 1362 insuper
454 1306 528 1349 lex
561 1309 741 1362 oportet
777 1309 826 1348 ut
860 1305 919 1349 sit
937 1306 1260 1376 pfflQata.
1292 1306 1596 1363 Promuigatio
1630 1311 1721 1351 est:
1768 1328 1785 1346 ιι
1814 1322 1898 1352 αα-

114 1389 316 1433 theutica
350 1388 629 1444 lcqislatoris
664 1387 990 1444 manifestatio
1024 1368 1352 1433 cortine-imitati
1385 1390 1562 1434 indicta
1598 1390 1611 1412 ³
1641 1409 1677 1434 υ.
1708 1394 1799 1435 iam
1824 1392 1898 1435 lex

114 1471 369 1530 imponitur
391 1485 470 1528 per
494 1473 678 1515 modum
716 1472 898 1529 regulae
922 1476 967 1515 et
993 1486 1245 1517 mensurae
1268 1473 1296 1529 '⁴;
1334 1473 1502 1530 regala
1524 1478 1679 1517 autem
1701 1479 1747 1518 et
1773 1488 1897 1518 men-

111 1568 226 1598 sura
260 1553 513 1611 imponitur
545 1559 778 1612 quatenus
811 1554 1030 1611 regulatis
1062 1568 1115 1599 ac
1149 1555 1427 1600 mensuratis
1459 1555 1730 1614 applicatur,
1783 1556 1899 1601 Talis

112 1642 268 1682 autem
301 1637 543 1695 applicatio
578 1637 626 1681 iit
660 1651 740 1695 per
774 1639 859 1682 hoc
892 1638 1010 1697 quod
1049 1638 1093 1682 in
1129 1638 1342 1683 notitiam
1377 1654 1536 1684 eorum
1559 1641 1630 1684 lex
1657 1639 1899 1684 deducitur

112 1735 168 1765 ex
203 1722 296 1778 ipsa
333 1720 695 1779 promuigatione
733 1722 761 1764 ⁵.
806 1725 869 1766 lta
904 1722 977 1766 lex
1013 1722 1235 1766 naturalis
1270 1722 1315 1766 in
1350 1724 1575 1767 creaturis
1599 1723 1899 1768 rationalibus

110 1818 191 1862 per
224 1805 410 1849 modum
454 1803 731 1862 cognitionis
777 1804 1152 1850 communicatur
1194 1805 1260 1849 uti
1302 1805 1565 1850 notavimus
1609 1807 1654 1850 in
1696 1808 1896 1865 prolego-

112 1887 260 1931 menis
284 1889 364 1931 12‘2.
394 1887 548 1945 partis.

233 1974 296 2014 Ex
331 1970 414 2014 hac
448 1969 558 2027 legis
590 1969 859 2015 definitione
893 1975 1049 2028 apert(¹
1086 1970 1228 2030 liquet
1269 1986 1498 2031 quaenam
1543 1972 1635 2016 sint
1675 1973 1785 2030 legis
1830 1987 1896 2017 re-

108 2053 275 2112 quisita
309 2058 358 2097 ut
392 2054 486 2098 vim
522 2055 687 2098 habeat
724 2054 968 2112 obligandi.
1023 2058 1087 2099 Ex
1115 2062 1254 2112 parte
1297 2056 1409 2112 leyz's
1449 2055 1697 2114 requiritur
1737 2061 1788 2100 ut
1822 2056 1894 2100 lex

108 2136 167 2181 sit
200 2138 497 2182 rationabilis
530 2137 563 2193 ⁶,
600 2137 791 2197 ideoque
827 2142 876 2181 ut
911 2138 970 2182 sit
1003 2139 1120 2182 iusta
1158 2140 1189 2193 ⁷,
1226 2139 1435 2194 honesta,
1473 2139 1711 2197 possibilis,
1750 2139 1894 2184 mani-

109 2220 222 2264 festa
257 2220 272 2242 ⁸
305 2225 352 2265 et
386 2225 602 2279 perpetua
635 2221 651 2245 ⁹
686 2226 786 2266 tum
821 2235 878 2266 ex
914 2226 1042 2281 parte
1076 2222 1202 2280 legis,
1231 2227 1328 2267 tum
1351 2237 1407 2267 ex
1435 2227 1561 2282 parte
1586 2223 1891 2279 subditorum,

228 2353 236 2371 ¹
266 2352 315 2388 Cf.
342 2352 364 2388 l.
391 2353 423 2394 2,
451 2357 520 2388 oct.
548 2352 582 2389 ff.
609 2354 653 2389 de
682 2353 851 2399 iegibus;
880 2353 1029 2399 Gregor.
1058 2354 1120 2398 IX.
1149 2356 1185 2390 in
1212 2364 1374 2399 prooem.
1403 2355 1437 2390 in
1466 2355 1643 2391 Deci-elai.

226 2423 238 2442 ²
265 2424 314 2459 Cf.
343 2426 496 2467 senez,
523 2435 582 2470 op.
609 2425 669 2461 cit.
698 2425 719 2461 l.
750 2425 779 2467 1,
807 2435 887 2471 cap.
914 2426 945 2462 8.

227 2494 239 2513 ³
267 2496 304 2531 L.
322 2494 356 2538 9,
374 2495 460 2532 Cod.
480 2495 514 2531 h.
535 2500 569 2539 t.;
596 2506 676 2542 cap.
698 2495 727 2538 1,
748 2497 792 2532 de
815 2496 947 2540 poslui.
968 2496 1124 2533 praelat.
1152 2506 1230 2542 cap.
1253 2497 1282 2538 1,
1302 2497 1346 2533 ile
1365 2506 1531 2534 concess.
1552 2498 1743 2540 praeben„
1763 2498 1798 2533 in
1818 2498 1855 2532 P.
1874 2517 1891 2522 -

107 2565 148 2600 D.
175 2565 304 2601 Thom.
334 2566 375 2600 13ι
402 2566 485 2610 238,
516 2564 574 2610 90,
601 2566 633 2603 4.

224 2635 238 2655 '⁵
264 2637 302 2672 L.
330 2637 360 2678 1,
385 2641 399 2676 ἓ
426 2637 458 2680 2,
486 2636 519 2673 ff.
548 2637 591 2673 de
620 2638 790 2684 legibus3
818 2640 862 2674 D.
891 2640 1019 2675 Thom.
1051 2640 1092 2675 1a
1119 2638 1203 2682 2³⁶³,
1228 2639 1286 2683 90,
1317 2641 1331 2676 1
1362 2646 1397 2676 et
1423 2640 1479 2682 96,
1506 2645 1574 2677 art.
1603 2641 1631 2676 1.

224 2707 236 2726 ¹⁵
262 2708 302 2743 D.
331 2708 458 2744 Thom.
486 2710 538 2746 De
566 2710 666 2746 verit.
686 2720 720 2756 q.
749 2710 804 2755 17,
831 2716 898 2747 art.
924 2711 956 2746 5.
987 2712 1029 2746 1ξι
1055 2712 1140 2756 2³0,
1168 2722 1202 2757 q.
1229 2713 1286 2756 90,
1313 2717 1376 2748 arl.
1404 2713 1435 2749 4.

223 2776 236 2796 ⁶
263 2778 460 2821 Gnarum,
489 2779 526 2815 in
553 2789 586 2816 c.
615 2779 647 2823 5,
675 2781 757 2818 dist.
787 2782 831 2825 1,·
859 2783 1014 2824 summ,
1042 2793 1100 2829 op.
1128 2793 1157 2820 c.
1186 2784 1208 2819 1.
1229 2783 1326 2826 VIII,
1354 2784 1409 2821 50.
1436 2783 1493 2820 20.

225 2849 236 2868 ⁷
264 2850 419 2893 suanm,
446 2861 503 2896 op.
531 2852 589 2890 cit.
617 2853 678 2889 lib.
708 2853 738 2895 1,
765 2863 843 2899 cap.
871 2854 903 2890 9.

223 2919 236 2939 ⁸
262 2919 349 2966 Cap.
374 2920 420 2956 25
445 2922 467 2959 1.
496 2933 526 2959 V.
555 2923 599 2961 de
626 2923 725 2960 verb.
756 2925 877 2970 signif.
907 2925 1028 2969 Quare
1057 2927 1115 2962 iex
1142 2926 1254 2963 dubia
1280 2935 1355 2962 non
1381 2926 1561 2971 obligati.
1582 2926 1614 2962 9.
1641 2926 1726 2962 Cod.
1755 2927 1798 2961 dc
1815 2927 1885 2971 leg.

105 3001 151 3028 ex
176 3002 255 3038 cap.
282 2993 339 3029 51.
365 2993 552 3030 Benedict.
579 2996 678 3038 XIV,
705 2997 791 3033 inst.

223 3064 236 3084 ⁹
264 3065 300 3101 L.
328 3064 361 3108 8,
386 3063 419 3101 9.
447 3065 483 3102 h.
511 3070 546 3108 1.,
573 3065 607 3102 ff.
634 3071 649 3107 S
678 3067 718 3104 11
747 3068 791 3104 de
819 3068 896 3106 iure
923 3075 997 3106 nat.
1015 3075 1050 3106 et
1080 3074 1177 3116 gent.
1205 3070 1362 3114 SUAnssz,
1390 3070 1410 3106 l.
1441 3069 1471 3112 1,
1498 3078 1528 3104 c.
1558 3069 1612 3105 15.

1878 0 1887 4 ”
1896 0 1902 2 ’
1937 0 1941 2 “
1948 0 2061 27 &1⁷5⁹
2061 0 2176 37 -p'ffl
