2176 3386
528 198 659 227 LIBER
688 198 712 227 Ι.
743 197 799 226 DE
829 196 968 226 REBUS
997 195 1234 225 ECCLESIAE
1262 194 1591 224 SPIRITUALIBUS
1869 183 1949 223 235

163 307 259 354 bito
279 312 498 354 censetur
528 307 758 367 quaelibet
790 305 910 351 illius
942 319 1047 365 pars
1077 304 1326 364 prohiberi,
1362 304 1578 365 quamvis
1612 305 1790 350 nullum
1828 306 1947 351 forte

161 404 364 437 errorem
398 389 652 436 contineat.
1579 375 1588 386 ’

284 474 411 518 1127.
450 473 514 517 Ad
549 485 718 531 poenas
750 475 946 517 statutas
978 470 1296 526 devenientes,
1334 474 1549 515 notamus
1571 484 1630 516 ex
1652 473 1807 516 Const.
1835 477 1946 529 Apo-

159 557 345 601 stolicae
379 555 507 600 Sedis
536 554 1071 600 excommunicationem
1106 552 1315 599 Pontifici
1348 552 1533 611 speciali
1567 554 1702 598 modo
1740 568 1946 600 reserva·

160 642 257 684 tam
290 638 542 694 incurrere,
576 637 853 698 quicumque
885 636 984 682 sine
1019 637 1303 695 Apostolicae
1338 636 1463 681 Sedis
1486 637 1722 693 facultate,
1748 638 1949 684 scienter

162 721 337 780 legunt,
362 722 434 767 vel
459 720 664 766 retinent
682 733 820 779 penes
842 733 907 776 se,
931 719 1003 764 vel
1027 719 1317 779 imprimunt,
1340 720 1411 764 vel
1434 719 1712 766 defendunt:
1749 723 1787 779 l)
1811 722 1948 768 libros

161 804 353 849 alicuius
384 808 636 864 apostatae,
671 816 750 848 seu
785 802 1003 848 haeretici
1026 803 1103 862 qui
1136 803 1363 847 haeresim
1388 809 1664 862 propugnat3
1702 806 1745 863 2)
1779 805 1946 851 librum

164 901 244 945 per
275 887 450 932 litteras
483 885 753 945 apostolicas
787 885 1087 945 prohibitum,
1123 900 1146 930 a
1180 900 1472 945 quocumque
1495 886 1554 931 sit
1579 887 1791 946 scriptus,
1816 889 1947 934 dum-

163 970 297 1014 modo
332 968 585 1027 prohibitus
610 969 670 1014 sit
695 968 989 1025 nominatim,
1015 968 1060 1014 id
1082 974 1152 1014 est
1175 983 1390 1028 expresso
1424 970 1573 1027 operis
1606 971 1738 1017 titulo
1764 973 1794 1017 ¹.
1830 974 1948 1019 Hinc

161 1053 696 1099 excommunicationem
732 1067 824 1098 non
860 1053 1079 1098 incurrit:
1121 1055 1158 1111 l)
1186 1054 1262 1113 qui
1285 1054 1450 1099 librum
1479 1055 1709 1112 catholici,
1735 1057 1807 1101 cui
1843 1058 1946 1102 hae-

161 1137 331 1181 reticus
364 1141 496 1181 notas
528 1137 814 1195 apposuerit,
852 1138 1069 1195 perlegit,
1106 1138 1240 1183 modo
1289 1143 1425 1183 notae
1458 1139 1560 1184 illae
1593 1140 1686 1184 sint
1720 1140 1830 1186 libro
1864 1141 1947 1186 mi-

161 1233 296 1265 nores
320 1219 349 1264 ².
401 1221 443 1277 Ξ)
478 1220 564 1273 Qui
598 1220 703 1265 licet
736 1221 888 1265 sciens
920 1226 966 1266 et
1000 1221 1178 1278 volens,
1213 1222 1340 1266 audit
1372 1222 1513 1267 alium
1548 1223 1711 1268 librum
1752 1225 1947 1270 haereti-

160 1316 265 1347 cum
300 1302 383 1347 sibi
420 1304 778 1361 praelegentem.
816 1305 857 1361 5)
882 1304 967 1357 Qui
1001 1318 1246 1350 censuram
1270 1305 1501 1351 adnexam
1528 1306 1723 1364 ignorat.
1762 1310 1804 1364 4)
1832 1313 1945 1354 'l‘an-

163 1386 266 1430 dem
300 1391 494 1431 excusat
526 1387 584 1430 ab
616 1386 893 1432 incurrenda
928 1401 1122 1432 censura
1156 1388 1361 1445 parvitas
1395 1389 1631 1435 materiae.

285 1469 411 1514 1128.
448 1472 662 1515 Ceterum
698 1471 954 1515 notandum
988 1475 1057 1516 est
1089 1472 1311 1530 plurimos
1345 1471 1483 1518 libros
1514 1486 1769 1533 numquam
1809 1475 1946 1520 fuisse

163 1553 285 1598 inter
320 1554 593 1612 proscriptos
627 1554 808 1611 relatos,
844 1554 920 1614 qui
955 1559 1110 1600 tamen
1143 1569 1201 1600 ex
1236 1555 1523 1613 generalibus
1563 1557 1727 1602 Indicis
1761 1558 1946 1603 Triden-

163 1638 248 1682 tini
281 1638 448 1696 regulis
483 1639 614 1684 vetiti
659 1644 792 1696 sunt,
844 1639 1154 1698 plurimosque
1202 1653 1331 1695 esse,
1368 1640 1421 1685 de
1455 1641 1620 1700 quibus
1668 1642 1945 1687 nominatim

165 1723 456 1782 prohibendis
503 1738 758 1784 numquam
792 1730 862 1769 est
895 1724 1180 1783 cogitatum,
1216 1739 1329 1784 quos
1362 1730 1519 1770 tamen
1559 1726 1707 1784 legere
1759 1742 1836 1784 per
1877 1727 1947 1772 ius

164 1808 372 1852 naturale
407 1822 459 1851 ac
493 1807 703 1852 divinum
737 1821 829 1852 non
864 1807 994 1863 licet,
1025 1808 1061 1853 si
1096 1808 1344 1866 prudenter
1388 1809 1632 1866 timeatur,
1669 1825 1727 1856 ne
1761 1810 1865 1856 inde
1899 1811 1944 1856 in

164 1891 319 1935 animo
353 1891 623 1951 cuiusquam
660 1892 908 1949 legentium
942 1897 1022 1937 aut
1056 1892 1342 1938 audientium
1378 1893 1482 1938 fidei
1517 1896 1589 1939 vel
1625 1910 1805 1940 morum
1830 1896 1945 1941 inte-

162 1975 302 2032 gritas
334 1975 392 2019 sit
424 1976 773 2033 corrumpenda.
811 1980 907 2021 Hoc
941 1991 1051 2021 vero
1084 1976 1340 2035 periculum
1375 1978 1429 2022 iis
1461 1979 1675 2024 omnibus
1713 1979 1942 2035 imminet,

162 2059 238 2119 qui
271 2060 487 2120 quidquid
523 2059 570 2104 in
604 2060 865 2105 huiusmodi
899 2060 1023 2106 libris
1056 2063 1169 2106 latet
1201 2062 1368 2106 erroris
1401 2076 1453 2107 ac
1488 2063 1588 2107 vitii
1632 2063 1945 2109 internoscere

163 2157 255 2188 non
291 2145 451 2189 valent
483 2157 535 2188 ac
568 2144 808 2202 repudiare
841 2149 1126 2189 constanter.
1164 2147 1428 2190 Notandum
1462 2146 1658 2205 denique
1691 2151 1759 2190 est
1786 2147 1944 2192 obten-

162 2231 256 2270 tam
293 2227 587 2284 legendorum
621 2226 879 2272 huiusmodi
923 2227 1142 2273 librorum
1177 2230 1443 2274 facultatem
1478 2229 1716 2288 suffragari
1759 2231 1943 2290 quidem

163 2308 210 2352 in
246 2309 342 2353 foro
375 2313 586 2365 externo,
625 2324 716 2355 uon
749 2315 907 2356 tamen
941 2325 966 2355 a
1001 2317 1189 2370 peccato
1223 2325 1300 2357 eos
1333 2312 1542 2367 liberare,
1577 2313 1654 2372 qui
1689 2327 1743 2357 ex
1784 2327 1944 2358 eorum

163 2392 359 2438 lectione
384 2393 637 2451 periculum
660 2394 780 2452 quod
803 2394 1006 2440 diximus
1029 2395 1110 2440 sibi
1136 2395 1382 2440 imminere
1407 2398 1656 2454 prudenter
1689 2397 1887 2442 timeant
1910 2398 1941 2443 ³.

283 2561 291 2579 ¹
319 2560 489 2597 Clemens
517 2561 602 2597 VIII
634 2562 670 2597 in
698 2562 939 2599 instructione
966 2563 1009 2599 de
1039 2564 1277 2609 prohibendis
1304 2564 1408 2600 libris
1438 2568 1452 2604 ἓ
1483 2564 1532 2599 VI
1559 2564 1627 2600 ait:
1668 2564 1711 2600 In
1736 2565 1945 2601 universum

162 2634 285 2668 autem
311 2632 352 2667 de
378 2632 484 2668 malis
509 2635 542 2668 et
565 2633 774 2678 perniciosis
800 2634 900 2670 libris
925 2634 962 2670 id
979 2635 1189 2672 declaratur
1207 2638 1313 2682 atque
1331 2636 1520 2677 statuitur,
1547 2638 1589 2671 ut
1614 2636 1675 2682 qui
1698 2638 1797 2672 certa
1822 2637 1945 2682 aliqua

161 2705 284 2750 linqua
310 2705 410 2740 initio
429 2705 522 2747 editi,
548 2708 580 2742 et
605 2706 727 2742 deinde
744 2706 914 2752 prohibiti
939 2718 981 2744 ac
998 2708 1163 2743 damnati
1180 2719 1202 2744 a
1222 2708 1307 2744 Sede
1324 2708 1531 2754 Apostolica
1550 2711 1648 2751 sunt,
1668 2709 1775 2745 iidem
1793 2719 1943 2755 quoque,

161 2775 199 2811 iu
223 2785 487 2821 quamcumque
508 2778 633 2822 postea
658 2779 850 2813 vertantur
868 2778 1043 2824 linquam,
1062 2782 1276 2815 censeantur
1300 2779 1344 2815 ab
1363 2779 1485 2815 eadem
1513 2779 1596 2815 Sede
1622 2780 1750 2826 ubique
1768 2781 1943 2826 gentium,

163 2846 228 2882 sub
254 2846 383 2882 eisdem
406 2847 529 2893 pcenis
553 2847 737 2885 interdicti
762 2851 795 2884 et
821 2849 999 2885 damnati.

283 2918 295 2936 ¹
322 2919 375 2955 Dc
402 2919 503 2955 Luco
530 2919 631 2966 Disp.
658 2919 715 2963 21,
741 2930 776 2956 n.
801 2919 858 2956 47.

282 2989 295 3008 ³
322 2990 363 3026 In
390 2990 573 3027 Formulis
599 2991 811 3028 facultatum
839 2992 874 3029 S.
901 2991 1034 3038 Congr.
1062 2992 1138 3028 Fid.
1167 2992 1274 3037 Prop.
1300 2991 1437 3037 duplici
1470 2992 1611 3028 ratione
1645 2992 1863 3030 conceditur
1894 2993 1943 3030 fa-

164 3061 282 3099 cultas
307 3061 512 3108 Episcopis‚
539 3063 696 3105 tenendi,
724 3063 882 3109 legendi,
910 3067 991 3106 etc„
1018 3063 1133 3100 libros
1160 3063 1376 3109 prohibitos.
1411 3063 1506 3101 Sane
1534 3064 1572 3100 in
1598 3064 1771 3101 Formula
1798 3063 1813 3099 I
1839 3063 1945 3101 datur
