<?xml version="1.0" encoding="UTF-8"?>
<!DOCTYPE html PUBLIC "-//W3C//DTD XHTML 1.0 Transitional//EN"
    "http://www.w3.org/TR/xhtml1/DTD/xhtml1-transitional.dtd">
<html xmlns="http://www.w3.org/1999/xhtml" xml:lang="en" lang="en">
 <head>
  <title>
</title>
<meta http-equiv="Content-Type" content="text/html;charset=utf-8" />
  <meta name='ocr-system' content='tesseract 3.04.00' />
  <meta name='ocr-capabilities' content='ocr_page ocr_carea ocr_par ocr_line ocrx_word'/>
</head>
<body>
  <div class='ocr_page' id='page_1' title='image "apparatus00ziteuoft_0042.png"; bbox 0 0 2176 3386; ppageno 0'>
   <div class='ocr_carea' id='block_1_1' title="bbox 1494 0 2176 36">
    <p class='ocr_par' dir='ltr' id='par_1_1' title="bbox 1494 0 2176 36">
     <span class='ocr_line' id='line_1_1' title="bbox 1494 0 2176 36; baseline -0.003 -4"><span class='ocrx_word' id='word_1_1' title='bbox 1494 0 1510 3; x_wconf 71' lang='grc'>·’</span> <span class='ocrx_word' id='word_1_2' title='bbox 1557 0 1701 35; x_wconf 45' lang='grc' dir='ltr'>···;;;-ι·ῑ·-,’;“ἠ</span> <span class='ocrx_word' id='word_1_3' title='bbox 1724 0 1742 18; x_wconf 60' lang='lat' dir='ltr'>’f</span> <span class='ocrx_word' id='word_1_4' title='bbox 1758 0 1764 8; x_wconf 68' lang='lat'><em>‘</em></span> <span class='ocrx_word' id='word_1_5' title='bbox 1778 0 1858 36; x_wconf 49' lang='grc' dir='ltr'>’πμ</span> <span class='ocrx_word' id='word_1_6' title='bbox 1868 0 2176 36; x_wconf 50' lang='grc' dir='ltr'>νεετῆνἭ-Ὴιιι</span> 
     </span>
    </p>
   </div>
   <div class='ocr_carea' id='block_1_2' title="bbox 231 160 1370 200">
    <p class='ocr_par' dir='ltr' id='par_1_2' title="bbox 231 160 1370 200">
     <span class='ocr_line' id='line_1_2' title="bbox 231 160 1370 200; baseline -0.002 0"><span class='ocrx_word' id='word_1_7' title='bbox 231 160 284 200; x_wconf 87' lang='grc'>30</span> <span class='ocrx_word' id='word_1_8' title='bbox 875 171 984 200; x_wconf 82' lang='lat' dir='ltr'><strong>PARS</strong></span> <span class='ocrx_word' id='word_1_9' title='bbox 1013 171 1036 199; x_wconf 89' lang='lat'>1.</span> <span class='ocrx_word' id='word_1_10' title='bbox 1073 170 1129 199; x_wconf 78' lang='grc' dir='ltr'>οε</span> <span class='ocrx_word' id='word_1_11' title='bbox 1158 169 1370 199; x_wconf 75' lang='lat' dir='ltr'>Pl-:nsoms</span> 
     </span>
    </p>
   </div>
   <div class='ocr_carea' id='block_1_3' title="bbox 232 223 1591 229">
    <p class='ocr_par' dir='ltr' id='par_1_3' title="bbox 232 223 1591 229">
     <span class='ocr_line' id='line_1_3' title="bbox 232 223 1591 229; baseline 0 0"><span class='ocrx_word' id='word_1_12' title='bbox 232 223 1591 229; x_wconf 95' lang='lat' dir='ltr'> </span> 
     </span>
    </p>
   </div>
   <div class='ocr_carea' id='block_1_4' title="bbox 936 224 1591 228">
    <p class='ocr_par' dir='ltr' id='par_1_4' title="bbox 936 224 1591 228">
     <span class='ocr_line' id='line_1_4' title="bbox 936 224 1591 228; baseline 0 0"><span class='ocrx_word' id='word_1_13' title='bbox 936 224 1591 228; x_wconf 95' lang='lat' dir='ltr'> </span> 
     </span>
    </p>
   </div>
   <div class='ocr_carea' id='block_1_5' title="bbox 224 276 2022 3007">
    <p class='ocr_par' dir='ltr' id='par_1_5' title="bbox 229 276 2009 671">
     <span class='ocr_line' id='line_1_5' title="bbox 349 276 2007 337; baseline 0.002 -16"><span class='ocrx_word' id='word_1_14' title='bbox 349 278 391 322; x_wconf 83' lang='lat'>8.</span> <span class='ocrx_word' id='word_1_15' title='bbox 428 282 540 323; x_wconf 88' lang='lat' dir='ltr'>Cum</span> <span class='ocrx_word' id='word_1_16' title='bbox 578 278 623 322; x_wconf 95' lang='lat' dir='ltr'>in</span> <span class='ocrx_word' id='word_1_17' title='bbox 661 279 887 323; x_wconf 81' lang='lat' dir='ltr'>Australia</span> <span class='ocrx_word' id='word_1_18' title='bbox 921 277 1183 337; x_wconf 89' lang='lat' dir='ltr'>provincias</span> <span class='ocrx_word' id='word_1_19' title='bbox 1214 276 1545 322; x_wconf 89' lang='lat' dir='ltr'>ecclesiasticas</span> <span class='ocrx_word' id='word_1_20' title='bbox 1580 277 1870 336; x_wconf 85' lang='lat' dir='ltr'>multiplicari</span> <span class='ocrx_word' id='word_1_21' title='bbox 1900 293 2007 324; x_wconf 91' lang='lat' dir='ltr'>con-</span> 
     </span>
     <span class='ocr_line' id='line_1_6' title="bbox 230 360 2009 420; baseline 0.001 -15"><span class='ocrx_word' id='word_1_22' title='bbox 230 361 402 420; x_wconf 84' lang='lat' dir='ltr'>tigerit,</span> <span class='ocrx_word' id='word_1_23' title='bbox 437 362 492 406; x_wconf 92' lang='lat' dir='ltr'>de</span> <span class='ocrx_word' id='word_1_24' title='bbox 525 361 906 407; x_wconf 79' lang='lat' dir='ltr'>commendandis</span> <span class='ocrx_word' id='word_1_25' title='bbox 939 361 1194 406; x_wconf 90' lang='lat' dir='ltr'>candidatis</span> <span class='ocrx_word' id='word_1_26' title='bbox 1227 375 1306 418; x_wconf 88' lang='lat' dir='ltr'>pro</span> <span class='ocrx_word' id='word_1_27' title='bbox 1340 361 1520 405; x_wconf 88' lang='lat' dir='ltr'>sedibus</span> <span class='ocrx_word' id='word_1_28' title='bbox 1554 360 1827 406; x_wconf 83' lang='lat' dir='ltr'>vacantibus</span> <span class='ocrx_word' id='word_1_29' title='bbox 1848 367 2009 419; x_wconf 87' lang='lat' dir='ltr'>agetur</span> 
     </span>
     <span class='ocr_line' id='line_1_7' title="bbox 233 442 2007 503; baseline 0 -14"><span class='ocrx_word' id='word_1_30' title='bbox 233 445 276 489; x_wconf 93' lang='lat' dir='ltr'>in</span> <span class='ocrx_word' id='word_1_31' title='bbox 311 445 517 490; x_wconf 89' lang='lat' dir='ltr'>coetibus</span> <span class='ocrx_word' id='word_1_32' title='bbox 554 445 879 503; x_wconf 88' lang='lat' dir='ltr'>Episcoporum</span> <span class='ocrx_word' id='word_1_33' title='bbox 915 442 1396 502; x_wconf 78' lang='lat' dir='ltr'>comprovincialium,</span> <span class='ocrx_word' id='word_1_34' title='bbox 1431 443 1582 488; x_wconf 84' lang='lat' dir='ltr'>addita</span> <span class='ocrx_word' id='word_1_35' title='bbox 1616 449 1799 488; x_wconf 85' lang='lat' dir='ltr'>tantum</span> <span class='ocrx_word' id='word_1_36' title='bbox 1841 444 2007 502; x_wconf 85' lang='lat' dir='ltr'>obliga-</span> 
     </span>
     <span class='ocr_line' id='line_1_8' title="bbox 230 526 2006 585; baseline -0.002 -12"><span class='ocrx_word' id='word_1_37' title='bbox 230 530 354 573; x_wconf 81' lang='lat' dir='ltr'>tione</span> <span class='ocrx_word' id='word_1_38' title='bbox 388 529 615 574; x_wconf 83' lang='lat' dir='ltr'>scribendi</span> <span class='ocrx_word' id='word_1_39' title='bbox 650 529 704 572; x_wconf 89' lang='lat' dir='ltr'>ad</span> <span class='ocrx_word' id='word_1_40' title='bbox 740 527 1147 585; x_wconf 75' lang='lat' dir='ltr'>Metropolitanum</span> <span class='ocrx_word' id='word_1_41' title='bbox 1184 527 1256 570; x_wconf 89' lang='lat' dir='ltr'>vel</span> <span class='ocrx_word' id='word_1_42' title='bbox 1295 526 1561 585; x_wconf 81' lang='lat' dir='ltr'>Episcopum</span> <span class='ocrx_word' id='word_1_43' title='bbox 1599 541 1688 571; x_wconf 93' lang='lat' dir='ltr'>non</span> <span class='ocrx_word' id='word_1_44' title='bbox 1714 527 2006 585; x_wconf 80' lang='lat' dir='ltr'>comprovin-</span> 
     </span>
     <span class='ocr_line' id='line_1_9' title="bbox 229 610 1774 671; baseline -0.002 -14"><span class='ocrx_word' id='word_1_45' title='bbox 229 612 390 657; x_wconf 87' lang='lat' dir='ltr'>cialem</span> <span class='ocrx_word' id='word_1_46' title='bbox 424 627 566 671; x_wconf 89' lang='lat' dir='ltr'>quum</span> <span class='ocrx_word' id='word_1_47' title='bbox 599 613 654 656; x_wconf 89' lang='lat' dir='ltr'>de</span> <span class='ocrx_word' id='word_1_48' title='bbox 688 610 942 656; x_wconf 82' lang='lat' dir='ltr'>candidatis</span> <span class='ocrx_word' id='word_1_49' title='bbox 974 625 997 654; x_wconf 89' lang='lat' dir='ltr'>a</span> <span class='ocrx_word' id='word_1_50' title='bbox 1033 610 1269 668; x_wconf 80' lang='lat' dir='ltr'>provincia</span> <span class='ocrx_word' id='word_1_51' title='bbox 1304 610 1538 654; x_wconf 85' lang='lat' dir='ltr'>extraneis</span> <span class='ocrx_word' id='word_1_52' title='bbox 1572 623 1641 654; x_wconf 86' lang='lat' dir='ltr'>res</span> <span class='ocrx_word' id='word_1_53' title='bbox 1672 611 1774 654; x_wconf 88' lang='lat' dir='ltr'>erit.</span> 
     </span>
    </p>

    <p class='ocr_par' dir='ltr' id='par_1_6' title="bbox 229 692 2007 920">
     <span class='ocr_line' id='line_1_10' title="bbox 349 692 2007 752; baseline -0.002 -12"><span class='ocrx_word' id='word_1_54' title='bbox 349 698 390 740; x_wconf 84' lang='lat'>9.</span> <span class='ocrx_word' id='word_1_55' title='bbox 430 696 507 740; x_wconf 80' lang='lat' dir='ltr'>l&#39;bi</span> <span class='ocrx_word' id='word_1_56' title='bbox 546 710 653 740; x_wconf 65' lang='lat' dir='ltr'>xero</span> <span class='ocrx_word' id='word_1_57' title='bbox 689 708 836 739; x_wconf 87' lang='lat' dir='ltr'>novus</span> <span class='ocrx_word' id='word_1_58' title='bbox 871 694 1249 752; x_wconf 48' lang='lat' dir='ltr'>,archiepiscopus</span> <span class='ocrx_word' id='word_1_59' title='bbox 1283 694 1356 737; x_wconf 90' lang='lat' dir='ltr'>vel</span> <span class='ocrx_word' id='word_1_60' title='bbox 1391 693 1724 751; x_wconf 76' lang='lat' dir='ltr'>Areliiepiscopi</span> <span class='ocrx_word' id='word_1_61' title='bbox 1770 692 2007 738; x_wconf 87' lang='lat' dir='ltr'>coadiutor</span> 
     </span>
     <span class='ocr_line' id='line_1_11' title="bbox 229 776 2004 837; baseline -0.002 -14"><span class='ocrx_word' id='word_1_62' title='bbox 229 780 463 837; x_wconf 84' lang='lat' dir='ltr'>eligendus</span> <span class='ocrx_word' id='word_1_63' title='bbox 496 779 635 823; x_wconf 87' lang='lat' dir='ltr'>fuerit</span> <span class='ocrx_word' id='word_1_64' title='bbox 667 791 829 822; x_wconf 90' lang='lat' dir='ltr'>omnes</span> <span class='ocrx_word' id='word_1_65' title='bbox 862 777 983 822; x_wconf 86' lang='lat' dir='ltr'>circa</span> <span class='ocrx_word' id='word_1_66' title='bbox 1017 777 1238 822; x_wconf 90' lang='lat' dir='ltr'>eiusmodi</span> <span class='ocrx_word' id='word_1_67' title='bbox 1263 777 1537 822; x_wconf 88' lang='lat' dir='ltr'>electionem</span> <span class='ocrx_word' id='word_1_68' title='bbox 1566 776 1814 822; x_wconf 70' lang='lat' dir='ltr'>Australiae</span> <span class='ocrx_word' id='word_1_69' title='bbox 1838 781 2004 821; x_wconf 85' lang='lat' dir='ltr'>Metro-</span> 
     </span>
     <span class='ocr_line' id='line_1_12' title="bbox 231 862 769 920; baseline -0.004 -14"><span class='ocrx_word' id='word_1_70' title='bbox 231 862 418 920; x_wconf 84' lang='lat' dir='ltr'>politani</span> <span class='ocrx_word' id='word_1_71' title='bbox 454 863 769 906; x_wconf 87' lang='lat' dir='ltr'>consulentur.</span> 
     </span>
    </p>

    <p class='ocr_par' dir='ltr' id='par_1_7' title="bbox 227 942 2022 1659">
     <span class='ocr_line' id='line_1_13' title="bbox 354 942 2005 1003; baseline -0.002 -14"><span class='ocrx_word' id='word_1_72' title='bbox 354 947 418 990; x_wconf 86' lang='lat'>10.</span> <span class='ocrx_word' id='word_1_73' title='bbox 455 946 679 990; x_wconf 79' lang='lat' dir='ltr'>Omnibus</span> <span class='ocrx_word' id='word_1_74' title='bbox 711 945 907 1003; x_wconf 77' lang='lat' dir='ltr'>denique</span> <span class='ocrx_word' id='word_1_75' title='bbox 943 949 1102 989; x_wconf 91' lang='lat' dir='ltr'>notum</span> <span class='ocrx_word' id='word_1_76' title='bbox 1137 958 1233 989; x_wconf 88' lang='lat' dir='ltr'>esse</span> <span class='ocrx_word' id='word_1_77' title='bbox 1266 944 1400 988; x_wconf 83' lang='lat' dir='ltr'>debet</span> <span class='ocrx_word' id='word_1_78' title='bbox 1424 943 1467 987; x_wconf 90' lang='lat' dir='ltr'>in</span> <span class='ocrx_word' id='word_1_79' title='bbox 1492 943 1636 988; x_wconf 88' lang='lat' dir='ltr'>literis</span> <span class='ocrx_word' id='word_1_80' title='bbox 1658 944 1711 988; x_wconf 91' lang='lat' dir='ltr'>de</span> <span class='ocrx_word' id='word_1_81' title='bbox 1735 942 2005 1001; x_wconf 88' lang='lat' dir='ltr'>supradictis</span> 
     </span>
     <span class='ocr_line' id='line_1_14' title="bbox 230 1024 2022 1087; baseline -0.002 -15"><span class='ocrx_word' id='word_1_82' title='bbox 230 1030 362 1072; x_wconf 85' lang='lat' dir='ltr'>rebus</span> <span class='ocrx_word' id='word_1_83' title='bbox 398 1029 783 1087; x_wconf 83' lang='lat' dir='ltr'>pertractantibus</span> <span class='ocrx_word' id='word_1_84' title='bbox 814 1028 868 1072; x_wconf 85' lang='lat' dir='ltr'>ad</span> <span class='ocrx_word' id='word_1_85' title='bbox 915 1032 955 1073; x_wconf 91' lang='lat' dir='ltr'>S.</span> <span class='ocrx_word' id='word_1_86' title='bbox 1008 1029 1166 1072; x_wconf 84' lang='lat' dir='ltr'>Sedem</span> <span class='ocrx_word' id='word_1_87' title='bbox 1211 1027 1595 1081; x_wconf 71' lang='lat' dir='ltr'>transmittendis,</span> <span class='ocrx_word' id='word_1_88' title='bbox 1642 1026 1751 1070; x_wconf 86' lang='lat' dir='ltr'>nibil</span> <span class='ocrx_word' id='word_1_89' title='bbox 1803 1024 2022 1070; x_wconf 87' lang='lat' dir='ltr'>inveniri·</span> 
     </span>
     <span class='ocr_line' id='line_1_15' title="bbox 228 1109 2004 1173; baseline -0.002 -17"><span class='ocrx_word' id='word_1_90' title='bbox 228 1113 391 1157; x_wconf 83' lang='lat' dir='ltr'>debere</span> <span class='ocrx_word' id='word_1_91' title='bbox 425 1113 544 1173; x_wconf 79' lang='lat' dir='ltr'>quod</span> <span class='ocrx_word' id='word_1_92' title='bbox 579 1112 869 1167; x_wconf 84' lang='lat' dir='ltr'>electionem,</span> <span class='ocrx_word' id='word_1_93' title='bbox 907 1112 1293 1167; x_wconf 82' lang='lat' dir='ltr'>nominationem,</span> <span class='ocrx_word' id='word_1_94' title='bbox 1331 1110 1682 1168; x_wconf 79' lang='lat' dir='ltr'>postulationem</span> <span class='ocrx_word' id='word_1_95' title='bbox 1724 1110 1902 1164; x_wconf 80' lang='lat' dir='ltr'>innuat,</span> <span class='ocrx_word' id='word_1_96' title='bbox 1928 1109 2004 1153; x_wconf 86' lang='lat' dir='ltr'>sed</span> 
     </span>
     <span class='ocr_line' id='line_1_16' title="bbox 228 1194 2002 1254; baseline -0.002 -14"><span class='ocrx_word' id='word_1_97' title='bbox 228 1201 408 1241; x_wconf 86' lang='lat' dir='ltr'>tantum</span> <span class='ocrx_word' id='word_1_98' title='bbox 445 1196 620 1254; x_wconf 86' lang='lat' dir='ltr'>proprie</span> <span class='ocrx_word' id='word_1_99' title='bbox 653 1196 823 1240; x_wconf 87' lang='lat' dir='ltr'>dictam</span> <span class='ocrx_word' id='word_1_100' title='bbox 847 1195 1317 1249; x_wconf 77' lang='lat' dir='ltr'>commendationem,</span> <span class='ocrx_word' id='word_1_101' title='bbox 1344 1196 1405 1239; x_wconf 92' lang='lat' dir='ltr'>ita</span> <span class='ocrx_word' id='word_1_102' title='bbox 1431 1199 1480 1238; x_wconf 90' lang='lat' dir='ltr'>ut</span> <span class='ocrx_word' id='word_1_103' title='bbox 1502 1194 1641 1238; x_wconf 87' lang='lat' dir='ltr'>etiam</span> <span class='ocrx_word' id='word_1_104' title='bbox 1666 1208 1723 1238; x_wconf 85' lang='lat' dir='ltr'>ex</span> <span class='ocrx_word' id='word_1_105' title='bbox 1746 1194 2002 1237; x_wconf 88' lang='lat' dir='ltr'>litterarum</span> 
     </span>
     <span class='ocr_line' id='line_1_17' title="bbox 230 1274 2004 1338; baseline -0.003 -14"><span class='ocrx_word' id='word_1_106' title='bbox 230 1281 373 1324; x_wconf 86' lang='lat' dir='ltr'>l&#39;orma</span> <span class='ocrx_word' id='word_1_107' title='bbox 411 1285 562 1338; x_wconf 86' lang='lat' dir='ltr'>pateat</span> <span class='ocrx_word' id='word_1_108' title='bbox 598 1281 767 1324; x_wconf 85' lang='lat' dir='ltr'>nnllam</span> <span class='ocrx_word' id='word_1_109' title='bbox 806 1279 848 1322; x_wconf 92' lang='lat' dir='ltr'>in</span> <span class='ocrx_word' id='word_1_110' title='bbox 886 1282 925 1323; x_wconf 79' lang='lat' dir='ltr'>S.</span> <span class='ocrx_word' id='word_1_111' title='bbox 964 1280 1123 1323; x_wconf 85' lang='lat' dir='ltr'>Sedem</span> <span class='ocrx_word' id='word_1_112' title='bbox 1159 1278 1328 1323; x_wconf 79' lang='lat' dir='ltr'>inferre</span> <span class='ocrx_word' id='word_1_113' title='bbox 1352 1277 1675 1334; x_wconf 81' lang='lat' dir='ltr'>obligationem</span> <span class='ocrx_word' id='word_1_114' title='bbox 1700 1275 1893 1334; x_wconf 80' lang='lat' dir='ltr'>eligendi</span> <span class='ocrx_word' id='word_1_115' title='bbox 1927 1274 2004 1319; x_wconf 90' lang='lat' dir='ltr'>ali—</span> 
     </span>
     <span class='ocr_line' id='line_1_18' title="bbox 227 1357 2006 1422; baseline -0.002 -16"><span class='ocrx_word' id='word_1_116' title='bbox 227 1377 363 1422; x_wconf 82' lang='lat' dir='ltr'>quem</span> <span class='ocrx_word' id='word_1_117' title='bbox 399 1379 455 1408; x_wconf 85' lang='lat' dir='ltr'>ex</span> <span class='ocrx_word' id='word_1_118' title='bbox 490 1362 841 1408; x_wconf 85' lang='lat' dir='ltr'>commendatis:</span> <span class='ocrx_word' id='word_1_119' title='bbox 879 1364 1003 1407; x_wconf 87' lang='lat' dir='ltr'>salva</span> <span class='ocrx_word' id='word_1_120' title='bbox 1039 1363 1162 1407; x_wconf 88' lang='lat' dir='ltr'>enim</span> <span class='ocrx_word' id='word_1_121' title='bbox 1201 1376 1386 1406; x_wconf 69' lang='lat' dir='ltr'>manere</span> <span class='ocrx_word' id='word_1_122' title='bbox 1431 1361 1564 1405; x_wconf 89' lang='lat' dir='ltr'>debet</span> <span class='ocrx_word' id='word_1_123' title='bbox 1606 1366 1652 1405; x_wconf 87' lang='lat' dir='ltr'>et</span> <span class='ocrx_word' id='word_1_124' title='bbox 1686 1361 1835 1404; x_wconf 88' lang='lat' dir='ltr'>illaesa</span> <span class='ocrx_word' id='word_1_125' title='bbox 1872 1357 2006 1413; x_wconf 29' lang='lat' dir='ltr'>,Sedis</span> 
     </span>
     <span class='ocr_line' id='line_1_19' title="bbox 231 1443 2003 1505; baseline -0.003 -14"><span class='ocrx_word' id='word_1_126' title='bbox 231 1449 512 1505; x_wconf 76' lang='lat' dir='ltr'>Apostolicae</span> <span class='ocrx_word' id='word_1_127' title='bbox 547 1447 730 1492; x_wconf 88' lang='lat' dir='ltr'>libertas</span> <span class='ocrx_word' id='word_1_128' title='bbox 764 1446 808 1490; x_wconf 95' lang='lat' dir='ltr'>in</span> <span class='ocrx_word' id='word_1_129' title='bbox 844 1446 1063 1503; x_wconf 79' lang='lat' dir='ltr'>eligendis</span> <span class='ocrx_word' id='word_1_130' title='bbox 1091 1445 1334 1504; x_wconf 86' lang='lat' dir='ltr'>Episcopis;</span> <span class='ocrx_word' id='word_1_131' title='bbox 1356 1443 1783 1489; x_wconf 84' lang='lat' dir='ltr'>commendationes</span> <span class='ocrx_word' id='word_1_132' title='bbox 1807 1456 1916 1486; x_wconf 90' lang='lat' dir='ltr'>vero</span> <span class='ocrx_word' id='word_1_133' title='bbox 1941 1443 2003 1485; x_wconf 94' lang='lat' dir='ltr'>lu-</span> 
     </span>
     <span class='ocr_line' id='line_1_20' title="bbox 230 1525 2004 1588; baseline -0.004 -12"><span class='ocrx_word' id='word_1_134' title='bbox 230 1546 334 1576; x_wconf 89' lang='lat' dir='ltr'>men</span> <span class='ocrx_word' id='word_1_135' title='bbox 373 1536 551 1575; x_wconf 79' lang='lat' dir='ltr'>tainum</span> <span class='ocrx_word' id='word_1_136' title='bbox 587 1535 632 1574; x_wconf 81' lang='lat' dir='ltr'>et</span> <span class='ocrx_word' id='word_1_137' title='bbox 664 1530 976 1588; x_wconf 75' lang='lat' dir='ltr'>cognitionem</span> <span class='ocrx_word' id='word_1_138' title='bbox 1012 1531 1051 1573; x_wconf 88' lang='lat' dir='ltr'>S.</span> <span class='ocrx_word' id='word_1_139' title='bbox 1090 1528 1440 1587; x_wconf 84' lang='lat' dir='ltr'>Congregationi</span> <span class='ocrx_word' id='word_1_140' title='bbox 1467 1542 1557 1572; x_wconf 93' lang='lat' dir='ltr'>non</span> <span class='ocrx_word' id='word_1_141' title='bbox 1592 1532 1748 1571; x_wconf 90' lang='lat' dir='ltr'>autem</span> <span class='ocrx_word' id='word_1_142' title='bbox 1772 1525 2004 1583; x_wconf 84' lang='lat' dir='ltr'>obligatio-</span> 
     </span>
     <span class='ocr_line' id='line_1_21' title="bbox 229 1615 577 1659; baseline 0 -1"><span class='ocrx_word' id='word_1_143' title='bbox 229 1629 332 1659; x_wconf 86' lang='lat' dir='ltr'>nem</span> <span class='ocrx_word' id='word_1_144' title='bbox 370 1615 577 1659; x_wconf 81' lang='lat' dir='ltr'>all‘erent.</span> 
     </span>
    </p>

    <p class='ocr_par' dir='ltr' id='par_1_8' title="bbox 226 1693 2003 1909">
     <span class='ocr_line' id='line_1_22' title="bbox 351 1693 2000 1752; baseline -0.004 -12"><span class='ocrx_word' id='word_1_145' title='bbox 351 1699 643 1742; x_wconf 42' lang='lat' dir='ltr'>armandam.-</span> <span class='ocrx_word' id='word_1_146' title='bbox 696 1701 743 1741; x_wconf 81' lang='grc' dir='ltr'>[η</span> <span class='ocrx_word' id='word_1_147' title='bbox 791 1696 991 1742; x_wconf 80' lang='lat' dir='ltr'>Concilio</span> <span class='ocrx_word' id='word_1_148' title='bbox 1040 1695 1247 1740; x_wconf 87' lang='lat' dir='ltr'>Plenario</span> <span class='ocrx_word' id='word_1_149' title='bbox 1284 1694 1615 1748; x_wconf 75' lang='lat' dir='ltr'>Australasiae,</span> <span class='ocrx_word' id='word_1_150' title='bbox 1651 1693 1770 1752; x_wconf 82' lang='lat' dir='ltr'>quod</span> <span class='ocrx_word' id='word_1_151' title='bbox 1815 1707 1839 1736; x_wconf 89' lang='lat' dir='ltr'>a</span> <span class='ocrx_word' id='word_1_152' title='bbox 1881 1695 2000 1736; x_wconf 89' lang='lat' dir='ltr'>Sacr.</span> 
     </span>
     <span class='ocr_line' id='line_1_23' title="bbox 226 1777 2003 1839; baseline -0.005 -13"><span class='ocrx_word' id='word_1_153' title='bbox 226 1785 387 1839; x_wconf 85' lang='lat' dir='ltr'>Congr.</span> <span class='ocrx_word' id='word_1_154' title='bbox 415 1783 468 1826; x_wconf 77' lang='lat' dir='ltr'>de</span> <span class='ocrx_word' id='word_1_155' title='bbox 506 1787 633 1839; x_wconf 87' lang='lat' dir='ltr'>Prop.</span> <span class='ocrx_word' id='word_1_156' title='bbox 668 1781 772 1825; x_wconf 82' lang='lat' dir='ltr'>Fide</span> <span class='ocrx_word' id='word_1_157' title='bbox 810 1780 1092 1838; x_wconf 87' lang='lat' dir='ltr'>recognitum</span> <span class='ocrx_word' id='word_1_158' title='bbox 1128 1785 1196 1824; x_wconf 88' lang='lat' dir='ltr'>est</span> <span class='ocrx_word' id='word_1_159' title='bbox 1228 1779 1411 1823; x_wconf 85' lang='lat' dir='ltr'>decreto</span> <span class='ocrx_word' id='word_1_160' title='bbox 1440 1780 1455 1822; x_wconf 89' lang='lat' dir='ltr'>l</span> <span class='ocrx_word' id='word_1_161' title='bbox 1487 1778 1593 1822; x_wconf 85' lang='lat' dir='ltr'>Maii</span> <span class='ocrx_word' id='word_1_162' title='bbox 1623 1777 1748 1831; x_wconf 85' lang='lat'>1887,</span> <span class='ocrx_word' id='word_1_163' title='bbox 1781 1777 1892 1820; x_wconf 90' lang='lat' dir='ltr'>haec</span> <span class='ocrx_word' id='word_1_164' title='bbox 1916 1779 2003 1818; x_wconf 87' lang='lat' dir='ltr'>Sta-</span> 
     </span>
     <span class='ocr_line' id='line_1_24' title="bbox 229 1870 482 1909; baseline 0 -1"><span class='ocrx_word' id='word_1_165' title='bbox 229 1870 324 1909; x_wconf 88' lang='lat' dir='ltr'>tuta</span> <span class='ocrx_word' id='word_1_166' title='bbox 360 1871 482 1909; x_wconf 86' lang='lat' dir='ltr'>sunt.</span> 
     </span>
    </p>

    <p class='ocr_par' dir='ltr' id='par_1_9' title="bbox 224 1944 2003 2494">
     <span class='ocr_line' id='line_1_25' title="bbox 350 1944 1999 2007; baseline -0.005 -15"><span class='ocrx_word' id='word_1_167' title='bbox 350 1950 387 1992; x_wconf 84' lang='lat'>1.</span> <span class='ocrx_word' id='word_1_168' title='bbox 429 1949 672 2007; x_wconf 77' lang='lat' dir='ltr'>Episcopus</span> <span class='ocrx_word' id='word_1_169' title='bbox 711 1948 837 1992; x_wconf 82' lang='lat' dir='ltr'>iuxta</span> <span class='ocrx_word' id='word_1_170' title='bbox 884 1947 1149 1991; x_wconf 80' lang='lat' dir='ltr'>facultatem</span> <span class='ocrx_word' id='word_1_171' title='bbox 1194 1960 1217 1989; x_wconf 89' lang='lat' dir='ltr'>a</span> <span class='ocrx_word' id='word_1_172' title='bbox 1260 1948 1422 1990; x_wconf 84' lang='lat' dir='ltr'>Sancta</span> <span class='ocrx_word' id='word_1_173' title='bbox 1469 1944 1579 1989; x_wconf 91' lang='lat' dir='ltr'>Sede</span> <span class='ocrx_word' id='word_1_174' title='bbox 1623 1947 1859 2000; x_wconf 86' lang='lat' dir='ltr'>acceptam</span> <span class='ocrx_word' id='word_1_175' title='bbox 1908 1954 1999 1984; x_wconf 93' lang='lat' dir='ltr'>non</span> 
     </span>
     <span class='ocr_line' id='line_1_26' title="bbox 227 2025 1999 2088; baseline -0.006 -11"><span class='ocrx_word' id='word_1_176' title='bbox 227 2032 425 2087; x_wconf 85' lang='lat' dir='ltr'>omittet,</span> <span class='ocrx_word' id='word_1_177' title='bbox 461 2032 656 2076; x_wconf 84' lang='lat' dir='ltr'>durante</span> <span class='ocrx_word' id='word_1_178' title='bbox 692 2031 803 2085; x_wconf 77' lang='lat' dir='ltr'>vita,</span> <span class='ocrx_word' id='word_1_179' title='bbox 850 2030 1018 2088; x_wconf 87' lang='lat' dir='ltr'>scripto</span> <span class='ocrx_word' id='word_1_180' title='bbox 1063 2029 1301 2087; x_wconf 84' lang='lat' dir='ltr'>designare</span> <span class='ocrx_word' id='word_1_181' title='bbox 1343 2028 1627 2073; x_wconf 86' lang='lat' dir='ltr'>sacerdotem</span> <span class='ocrx_word' id='word_1_182' title='bbox 1676 2025 1999 2070; x_wconf 83' lang='lat' dir='ltr'>dioecesanum</span> 
     </span>
     <span class='ocr_line' id='line_1_27' title="bbox 224 2106 2000 2174; baseline -0.005 -15"><span class='ocrx_word' id='word_1_183' title='bbox 224 2115 298 2174; x_wconf 82' lang='lat' dir='ltr'>qui</span> <span class='ocrx_word' id='word_1_184' title='bbox 334 2116 438 2159; x_wconf 88' lang='lat' dir='ltr'>sede</span> <span class='ocrx_word' id='word_1_185' title='bbox 476 2120 670 2160; x_wconf 76' lang='lat' dir='ltr'>vacante</span> <span class='ocrx_word' id='word_1_186' title='bbox 704 2129 803 2159; x_wconf 88' lang='lat' dir='ltr'>eam</span> <span class='ocrx_word' id='word_1_187' title='bbox 838 2113 1145 2158; x_wconf 86' lang='lat' dir='ltr'>administret.</span> <span class='ocrx_word' id='word_1_188' title='bbox 1183 2112 1225 2156; x_wconf 83' lang='lat' dir='ltr'>si</span> <span class='ocrx_word' id='word_1_189' title='bbox 1262 2126 1369 2156; x_wconf 81' lang='lat' dir='ltr'>vero</span> <span class='ocrx_word' id='word_1_190' title='bbox 1407 2110 1649 2168; x_wconf 77' lang='lat' dir='ltr'>Episcopus</span> <span class='ocrx_word' id='word_1_191' title='bbox 1683 2109 1728 2152; x_wconf 93' lang='lat' dir='ltr'>in</span> <span class='ocrx_word' id='word_1_192' title='bbox 1754 2109 1838 2152; x_wconf 87' lang='lat' dir='ltr'>hoc</span> <span class='ocrx_word' id='word_1_193' title='bbox 1862 2106 2000 2164; x_wconf 83' lang='lat' dir='ltr'>negli-</span> 
     </span>
     <span class='ocr_line' id='line_1_28' title="bbox 225 2189 2001 2256; baseline -0.006 -13"><span class='ocrx_word' id='word_1_194' title='bbox 225 2212 336 2255; x_wconf 88' lang='lat' dir='ltr'>gens</span> <span class='ocrx_word' id='word_1_195' title='bbox 370 2199 522 2254; x_wconf 78' lang='lat' dir='ltr'>suerit,</span> <span class='ocrx_word' id='word_1_196' title='bbox 560 2197 895 2256; x_wconf 82' lang='lat' dir='ltr'>Archiepiseopi</span> <span class='ocrx_word' id='word_1_197' title='bbox 936 2195 1272 2254; x_wconf 81' lang='lat' dir='ltr'>Metropolitani</span> <span class='ocrx_word' id='word_1_198' title='bbox 1312 2195 1399 2239; x_wconf 87' lang='lat' dir='ltr'>erit</span> <span class='ocrx_word' id='word_1_199' title='bbox 1434 2208 1511 2251; x_wconf 89' lang='lat' dir='ltr'>pro</span> <span class='ocrx_word' id='word_1_200' title='bbox 1554 2190 1852 2249; x_wconf 80' lang='lat' dir='ltr'>suffraganeis</span> <span class='ocrx_word' id='word_1_201' title='bbox 1889 2189 2001 2234; x_wconf 89' lang='lat' dir='ltr'>sedi-</span> 
     </span>
     <span class='ocr_line' id='line_1_29' title="bbox 224 2273 2003 2338; baseline -0.006 -12"><span class='ocrx_word' id='word_1_202' title='bbox 224 2282 307 2326; x_wconf 80' lang='lat' dir='ltr'>bus</span> <span class='ocrx_word' id='word_1_203' title='bbox 343 2283 769 2327; x_wconf 48' lang='lat' dir='ltr'>,administratorem</span> <span class='ocrx_word' id='word_1_204' title='bbox 805 2281 1040 2338; x_wconf 84' lang='lat' dir='ltr'>deputare,</span> <span class='ocrx_word' id='word_1_205' title='bbox 1068 2279 1261 2324; x_wconf 87' lang='lat' dir='ltr'>senioris</span> <span class='ocrx_word' id='word_1_206' title='bbox 1287 2292 1394 2323; x_wconf 85' lang='lat' dir='ltr'>vero</span> <span class='ocrx_word' id='word_1_207' title='bbox 1418 2275 1699 2334; x_wconf 83' lang='lat' dir='ltr'>Suffraganei</span> <span class='ocrx_word' id='word_1_208' title='bbox 1725 2288 1802 2332; x_wconf 89' lang='lat' dir='ltr'>pro</span> <span class='ocrx_word' id='word_1_209' title='bbox 1827 2273 2003 2317; x_wconf 87' lang='lat' dir='ltr'>archie-</span> 
     </span>
     <span class='ocr_line' id='line_1_30' title="bbox 226 2356 2002 2424; baseline -0.007 -13"><span class='ocrx_word' id='word_1_210' title='bbox 226 2365 439 2424; x_wconf 88' lang='lat' dir='ltr'>piscopali</span> <span class='ocrx_word' id='word_1_211' title='bbox 474 2366 593 2410; x_wconf 89' lang='lat' dir='ltr'>sede.</span> <span class='ocrx_word' id='word_1_212' title='bbox 631 2365 713 2410; x_wconf 84' lang='lat' dir='ltr'>Hic</span> <span class='ocrx_word' id='word_1_213' title='bbox 746 2370 900 2409; x_wconf 86' lang='lat' dir='ltr'>autem</span> <span class='ocrx_word' id='word_1_214' title='bbox 939 2363 1293 2409; x_wconf 77' lang='lat' dir='ltr'>Administrator</span> <span class='ocrx_word' id='word_1_215' title='bbox 1325 2361 1519 2419; x_wconf 86' lang='lat' dir='ltr'>eligatur</span> <span class='ocrx_word' id='word_1_216' title='bbox 1558 2374 1615 2404; x_wconf 89' lang='lat' dir='ltr'>ex</span> <span class='ocrx_word' id='word_1_217' title='bbox 1660 2356 2002 2403; x_wconf 89' lang='lat' dir='ltr'>Consultoribus</span> 
     </span>
     <span class='ocr_line' id='line_1_31' title="bbox 227 2444 1483 2494; baseline -0.004 -1"><span class='ocrx_word' id='word_1_218' title='bbox 227 2450 298 2493; x_wconf 87' lang='lat' dir='ltr'>vel</span> <span class='ocrx_word' id='word_1_219' title='bbox 337 2449 603 2494; x_wconf 84' lang='lat' dir='ltr'>Rectoribns</span> <span class='ocrx_word' id='word_1_220' title='bbox 636 2447 974 2492; x_wconf 80' lang='lat' dir='ltr'>Parocliialibus</span> <span class='ocrx_word' id='word_1_221' title='bbox 1008 2445 1219 2492; x_wconf 87' lang='lat' dir='ltr'>vacantis</span> <span class='ocrx_word' id='word_1_222' title='bbox 1251 2444 1483 2489; x_wconf 87' lang='lat' dir='ltr'>dioecesis.</span> 
     </span>
    </p>

    <p class='ocr_par' dir='ltr' id='par_1_10' title="bbox 225 2525 2000 3007">
     <span class='ocr_line' id='line_1_32' title="bbox 344 2525 1998 2577; baseline -0.007 0"><span class='ocrx_word' id='word_1_223' title='bbox 344 2534 384 2577; x_wconf 75' lang='lat'>2.</span> <span class='ocrx_word' id='word_1_224' title='bbox 425 2532 803 2576; x_wconf 65' lang='lat' dir='ltr'>Administratore</span> <span class='ocrx_word' id='word_1_225' title='bbox 836 2535 1125 2575; x_wconf 80' lang='lat' dir='ltr'>convocante</span> <span class='ocrx_word' id='word_1_226' title='bbox 1158 2529 1441 2574; x_wconf 89' lang='lat' dir='ltr'>convenient</span> <span class='ocrx_word' id='word_1_227' title='bbox 1482 2527 1536 2571; x_wconf 88' lang='lat' dir='ltr'>ad</span> <span class='ocrx_word' id='word_1_228' title='bbox 1585 2525 1893 2571; x_wconf 83' lang='lat' dir='ltr'>cathedralem</span> <span class='ocrx_word' id='word_1_229' title='bbox 1929 2536 1998 2566; x_wconf 90' lang='lat' dir='ltr'>ec·</span> 
     </span>
     <span class='ocr_line' id='line_1_33' title="bbox 225 2604 1998 2674; baseline -0.007 -14"><span class='ocrx_word' id='word_1_230' title='bbox 225 2615 409 2660; x_wconf 88' lang='lat' dir='ltr'>clesiam</span> <span class='ocrx_word' id='word_1_231' title='bbox 446 2616 563 2660; x_wconf 87' lang='lat' dir='ltr'>intra</span> <span class='ocrx_word' id='word_1_232' title='bbox 598 2614 861 2674; x_wconf 82' lang='lat' dir='ltr'>quindecim</span> <span class='ocrx_word' id='word_1_233' title='bbox 896 2614 991 2657; x_wconf 91' lang='lat' dir='ltr'>dies</span> <span class='ocrx_word' id='word_1_234' title='bbox 1023 2613 1313 2658; x_wconf 72' lang='lat' dir='ltr'>consultores</span> <span class='ocrx_word' id='word_1_235' title='bbox 1346 2609 1601 2655; x_wconf 90' lang='lat' dir='ltr'>dioecesani</span> <span class='ocrx_word' id='word_1_236' title='bbox 1625 2612 1671 2653; x_wconf 87' lang='lat' dir='ltr'>et</span> <span class='ocrx_word' id='word_1_237' title='bbox 1697 2610 1909 2652; x_wconf 82' lang='lat' dir='ltr'>Rectores</span> <span class='ocrx_word' id='word_1_238' title='bbox 1932 2604 1998 2648; x_wconf 94' lang='lat' dir='ltr'>in-</span> 
     </span>
     <span class='ocr_line' id='line_1_34' title="bbox 225 2687 2000 2755; baseline -0.006 -12"><span class='ocrx_word' id='word_1_239' title='bbox 225 2699 496 2743; x_wconf 88' lang='lat' dir='ltr'>amovibiles</span> <span class='ocrx_word' id='word_1_240' title='bbox 530 2698 739 2743; x_wconf 78' lang='lat' dir='ltr'>vacantis</span> <span class='ocrx_word' id='word_1_241' title='bbox 771 2697 991 2741; x_wconf 87' lang='lat' dir='ltr'>dioecesis</span> <span class='ocrx_word' id='word_1_242' title='bbox 1023 2696 1100 2755; x_wconf 87' lang='lat' dir='ltr'>qui</span> <span class='ocrx_word' id='word_1_243' title='bbox 1136 2700 1314 2740; x_wconf 86' lang='lat' dir='ltr'>secreto</span> <span class='ocrx_word' id='word_1_244' title='bbox 1352 2693 1566 2750; x_wconf 78' lang='lat' dir='ltr'>suffragio</span> <span class='ocrx_word' id='word_1_245' title='bbox 1609 2691 1653 2736; x_wconf 94' lang='lat' dir='ltr'>in</span> <span class='ocrx_word' id='word_1_246' title='bbox 1694 2689 1872 2748; x_wconf 89' lang='lat' dir='ltr'>scriptis</span> <span class='ocrx_word' id='word_1_247' title='bbox 1917 2687 2000 2732; x_wconf 84' lang='lat' dir='ltr'>tria</span> 
     </span>
     <span class='ocr_line' id='line_1_35' title="bbox 226 2772 1999 2840; baseline -0.006 -14"><span class='ocrx_word' id='word_1_248' title='bbox 226 2783 415 2827; x_wconf 90' lang='lat' dir='ltr'>nomina</span> <span class='ocrx_word' id='word_1_249' title='bbox 451 2786 706 2840; x_wconf 87' lang='lat' dir='ltr'>proponent</span> <span class='ocrx_word' id='word_1_250' title='bbox 738 2780 1156 2825; x_wconf 84' lang='lat' dir='ltr'>ecclesiasticorum</span> <span class='ocrx_word' id='word_1_251' title='bbox 1189 2791 1303 2838; x_wconf 88' lang='lat' dir='ltr'>quos</span> <span class='ocrx_word' id='word_1_252' title='bbox 1325 2776 1552 2835; x_wconf 82' lang='lat' dir='ltr'>digniores</span> <span class='ocrx_word' id='word_1_253' title='bbox 1574 2779 1620 2819; x_wconf 89' lang='lat' dir='ltr'>et</span> <span class='ocrx_word' id='word_1_254' title='bbox 1648 2773 1792 2831; x_wconf 87' lang='lat' dir='ltr'>magis</span> <span class='ocrx_word' id='word_1_255' title='bbox 1813 2772 1999 2816; x_wconf 90' lang='lat' dir='ltr'>idoneos</span> 
     </span>
     <span class='ocr_line' id='line_1_36' title="bbox 226 2853 1996 2922; baseline -0.007 -13"><span class='ocrx_word' id='word_1_256' title='bbox 226 2865 534 2911; x_wconf 83' lang='lat' dir='ltr'>iudicaverint</span> <span class='ocrx_word' id='word_1_257' title='bbox 565 2865 620 2909; x_wconf 87' lang='lat' dir='ltr'>ad</span> <span class='ocrx_word' id='word_1_258' title='bbox 653 2863 907 2922; x_wconf 86' lang='lat' dir='ltr'>episcopale</span> <span class='ocrx_word' id='word_1_259' title='bbox 941 2876 1109 2907; x_wconf 90' lang='lat' dir='ltr'>munus</span> <span class='ocrx_word' id='word_1_260' title='bbox 1132 2862 1400 2920; x_wconf 87' lang='lat' dir='ltr'>gerendum,</span> <span class='ocrx_word' id='word_1_261' title='bbox 1425 2864 1477 2904; x_wconf 86' lang='lat' dir='ltr'>ut</span> <span class='ocrx_word' id='word_1_262' title='bbox 1500 2857 1704 2917; x_wconf 85' lang='lat' dir='ltr'>Episcopi</span> <span class='ocrx_word' id='word_1_263' title='bbox 1729 2853 1996 2901; x_wconf 87' lang='lat' dir='ltr'>Provinciae</span> 
     </span>
     <span class='ocr_line' id='line_1_37' title="bbox 226 2937 1998 3007; baseline -0.008 -12"><span class='ocrx_word' id='word_1_264' title='bbox 226 2964 278 2994; x_wconf 90' lang='lat' dir='ltr'>ea</span> <span class='ocrx_word' id='word_1_265' title='bbox 329 2949 516 2994; x_wconf 92' lang='lat' dir='ltr'>nomina</span> <span class='ocrx_word' id='word_1_266' title='bbox 562 2963 666 3007; x_wconf 89' lang='lat' dir='ltr'>prae</span> <span class='ocrx_word' id='word_1_267' title='bbox 714 2946 856 2992; x_wconf 92' lang='lat' dir='ltr'>oculis</span> <span class='ocrx_word' id='word_1_268' title='bbox 895 2947 1096 2990; x_wconf 89' lang='lat' dir='ltr'>habeant</span> <span class='ocrx_word' id='word_1_269' title='bbox 1137 2946 1182 2989; x_wconf 91' lang='lat' dir='ltr'>in</span> <span class='ocrx_word' id='word_1_270' title='bbox 1226 2942 1532 3003; x_wconf 89' lang='lat' dir='ltr'>proponendis</span> <span class='ocrx_word' id='word_1_271' title='bbox 1573 2941 1672 2986; x_wconf 87' lang='lat' dir='ltr'>Sedi</span> <span class='ocrx_word' id='word_1_272' title='bbox 1717 2937 1998 2998; x_wconf 78' lang='lat' dir='ltr'>Apostolicae</span> 
     </span>
    </p>
   </div>
   <div class='ocr_carea' id='block_1_6' title="bbox 227 3033 496 3077">
    <p class='ocr_par' dir='ltr' id='par_1_11' title="bbox 227 3033 496 3077">
     <span class='ocr_line' id='line_1_38' title="bbox 227 3033 496 3077; baseline 0.004 -1"><span class='ocrx_word' id='word_1_273' title='bbox 227 3033 496 3077; x_wconf 86' lang='lat' dir='ltr'>candidatis.</span> 
     </span>
    </p>
   </div>
  </div>
 </body>
</html>
