2176 3386
504 225 631 253 LIBER
661 225 685 252 1.
720 224 777 253 DE
807 223 945 253 REBUS
976 223 1212 252 ECCLESIAE
1241 222 1565 251 SPIPITUALIBUS
1873 211 1924 252 67

145 276 241 287 -aa—

138 335 400 393 eoynitione
431 336 727 391 operaretur.
761 329 879 377 Hinc
911 331 957 376 in
993 333 1210 375 instruct.
1236 331 1278 373 S.
1304 332 1467 388 Congr.
1496 330 1587 382 Fid.
1615 334 1743 389 Prop.
1770 329 1824 374 ad
1850 333 1926 375 Sa-

139 418 347 462 cerdotes
374 415 690 461 Tonkinenses
721 428 797 460 an.
828 415 938 460 1756
965 415 977 436 ¹
1011 415 1134 469 data,
1170 414 1283 458 haec
1317 427 1424 472 prae
1448 412 1591 458 oculis
1626 412 1926 459 Missionariis

140 499 347 545 habenda
382 503 701 557 proponuntur
736 518 755 538 a
783 497 1016 543 Absolutio
1048 497 1144 541 dari
1175 509 1357 554 prorsus
1379 496 1514 540 debet
1546 494 1802 554 poenitenti
1838 496 1924 540 rite

138 582 371 640 disposito.
428 586 481 627 Et
513 581 729 642 quamvis
763 581 894 626 multi
928 581 1097 626 dentur
1128 593 1292 637 casus,
1329 579 1374 624 in
1408 579 1572 640 quibus
1604 580 1846 638 denegatio
1878 585 1925 625 et

138 665 298 710 dilatio
327 664 628 710 absolutionis
662 647 948 710 medicamen
982 664 1042 708 sit
1074 669 1385 723 opportunum
1419 668 1466 708 et
1497 663 1690 707 subinde
1719 676 1927 709 necessa-

141 749 278 803 rium,
313 752 450 807 atque
471 748 584 792 adeo
607 748 742 792 Sedes
765 747 1021 805 Apostolica
1048 747 1270 792 adversus
1294 747 1478 792 mollem
1508 751 1555 792 et
1585 751 1925 805 praeposteram

140 831 467 875 nonnullorum
501 833 803 876 casuistarum
839 831 884 875 in
908 830 1201 875 concedenda
1235 830 1521 875 absolutione
1558 830 1828 875 facilitatem
1860 830 1927 876 in-

139 914 355 970 surrexit,
391 919 548 960 tamen
582 914 786 972 exceptis
818 914 998 959 casibus
1032 914 1076 958 in
1110 913 1274 973 quibus
1292 913 1447 958 fideles
1481 919 1638 973 utpote
1663 928 1755 959 non
1780 914 1927 973 dispo-

139 996 211 1040 siti
246 997 420 1043 absolvi
468 1012 557 1043 non
594 1003 808 1056 possunt,
857 997 1114 1056 promiscua
1159 1001 1205 1041 et
1249 997 1415 1055 passim
1459 997 1659 1042 adhibita
1705 998 1928 1057 cuiusque

141 1083 315 1142 peccati
350 1082 564 1137 retentio,
599 1089 735 1126 causa
769 1081 1058 1139 concipiendi
1094 1081 1315 1126 maiorem
1349 1081 1570 1126 adversus
1603 1080 1797 1127 crimina
1822 1083 1927 1127 hor-

141 1163 290 1212 rorem
323 1171 369 1210 et
400 1165 668 1225 adquirendi
705 1165 939 1210 meliorem
974 1164 1318 1222 dispositionem
1353 1165 1408 1209 ad
1444 1165 1717 1211 beneficium
1751 1166 1928 1210 absolu-

138 1250 277 1295 tionis
309 1248 630 1304 obtinendum,
668 1262 759 1293 non
794 1251 863 1293 est
896 1249 1099 1306 profecto
1134 1248 1392 1304 medicina,
1429 1262 1514 1292 nec
1547 1248 1788 1306 castigatio
1822 1263 1928 1293 con·

139 1348 248 1392 grua
282 1348 500 1393 umquam
538 1332 697 1376 invitis
730 1331 1072 1390 poenitentibus
1104 1331 1306 1377 adhibita
1337 1333 1393 1377 ab
1420 1333 1634 1389 Ecclesia,
1671 1333 1749 1378 sed
1773 1347 1798 1377 a
1823 1333 1929 1378 solis

139 1416 293 1473 rigidis
325 1421 371 1461 et
398 1415 764 1473 imprudentibus
795 1415 1087 1460 confessariis
1119 1418 1279 1460 contra
1305 1429 1443 1460 omne
1467 1416 1535 1460 fas
1569 1419 1787 1474 usurpata
1826 1418 1870 1459 et
1904 1430 1928 1460 a

138 1499 283 1543 tribus
319 1498 534 1544 Romanis
569 1498 865 1545 Pontificibus
901 1498 1150 1557 proscripta
1178 1517 1216 1542 n.

258 1583 359 1627 751.
397 1582 559 1640 Negat-i
598 1596 706 1626 xero
739 1582 963 1627 absolutio
996 1582 1130 1627 debet
1164 1582 1215 1627 iis
1238 1583 1468 1638 omnibus,
1503 1583 1578 1642 qui
1605 1583 1756 1627 debita
1783 1583 1930 1642 dispo-

139 1666 306 1711 sitione
337 1670 514 1719 carent,
550 1667 706 1725 quales
739 1670 846 1710 sunt
878 1669 960 1725 qai
991 1667 1126 1711 'natta
1160 1667 1279 1712 dant
1310 1670 1451 1724 siyna
1485 1668 1670 1721 doloris,
1710 1670 1791 1726 qai
1821 1668 1930 1711 odia

137 1756 179 1794 et
210 1752 484 1795 inimicitias
515 1749 758 1807 deponere,
796 1757 879 1795 aat
911 1750 1087 1803 aliena,
1113 1753 1155 1794 si
1178 1757 1384 1807 poseant,
1417 1753 1671 1806 restituere,
1709 1758 1793 1796 aut
1821 1765 1929 1808 pro-

138 1836 317 1878 ximam
349 1836 577 1890 peccandi
606 1836 891 1878 occasionem
925 1834 1148 1885 deserere,
1186 1841 1269 1878 aat
1292 1834 1385 1878 alio
1412 1834 1542 1878 modo
1573 1841 1765 1892 peccata
1800 1835 1927 1879 dere-

139 1917 373 1975 linquere,
410 1922 450 1960 et
482 1918 627 1960 vitam
661 1918 711 1960 in
747 1917 911 1961 melias
943 1917 1197 1961 emendare
1231 1916 1425 1971 nolant,
1464 1923 1546 1960 aut
1581 1919 1661 1974 qai
1690 1917 1929 1974 publicam

138 2000 418 2045 scandatum
443 2000 688 2055 dederant,
715 2003 808 2044 nisi
828 2001 1005 2058 pablice
1026 2000 1346 2057 satisfaciant,
1373 2007 1413 2044 et
1435 2002 1718 2046 seandalam
1745 2002 1927 2046 tollant.

142 2084 228 2129 Rit.
265 2083 379 2138 Quid
415 2098 525 2128 vero
557 2084 611 2129 de
646 2083 715 2129 his
747 2085 822 2144 qui
860 2084 905 2128 in
940 2084 1181 2130 occasione
1218 2083 1435 2142 peccandi
1472 2086 1746 2129 versantur?
1788 2089 1928 2130 Occa-

140 2166 320 2211 sionum
355 2167 572 2225 peccandi
606 2167 772 2225 duplex
807 2181 950 2225 genus
982 2166 1307 2225 distinguitur,
1356 2168 1442 2212 alia
1478 2172 1547 2212 est
1579 2167 1704 2212 enim
1749 2168 1929 2214 occasio

136 2252 373 2306 proxima,
409 2250 552 2294 altera
586 2256 780 2295 remota.
820 2250 1032 2295 Proxima
1065 2254 1134 2295 est
1163 2251 1236 2295 illa
1270 2250 1317 2296 in
1341 2265 1430 2310 qua
1463 2251 1564 2310 quis
1588 2251 1761 2310 positus
1796 2265 1930 2310 saepe

141 2332 289 2388 cadit,
333 2332 451 2392 quod
488 2333 835 2391 intelligendum
870 2338 936 2378 est
977 2347 1067 2378 non
1103 2334 1306 2379 absolate
1348 2334 1423 2378 sed
1466 2337 1739 2391 respective,
1785 2334 1847 2379 ita
1882 2339 1934 2379 ut

142 2416 334 2461 verbum
358 2430 494 2474 saepe
522 2421 815 2462 mensuretur
837 2432 861 2462 a
887 2417 1080 2474 vicibus,
1116 2418 1281 2477 quibus
1307 2418 1480 2476 positus
1502 2423 1570 2463 est
1595 2418 1640 2463 in
1668 2419 1927 2464 occasione.

141 2500 259 2545 Hinc
301 2501 377 2560 qui
422 2499 612 2558 singulis
656 2499 814 2545 diebus
856 2501 1028 2559 positus
1067 2504 1135 2545 est
1177 2500 1222 2544 in
1257 2501 1498 2545 occasione
1531 2506 1577 2546 et
1609 2502 1733 2546 cadit
1768 2506 1837 2546 ter
1881 2502 1926 2546 in

146 2596 321 2638 mense,
358 2597 449 2627 non
481 2581 647 2628 dicitur
678 2597 811 2641 saepe
839 2583 1018 2639 cadere,
1054 2584 1245 2628 attentis
1271 2583 1494 2642 siquidem
1522 2583 1707 2641 triginta
1734 2584 1927 2640 vicibus,

143 2667 306 2726 quibus
341 2667 384 2711 in
419 2666 660 2712 occasione
696 2671 922 2722 versatur,
958 2670 1030 2712 ter
1061 2667 1248 2722 cadere,
1286 2681 1377 2711 non
1413 2672 1482 2712 est
1513 2680 1650 2724 saepe
1683 2668 1872 2722 cadere,
1908 2682 1932 2711 e

144 2754 303 2795 contra
349 2749 426 2810 qui
459 2750 600 2795 semel
647 2750 693 2794 in
728 2750 1010 2795 hebdomada
1055 2750 1227 2808 positus
1260 2753 1329 2794 est
1362 2750 1406 2794 in
1441 2749 1684 2795 occasione
1730 2755 1774 2796 et
1809 2751 1932 2795 cadit

147 2837 218 2879 ter
249 2834 296 2879 in
332 2848 516 2890 mense,
551 2834 721 2879 dicitur
752 2848 887 2892 saepe
921 2835 1109 2889 cadere,
1153 2834 1258 2893 quia
1291 2836 1483 2879 attentis
1514 2834 1717 2893 quinque
1751 2834 1931 2879 vicibus

147 2917 311 2976 quibus
344 2916 516 2976 positus
547 2921 616 2962 est
658 2917 703 2962 in
737 2917 1005 2972 occasione,
1052 2924 1120 2961 ter
1153 2918 1320 2962 cadere
1364 2924 1430 2964 est
1460 2930 1594 2975 saepe
1629 2918 1807 2962 cadere.
1867 2921 1931 2961 Ex

262 3104 271 3123 ¹
302 3104 451 3142 Collect.
479 3114 515 3141 n.
539 3103 621 3141 971.
