2176 3386
219 182 272 222 36
863 196 972 224 PARS
1002 197 1026 225 1.
1062 197 1118 225 DE
1147 197 1358 226 Pssasoms

1150 241 1222 254 -1—.

220 304 300 344 aut
331 300 666 345 consuetudine
701 303 862 346 saltem
897 303 954 347 40
987 316 1216 366 annorum
1253 303 1283 359 ¹,
1320 303 1394 348 vel
1425 306 1464 362 c)
1490 305 1726 363 privilegio
1747 308 1996 366 apostolico

221 384 292 428 vel
325 385 371 441 d)
411 399 470 429 ex
506 390 654 442 pacto,
693 385 765 429 vel
797 386 835 442 e)
870 399 927 429 ex
961 398 1186 429 consensu
1221 385 1429 431 omnium
1471 387 1793 445 capitularium
1830 390 1995 435 saltem

222 481 300 524 pro
333 481 424 512 una
460 467 578 513 vice.
615 468 751 523 laici,
788 473 838 511 ut
870 467 1060 513 evidens
1092 473 1178 524 est,
1215 482 1299 513 nec
1331 470 1664 515 consuetudine
1698 484 1782 516 nec
1807 472 1994 530 prescri-

220 549 375 606 ptione
409 550 547 595 etiam
584 550 907 595 immemoriali
941 550 1178 610 acquirere
1212 556 1402 609 possunt
1435 551 1502 596 ius
1534 552 1727 611 eligendi
1765 558 1994 600 Pastorem

218 634 581 678 ecclesiasticum
606 634 637 688 ²,
672 634 750 678 sed
784 634 1108 679 tantummodo
1142 648 1199 678 ex
1232 634 1468 692 privilegio
1500 636 1763 694 apostolico.

337 719 409 762 57.
450 717 753 762 prohibentur
785 722 941 762 autem
979 718 1016 774 l)
1057 717 1454 762 Excommunicati
1492 719 1650 763 maiori
1675 721 1991 766 excommuni-

220 800 344 845 tione
379 801 420 856 ³,
456 800 661 859 suspensi
704 801 761 845 ab
803 800 950 845 officio
979 801 1020 855 ¹⁸,
1057 800 1289 865 interdicti
1330 802 1629 860 personaliter
1675 807 1721 847 et
1762 803 1995 849 temerarii

219 883 466 928 violatores
499 883 730 928 interdicti
765 883 920 928 localis
953 898 1032 942 per
1064 884 1418 929 celebrationem
1449 885 1690 930 missarum
1717 887 1747 941 ⁵,
1783 887 1995 932 absentes

219 966 420 1024 legitime
455 981 546 1011 non
582 966 787 1025 impediti
813 968 855 1023 ⁶3
893 981 1029 1011 nemo
1063 971 1218 1012 autem
1253 968 1455 1026 seipsum
1483 968 1647 1027 eligere
1681 974 1829 1028 potest
1853 972 1884 1026 ⁷,
1919 971 1995 1030 qui

221 1064 276 1093 ex
312 1051 443 1108 culpa
478 1051 606 1108 gravi
643 1051 853 1108 privatur
889 1064 966 1108 pro
999 1065 1051 1095 ea
1088 1050 1187 1095 vice
1223 1055 1447 1109 potestate
1470 1051 1664 1110 eligendi
1688 1054 1751 1096 uti
1777 1053 1996 1111 eligentes

219 1135 290 1177 vel
328 1135 615 1191 postulantes
649 1133 888 1190 indignum
924 1133 955 1188 ²⁵,
991 1133 1156 1191 aliique
1190 1133 1244 1177 de
1278 1133 1441 1192 quibus
1464 1135 1509 1178 in
1543 1148 1641 1193 cap.
1667 1137 1717 1180 4¹1
1746 1140 1792 1180 et
1814 1137 1887 1192 42,
1912 1137 1991 1180 ht.

220 1216 265 1260 in
300 1217 602 1262 decretalibus
635 1217 798 1274 agitur.
842 1220 1054 1261 Ceterum
1088 1222 1138 1260 ut
1171 1218 1444 1275 capitulares
1482 1219 1534 1262 ad
1576 1219 1835 1277 eligendum
1869 1235 2009 1278 prae--

220 1300 364 1345 latum
398 1300 705 1344 admittantur
737 1303 917 1357 oportet
948 1305 999 1344 ut
1031 1301 1192 1344 saltem
1227 1300 1581 1347 subdiaconatus
1613 1302 1770 1347 ordine
1803 1303 1895 1347 sint
1928 1303 1994 1347 in-

217 1385 370 1441 signiti
390 1385 423 1439 ⁹,
451 1383 535 1428 nisi
571 1389 728 1428 tamen
753 1384 806 1427 de
834 1384 1129 1441 Regularibus
1161 1389 1323 1441 agatur
1345 1384 1394 1428 ¹⁰.
1432 1388 1545 1428 Item
1569 1387 1625 1429 ab
1647 1384 1869 1430 electione
1897 1399 1993 1444 per-

218 1469 391 1525 agenda
425 1468 735 1512 excluduntur
766 1467 1024 1525 impuberes
1048 1467 1097 1511 ¹¹.
1136 1467 1177 1510 Si
1212 1467 1332 1511 intra
1367 1471 1459 1511 tres
1491 1481 1672 1512 menses
1694 1467 1891 1526 episcopi
1922 1467 1994 1512 vel

219 1552 466 1610 superioris
506 1552 724 1609 regularis
757 1550 920 1595 electio
954 1550 1105 1594 locum
1141 1564 1232 1594 non
1267 1550 1434 1594 habeat
1466 1551 1522 1594 ob
1555 1549 1877 1607 negligentiam
1916 1554 1996 1594 aut

220 1636 455 1680 dissidium
491 1637 758 1689 electorum,
796 1634 839 1678 hi
875 1647 926 1677 ea
961 1633 1062 1677 vice
1096 1633 1192 1677 iure
1225 1633 1420 1690 eligendi
1442 1633 1756 1677 destituuntur
1786 1632 1906 1691 quod
1939 1631 1992 1676 ad

217 1720 479 1778 proximum
505 1719 788 1777 superiorem
811 1718 1076 1762 devolvitur
1099 1718 1149 1772 ¹²,
1187 1716 1271 1760 nisi
1295 1716 1551 1774 Capitulum
1584 1717 1641 1760 ab
1663 1717 1788 1761 omni
1821 1715 1994 1761 archie-

217 1803 431 1862 piscopali
468 1802 779 1847 iurisdictione
814 1805 1082 1859 exemptum
1107 1801 1181 1857 sit,
1207 1815 1296 1860 quo
1329 1800 1375 1845 in
1400 1814 1506 1846 casu
1540 1800 1609 1844 ius
1637 1801 1692 1845 ad
1727 1799 1993 1845 Pontificem

218 1886 484 1932 immediate
519 1886 743 1946 spectabit
767 1885 816 1930 ¹³.
854 1888 1024 1929 Verum
1053 1885 1099 1929 in
1131 1883 1341 1930 Ecclesiis
1372 1884 1641 1942 collegiatis,
1667 1883 1826 1928 aliisve
1861 1883 1993 1926 bene-

215 1971 331 2016 ficiis
356 1986 433 2028 per
450 1970 722 2016 electionem
742 1968 1032 2013 conferendis
1056 1966 1219 2025 integri
1243 1972 1476 2012 semestris
1506 1980 1631 2011 mora
1655 1966 1916 2023 indulgetur
1940 1965 1989 2009 Μ.

338 2126 343 2143 ¹
378 2128 464 2171 Arg,
491 2137 536 2161 ex
564 2135 641 2170 cap.
670 2126 691 2160 8
716 2125 760 2161 de
788 2129 953 2160 consuet.
980 2128 1015 2159 et
1042 2134 1071 2159 c.
1099 2124 1119 2158 4
1146 2123 1190 2159 de
1217 2122 1351 2168 postul.

334 2199 345 2216 2
373 2199 410 2234 G.
436 2198 492 2241 56,
522 2198 554 2232 h.
583 2203 604 2233 t.
634 2198 670 2232 in
698 2198 741 2232 X.

335 2269 346 2287 ³
373 2269 458 2314 Cap.
486 2268 530 2303 25
558 2268 601 2303 de
627 2267 796 2313 appellat.

333 2339 345 2358 ¹·
374 2347 458 2384 hap.
490 2339 541 2380 16,
570 2340 605 2373 in
633 2339 690 2374 lin.
721 2339 754 2373 h.
784 2343 806 2373 ι.

333 2411 345 2430 ⁵
374 2412 458 2456 Cap.
490 2411 541 2453 18,
569 2415 583 2450 ἓ
611 2412 641 2452 7,
670 2420 755 2445 voro
783 2410 826 2446 de
855 2415 945 2445 sent.
973 2419 1113 2445 excom.
1143 2410 1181 2445 in
1207 2409 1255 2445 6⁰.

335 2485 347 2502 ⁶
374 2484 410 2518 e.
439 2482 495 2525 42,
526 2483 559 2517 ll.
589 2487 610 2516 1.
883 2463 891 2469 '

332 2555 344 2574 ⁷
372 2557 459 2601 Gap.
490 2556 549 2590 lin.
578 2555 621 2589 dc:
652 2555 739 2589 Inst.

333 2627 346 2646 ¹³
373 2628 409 2662 C.
440 2626 504 2661 1—2
531 2626 574 2661 ‹le
605 2626 774 2671 postulat.
806 2625 960 2660 Praelat.

334 2700 346 2718 ⁹
373 2700 484 2735 Clern.
512 2698 532 2733 2
560 2699 604 2734 de
631 2702 736 2734 aetat.
764 2703 797 2734 el
827 2698 924 2743 qual.
955 2697 1050 2732 Trid.
1080 2696 1175 2733 Sess.
1204 2696 1260 2738 22,
1289 2705 1367 2741 cap.
1395 2695 1427 2730 4.
1454 2695 1498 2730 de
1527 2693 1686 2730 Reform.

324 2771 352 2790 ¹⁰
378 2771 428 2806 Cf.
458 2770 593 2806 Gli-aldi
624 2771 660 2805 P.
687 2769 719 2811 2,
748 2775 834 2806 sect.
863 2770 895 2804 8.

319 2842 342 2860 ¹¹
374 2842 460 2887 (lap.
487 2841 543 2882 32,
570 2842 613 2877 de
640 2841 746 2878 elect.
777 2842 811 2875 in
838 2840 872 2876 6.

323 2916 348 2933 ¹²
376 2918 460 2959 Gap.
488 2914 544 2955 41,
575 2914 608 2951 li.
637 2920 659 2950 ῑ.
685 2924 767 2959 cap.
793 2912 825 2955 5,
854 2913 897 2950 de
925 2923 1090 2949 concess.
1118 2912 1362 2958 praebendae.

322 2987 349 3006 ¹³
377 2987 492 3032 Caput
508 2987 590 3022 licet
606 2986 627 3021 5
642 2985 686 3021 de
701 2984 904 3030 supplenda
919 2984 1146 3029 negligentia
1160 2983 1315 3020 Praelat.
1331 2983 1446 3028 Caput
1469 2982 1558 3018 Cum
1578 2980 1726 3026 singula
1738 2987 1817 3024 cap.
1833 2975 1878 3012 25
1895 2975 1930 3010 in
1941 2978 1990 3014 6⁰.

324 3058 351 3077 '¹
377 3059 494 3104 Caput
519 3059 540 3094 5
566 3058 610 3094 de
638 3046 954 3102 concess.'p1·aeh.
