2176 3386
799 203 929 232 Lmen
958 203 983 230 1.
1014 203 1070 230 DE
1099 202 1294 231 cmmms
1861 191 1940 231 185

154 315 201 360 in
233 314 326 359 suis
360 312 583 358 territoris
615 311 887 365 existentes3
923 313 964 356 2.
1005 315 1071 357 An
1105 311 1361 369 designatio
1393 325 1473 356 seu
1511 312 1766 371 nominatio
1803 318 1930 359 Prae·

154 398 231 442 lati
266 395 766 452 missionum‚sufficiat
812 394 868 439 ad
918 395 1733 440 communicandaminstitutionem
1773 396 1935 441 autho-

153 481 399 526 rizabilem
435 479 749 535 missionariis,
785 478 861 537 qui
913 493 1104 523 munere
1139 479 1442 536 parochorum
1495 479 1618 535 fungi
1657 478 1842 534 debent,
1878 493 1937 523 an

154 566 302 625 potius
338 568 584 608 teneantur
615 562 831 607 eumdem
868 561 1053 605 titulum
1087 561 1145 605 ab
1177 560 1430 605 Ordiuariis
1463 561 1666 604 locorum
1694 559 1739 604 in
1774 560 1939 619 quibus

153 651 197 696 id
231 648 433 694 muneris
467 648 525 692 sit
557 647 868 691 exercendum
906 645 1125 703 recipere,
1163 645 1203 688 5.
1259 646 1324 688 Au
1363 642 1530 687 Vicarii
1574 642 1819 700 Apostolici
1858 655 1937 687 scu

151 732 379 780 Ordinarii
415 733 617 777 locorum
659 730 718 774 ita
771 728 1030 786 designatos
1073 728 1143 784 (ad
1179 740 1349 771 munus
1385 726 1708 782 parochorum)
1764 726 1938 781 possint

151 821 284 862 antea
320 814 524 861 examini
559 813 798 868 subiicere,
835 813 877 856 4.
916 815 981 856 An
1023 817 1069 855 et
1101 810 1329 870 quomodo
1381 810 1515 853 iidem
1568 809 1742 867 possint
1796 810 1937 854 semel

151 901 372 945 admissos
404 899 458 944 ad
494 911 651 943 curam
690 895 947 940 animarum
983 894 1317 948 exercendam,
1357 907 1621 947 removere,
1661 893 1730 937 vel
1776 907 1935 937 eorum

152 985 391 1029 facultates
426 983 469 1026 in
506 984 907 1026 Sacramentorum
942 978 1343 1023 administratione
1382 978 1620 1034 cohibere;
1681 980 1721 1022 5.
1764 982 1826 1022 An
1867 978 1935 1021 vi-

150 1067 299 1111 carius
335 1064 652 1111 patriarchalis
699 1062 1238 1119 Constautinopolitanus
1288 1062 1486 1118 potuerit
1523 1061 1774 1106 visitationi
1811 1076 1935 1119 pera-

151 1152 322 1210 gendae
366 1149 719 1195 instructionem
766 1146 1077 1206 praemittere,
1114 1146 1184 1189 cui
1226 1145 1411 1190 l‘arochi
1455 1157 1618 1189 omues
1662 1145 1936 1202 respondere

150 1238 414 1278 teneantur.

267 1321 404 1361 Porro
438 1318 535 1360 Sac.
572 1318 733 1372 Congr.
774 1313 864 1357 Fid.
907 1317 1034 1370 Prop.
1071 1312 1143 1356 die
1181 1314 1231 1356 ι19
1266 1311 1472 1355 decemb.
1501 1311 1705 1355 eiusdem
1730 1310 1840 1354 anni
1868 1324 1934 1354 re-

149 1401 343 1459 spondit:
380 1401 443 1445 Ad
484 1401 517 1444 l.
558 1399 842 1458 :affirmative
877 1397 921 1441 in
957 1397 1171 1441 omnibus
1215 1396 1342 1440 iuxta
1393 1395 1584 1440 Constit.
1636 1395 1798 1439 Bened.
1839 1397 1934 1438 xiv

148 1499 262 1544 quae
297 1484 457 1542 incipit
493 1483 786 1531 firmandis,-
825 1482 886 1525 Ad
922 1483 962 1525 2.
1006 1483 1224 1537 Neqccciue
1257 1481 1309 1523 ad
1336 1478 1532 1537 primam
1570 1483 1770 1536 partem,
1807 1478 1935 1536 affir-

148 1569 317 1612 mative
349 1567 404 1611 ad
438 1566 706 1621 secundam,
745 1565 809 1609 Ad
843 1565 883 1608 5.
928 1566 1163 1621 Negyacz've:
1203 1564 1265 1608 Ad
1299 1565 1341 1607 4.
1383 1564 1667 1622 .-1ssirmacive
1707 1563 1752 1606 in
1786 1560 1933 1606 omni-

149 1651 230 1695 bus
261 1651 509 1695 dummodo
550 1649 701 1707 gravis
734 1653 779 1692 et
813 1662 980 1705 urgens
1014 1662 1148 1692 causa
1185 1648 1301 1691 adsit
1326 1647 1481 1691 statim
1512 1649 1552 1690 S.
1581 1644 1932 1703 congregationi

148 1733 549 1779 communicanda.
589 1732 651 1777 Aa
688 1733 727 1776 5.
769 1732 1054 1790 Affirmace'ue
1086 1732 1236 1789 quoad
1270 1745 1321 1774 ea
1363 1731 1408 1774 in
1458 1730 1623 1789 quibus
1677 1728 1933 1773 visitationi

148 1815 347 1860 eiusdem
393 1815 558 1860 subditi
614 1820 736 1859 sunt.
794 1816 858 1859 cf.
899 1816 1100 1873 Append.
1127 1818 1180 1858 [ΙΙ
1214 1820 1260 1859 et
1296 1818 1349 1858 [V
1388 1815 1535 1874 quoad
1586 1813 1933 1870 exemptionem

150 1897 305 1954 Regul.

265 1981 366 2025 244.
403 1981 530 2025 Cilca
558 1995 667 2025 vero
691 1981 967 2025 exercitium
992 1981 1186 2024 aliarum
1216 1980 1491 2026 facultatum
1516 1981 1682 2040 quibus
1714 1994 1934 2024 exercen-

148 2063 216 2107 dis
237 2063 464 2108 Ordinarii
499 2078 751 2109 cousensus
774 2079 865 2108 non
891 2065 1168 2123 exquiritur,
1200 2064 1405 2123 Episcopi
1431 2068 1612 2122 praeter
1635 2062 1934 2122 inspectionis

148 2145 216 2190 ius
247 2147 396 2205 quoad
419 2152 709 2191 sacramenta
746 2161 836 2191 non
872 2147 1149 2205 parochialia
1184 2154 1234 2192 ut
1268 2148 1515 2206 inspiciant
1537 2163 1596 2193 an
1621 2164 1673 2193 ea
1698 2150 1827 2193 iuxta
1854 2153 1932 2193 Ec-

115 2226 117 2228 ’
148 2229 311 2274 clesiae
345 2231 465 2287 leges
490 2230 826 2284 ministrentur,
856 2236 1044 2288 possunt
1068 2232 1206 2276 etiam
1229 2232 1263 2276 si
1287 2232 1441 2289 gravis
1466 2246 1632 2290 urgens
1655 2233 1773 2277 adsit
1796 2246 1931 2278 causa

146 2313 301 2358 statim
336 2316 376 2358 S.
414 2314 762 2372 Congregatioui
799 2315 1062 2372 apcrIenda,
1114 2317 1380 2361 earumdem
1426 2330 1558 2361 usum
1614 2317 1682 2361 xel
1733 2317 1931 2362 limitare

149 2395 219 2440 vel
254 2397 546 2454 suspendere.

264 2482 474 2525 Ceterum
511 2482 746 2541 utriusque
780 2482 945 2540 speciei
984 2483 1203 2528 Praefecti
1249 2488 1469 2529 tenentur
1499 2484 1770 2529 relationem
1806 2487 1926 2529 Sacr.

147 2565 307 2621 Congr.
344 2565 660 2609 transmittere
693 2566 748 2610 de
771 2570 893 2610 statu
921 2566 1150 2611 missionis
1173 2567 1345 2612 eisdem
1379 2569 1671 2613 concreditae
1700 2572 1745 2613 et
1768 2583 1930 2614 curare

149 2660 226 2703 pro
262 2646 434 2692 viribus
467 2653 517 2692 ut
539 2648 650 2693 tides
674 2654 948 2707 propagetur
971 2654 1105 2707 prout
1127 2650 1181 2694 de
1211 2651 1406 2696 Vicariis
1427 2651 1686 2709 apostolicis
1709 2652 1926 2698 diximus.
