2176 3386
249 176 328 217 206
917 187 1028 217 PARS
1056 188 1100 216 11.
1136 188 1194 217 DE
1223 188 1362 218 n1-:Bus

251 294 298 338 in
332 292 463 351 praxi
497 307 589 338 non
624 294 771 338 solum
805 294 1125 339 consideratur
1165 308 1387 340 numerus
1419 308 1717 354 personarum
1749 296 1915 356 quibus
1948 297 2031 341 im-

251 377 567 436 pedimentum
604 380 765 422 notum
799 381 885 433 est,
919 377 998 422 sed
1032 377 1176 435 magis
1207 392 1368 423 eorum
1400 378 1612 438 qualitas.

372 460 549 506 Dicitur
580 465 734 505 autem
769 463 963 505 omnino
995 462 1228 505 occultum
1279 461 1664 519 impedimentum
1711 462 1832 521 quod
1865 463 1927 507 ita
1960 476 2034 507 oc·

251 544 427 590 cultum
461 548 531 588 est
561 543 681 603 quod
717 557 773 587 ne
809 543 987 600 probari
1019 542 1204 602 quidem
1229 543 1318 588 ulla
1351 545 1528 589 ratione
1562 549 1739 603 posset;
1784 546 1904 604 quod
1943 545 2033 604 ple-

252 641 446 686 rumque
479 626 647 673 accidit
677 641 783 672 cum
821 626 1204 684 impedimentum
1238 626 1447 673 criminis
1478 627 1833 687 dispensandum
1875 643 2032 688 propo-

253 713 394 756 nitur.

373 795 412 840 Si
448 794 624 840 crimen
658 794 714 839 ad
748 795 898 839 forum
937 794 1280 839 contentiosum
1318 795 1565 841 deductum
1616 796 1786 853 suerit,
1821 802 2037 843 censetur

252 876 484 925 occultum
519 878 554 923 si
589 881 831 923 accusatus
863 878 1098 923 absolutus
1121 879 1206 923 fuit
1239 883 1289 922 ut
1312 878 1552 933 innocens,
1578 880 1651 924 vel
1684 880 1898 925 dimissus
1928 881 2034 940 quia

253 961 492 1020 culpabilis
527 962 741 1019 probatus
773 975 867 1005 non
902 961 1002 1005 fuit.
1040 964 1262 1007 Censetur
1301 960 1530 1019 publicum
1564 961 1599 1006 si
1634 975 1739 1006 reus
1786 976 1879 1007 non
1922 961 2035 1006 obti-

256 1045 357 1089 nuit
404 1044 683 1089 sentenliam
718 1043 1005 1088 definitivam
1040 1044 1117 1089 sed
1150 1047 1333 1089 tantum
1367 1043 1566 1089 libertati
1615 1044 1818 1089 redditus
1850 1043 1938 1088 fuit
1969 1045 2036 1088 in-

254 1126 471 1184 terposita
506 1124 720 1169 cautione
753 1124 807 1168 de
840 1137 888 1169 se
920 1125 1322 1182 repraesentando.

375 1209 416 1253 Si
467 1208 849 1266 impedimentum
901 1207 1132 1265 publicum
1182 1207 1240 1251 sit
1274 1207 1319 1252 in
1353 1206 1441 1251 alio
1490 1208 1619 1263 loco,
1655 1207 1888 1252 occultum
1927 1221 2038 1252 vero

254 1294 330 1339 ubi
365 1297 569 1338 oratores
601 1293 804 1350 degunt,
840 1296 886 1336 et
918 1292 973 1336 de
1007 1292 1092 1337 hoc
1127 1292 1301 1337 mentio
1335 1293 1452 1336 facta
1490 1305 1581 1337 non
1616 1291 1704 1336 suit
1735 1291 1781 1335 in
1817 1291 2036 1348 petitione

254 1376 626 1436 dispensationis,
663 1388 819 1421 rursus
841 1375 897 1419 ad
921 1378 1106 1419 Sacram
1142 1374 1548 1419 poenitentiariam
1584 1374 1912 1419 recurrendum
1950 1378 2033 1419 est.

374 1460 415 1505 Si
451 1459 835 1518 impedimentum
869 1457 1113 1517 aliquando
1147 1458 1235 1502 fuit
1268 1457 1498 1516 publicum
1522 1493 1532 1513 ‚
1568 1461 1613 1502 et
1640 1472 1669 1511 ¹a
1703 1456 1926 1502 decennio
1969 1460 2038 1501 est

254 1545 504 1597 occultum,
540 1543 586 1587 in
621 1543 718 1586 iure
752 1555 832 1599 pro
879 1541 1060 1585 occulto
1099 1540 1323 1594 habetur,
1359 1540 1478 1599 quod
1513 1540 1651 1585 etiam
1686 1540 1953 1585 verificatur
2001 1539 2036 1584 si

257 1629 428 1671 factum
464 1630 533 1670 est
566 1625 796 1683 publicum
832 1628 879 1668 at
912 1638 1004 1668 non
1039 1622 1331 1680 cognoscitur
1364 1623 1429 1666 uti
1463 1622 1778 1667 criminosum.

374 1713 417 1764 4)
450 1709 705 1753 Dummodo
730 1709 864 1753 aliud
889 1722 984 1751 non
1007 1708 1141 1751 obstet
1162 1709 1444 1752 canonicum
1479 1707 1880 1764 impedimentum.
1918 1710 2038 1750 Haec

256 1794 455 1839 clausula
494 1793 615 1837 xalet
649 1791 830 1835 etiamsi
853 1790 910 1835 ab
930 1790 1019 1834 alio
1051 1789 1382 1847 impedimento
1414 1789 1692 1847 dispensatio
1725 1790 1913 1833 obtenta
1943 1787 2037 1831 fue-

257 1879 316 1923 rit
348 1892 372 1922 a
411 1877 591 1921 Dataria
628 1876 672 1920 in
708 1876 806 1919 foro
838 1879 1065 1929 externo,
1105 1873 1160 1917 de
1204 1887 1292 1932 qua
1341 1877 1496 1916 tamen
1535 1871 1874 1930 dispensatione
1919 1871 2038 1915 facta

258 1975 350 2005 non
376 1960 435 2005 sit
459 1958 634 2003 mentio
658 1957 703 2001 in
732 1955 953 2015 petitione
991 1956 1047 2000 ad
1076 1958 1117 2000 S.
1146 1953 1554 1999 poenitentiariam
1575 1954 1604 1997 ¹.

995 2203 1071 2231 AR'l
1083 2201 1227 2230 ICULUS
1259 2200 1304 2229 11.

491 2345 539 2381 Ἀ
573 2351 659 2396 qao
692 2343 733 2380 et
765 2335 988 2395 quomodo
1021 2334 1388 2391 dispensationes
1422 2330 1794 2376 matrimoniales

853 2419 1112 2463 executioni
1145 2417 1450 2462 mandentur.

383 2602 510 2645 1062.
551 2599 807 2643 Videndum
841 2601 910 2642 est
961 2598 999 2653 1)
1031 2610 1056 2640 a
1080 2609 1186 2655 quo,
1223 2596 1263 2649 2)
1290 2593 1519 2653 quomodo
1552 2590 1915 2650 dispensationes
1947 2602 2040 2634 ma·
2101 2623 2110 2632 .

261 2684 550 2729 trimoniales
581 2680 845 2727 executioni
882 2679 1176 2725 mandentur.

381 2887 390 2906 ²
419 2885 681 2923 Consulantur:
719 2884 878 2921 Giovmss
911 2883 953 2919 de
979 2881 1304 2935 dispensationibus
1328 2877 1658 2920 matrimonialibus
1666 2887 1682 2922 ,·
1707 2876 1859 2912 zirmm
1884 2874 1926 2911 de
1951 2874 2042 2920 disp.

262 2960 425 2996 matrim.
