2176 3386
209 188 291 228 238
856 200 966 230 PARS
994 201 1019 229 1.
1055 201 1112 229 DE
1140 201 1352 230 PERSOle

298 307 341 352 9.
378 309 478 352 Non
515 312 703 364 possunt
736 307 988 353 convenire
1022 308 1253 366 regulares
1285 309 1403 353 intra
1430 309 1637 354 'claustra
1669 309 1911 368 degentes,
1947 314 1994 356 et

211 389 433 435 habentes
463 403 570 435 suos
601 394 968 446 conservatores,
1004 391 1208 449 legitime
1251 392 1451 449 electos,
1487 392 1534 437 in
1574 392 1723 438 causis
1763 392 1991 450 civilibus,

209 487 315 518 cum
349 475 590 519 conveniri
623 479 806 520 tantum
840 476 1039 520 debeant
1071 489 1227 520 coram
1275 474 1410 521 dictis
1448 475 1877 532 conservatoribus,
1913 480 1994 521 aut

209 556 303 602 suis
334 557 660 616 superioribus,
694 573 751 602 ex
786 559 971 603 decreto
1003 558 1153 603 dictae
1186 561 1323 616 Cong.
1361 559 1504 603 relato
1537 573 1561 603 a
1598 560 1861 616 Fagnano‘.

302 642 369 685 10.
408 645 508 686 Non
545 646 734 699 possunt
766 642 1039 699 compellere
1071 641 1126 685 ad
1160 641 1443 686 exhibendos
1481 642 1618 687 libros
1648 641 1907 698 sacristiae,
1943 641 1991 688 in

207 723 371 783 quibus
403 725 686 769 adnotantur
718 724 1049 769 celebrationes
1083 724 1344 778 missarum,
1380 729 1431 768 ut
1462 723 1568 769 inde
1601 729 1812 770 constare
1854 725 1995 784 possit

208 809 263 853 de
296 808 471 866 integra
506 808 820 854 satisfactione
852 808 1142 866 obligationis
1174 808 1354 854 debitae
1386 823 1444 853 ex
1479 810 1626 867 legato
1661 809 1732 867 pio
1756 809 1786 854 ².

301 892 366 936 11.
406 895 505 936 Non
542 897 731 949 possunt
766 892 952 937 visitare
985 893 1174 936 domum
1208 905 1440 937 annexam
1474 891 1693 937 ecclesiae
1724 892 1989 950 parochiali,

208 977 254 1018 et
285 989 308 1018 a
347 975 624 1019 monasterio
657 975 933 1031 seiunctam,
971 975 1016 1019 in
1050 989 1141 1035 quo
1175 976 1405 1033 regulares
1438 975 1622 1032 parochi
1658 975 1867 1020 habitant
1889 975 1920 1020 ⁸.

302 1060 369 1103 12.
408 1063 507 1103 Non
555 1063 745 1117 possunt
791 1059 1023 1103 declarare
1072 1059 1326 1116 regularem
1374 1058 1507 1103 sicuti
1556 1062 1602 1103 et
1654 1071 1992 1117 quemcumque

207 1142 346 1186 alium
381 1142 438 1185 ab
471 1142 649 1187 illorum
687 1142 1000 1187 iurisdictione
1034 1146 1320 1199 exemptum,
1357 1154 1670 1199 percussorem
1695 1140 1864 1196 clerici,
1895 1154 1991 1185 esse

206 1225 665 1270 excommunicatum
704 1226 962 1280 vitandum,
998 1225 1032 1270 si
1070 1224 1298 1283 percussio
1331 1224 1389 1268 sit
1422 1228 1604 1268 tantum
1650 1223 1841 1281 publica.
1889 1226 1990 1267 Pos-

206 1312 315 1352 sunt
348 1312 505 1352 tamcn
540 1322 645 1352 eum
680 1307 1138 1353 excommunicatum
1172 1308 1446 1352 denuntiare
1470 1307 1501 1350 ²⁴.

297 1391 336 1435 Si
374 1405 485 1435 vero
519 1391 749 1449 percussio
773 1391 831 1435 sit
855 1393 1050 1447 notoria,
1077 1395 1267 1450 possunt
1300 1390 1438 1434 etiam
1472 1390 1703 1434 declarare
1725 1403 1991 1433 excommu-

207 1473 411 1519 nicatum
434 1475 463 1519 ⁵.
972 1530 975 1533 v

298 1559 364 1603 15.
404 1562 503 1603 Non
539 1563 729 1616 possunt
761 1558 960 1617 episcopi
1003 1559 1272 1603 examinare
1316 1557 1595 1603 sententiam
1644 1556 1925 1614 expulsionis
1965 1571 1990 1602 a

205 1642 439 1699 religione,
477 1643 616 1687 latam
651 1657 674 1687 a
710 1642 858 1697 iudice
893 1642 1103 1701 regulari,
1139 1647 1186 1687 et
1217 1643 1271 1687 dc
1304 1645 1400 1688 eius
1433 1642 1622 1698 iustitia,
1659 1642 1730 1685 vel
1764 1641 1989 1686 iniustitia

205 1725 437 1770 iudicare:
476 1726 519 1769 in
555 1727 739 1771 decreto
773 1726 897 1771 enim
932 1730 973 1771 S.
1010 1726 1384 1785 Congregationis
1416 1730 1552 1771 Conc.
1590 1727 1645 1770 de
1687 1728 1907 1783 apostatis
1948 1732 1990 1770 ec

205 1809 260 1852 de
291 1808 536 1854 haereticis
569 1816 592 1863 ἓ
628 1813 706 1855 vu
741 1810 1031 1868 praecipitur,
1070 1814 1120 1854 ut
1153 1810 1465 1868 provincialis,
1501 1813 1581 1854 aut
1618 1809 1732 1854 alius
1764 1811 1986 1868 superior,

204 1893 257 1937 ad
292 1907 428 1952 quem
463 1897 640 1951 spectat
672 1894 951 1939 sententiam
987 1893 1268 1952 expulsionis
1303 1895 1437 1948 ferre,
1472 1898 1687 1938 teneatur
1720 1893 1840 1938 hanc
1871 1893 1988 1937 ordi-

205 1978 335 2022 nario
368 1978 613 2023 dumtaxat
655 1978 918 2034 notificare,
964 1983 1014 2022 ut
1059 1979 1302 2036 expulsum
1349 1982 1586 2037 tamquam
1629 1977 1711 2022 sibi
1755 1977 1987 2022 subditum

204 2059 258 2103 de
292 2074 414 2105 novo
448 2062 623 2106 factum
657 2066 891 2118 agnoscat,
927 2061 1151 2118 gubernet
1183 2066 1229 2105 et
1263 2060 1423 2119 puniat
1445 2059 1477 2104 ⁶.

297 2143 363 2187 14.
403 2146 495 2187 Nec
529 2157 587 2187 ex
620 2143 778 2188 eadem
816 2143 992 2188 ratione
1027 2147 1217 2201 possunt
1248 2142 1455 2187 censuris
1478 2141 1750 2200 compellere
1787 2142 1986 2199 superio·

205 2239 275 2270 res
310 2226 589 2271 reluctantes
623 2226 825 2284 recipere
858 2228 1087 2284 expulsos,
1134 2227 1238 2271 licet
1281 2230 1526 2279 correctos,
1571 2239 1677 2270 cum
1715 2228 1891 2283 spectet
1930 2224 1986 2269 ad

204 2310 246 2352 S.
282 2311 328 2354 C.
369 2309 440 2352 vel
474 2311 713 2353 Summum
751 2309 1034 2364 Pontificem,
1071 2310 1142 2354 cui
1178 2310 1406 2366 regulares
1438 2309 1704 2353 immediate
1742 2313 1851 2353 sunt
1882 2309 1984 2353 sub—

203 2391 336 2448 iecti;
374 2373 465 2436 non
500 2392 712 2437 obstante
744 2393 959 2437 decretali
995 2396 1127 2450 Greg.
1166 2397 1221 2438 IX
1259 2393 1398 2437 relata
1432 2392 1478 2435 in
1513 2395 1617 2450 Cap.
1655 2392 1711 2436 24
1734 2392 1790 2435 de
1817 2392 1980 2449 Reyul.

322 2565 330 2583 ¹
361 2564 445 2610 Cap.
475 2565 528 2601 11.
562 2566 727 2602 Tuarum
753 2566 797 2602 de
826 2566 928 2611 priv„
956 2570 989 2601 ct
1017 2570 1134 2602 const.
1162 2566 1265 2602 Pauli
1294 2566 1323 2601 V
1352 2566 1616 2612 Religiosorum
1644 2565 1686 2601 14
1713 2575 1796 2611 aug.
1826 2564 1928 2602 1607.

322 2637 334 2654 ²
360 2637 517 2672 Deci-eto
543 2636 711 2673 laudatae
750 2637 862 2683 Cong.
892 2638 929 2673 iu
959 2638 1166 2674 Urbinaten.
1195 2637 1239 2673 10
1266 2638 1385 2674 martii
1415 2637 1504 2673 1663
1543 2637 1590 2673 ad
1625 2646 1703 2682 cap.
1742 2637 1787 2673 18
1820 2636 1983 2673 Trident.

203 2707 299 2744 Sess.
327 2707 403 2754 (lib.
430 2707 476 2742 25
503 2708 598 2744 decr.
626 2717 708 2754 pag.
736 2708 829 2751 456).

320 2778 333 2798 ⁸
359 2780 461 2815 Decr.
488 2779 606 2815 dictae
633 2779 746 2825 Cong.
773 2779 888 2816 relato
914 2790 937 2816 a
963 2780 1127 2825 Fagnan.
1156 2780 1193 2816 in
1220 2780 1279 2816 cit.
1306 2789 1337 2816 c.
1366 2779 1484 2816 Grave
1509 2781 1674 2826 aerimus
1699 2789 1735 2815 n.
1760 2779 1817 2815 26.

321 2849 335 2869 ⁸
361 2850 411 2887 Cf.
439 2851 546 2886 Petra
573 2851 610 2886 in
637 2851 760 2888 Consi.
790 2851 839 2887 XI
867 2851 972 2888 Alex.
1000 2851 1080 2887 VII.

321 2921 333 2941 ³
361 2922 404 2959 Ui
425 2932 469 2958 ex
498 2922 664 2968 pluribus
689 2922 844 2960 decretis
871 2923 1036 2960 eiusdem
1062 2922 1178 2969 Cong.
1204 2932 1226 2959 a
1251 2923 1348 2960 dicto
1376 2922 1484 2959 Petra
1523 2922 1650 2959 relatis
1676 2922 1744 2959 loc.
1771 2921 1831 2958 cit.
1857 2930 1892 2958 n.
1925 2921 1979 2964 15,

200 2998 236 3032 et
262 2995 301 3031 in
326 3004 438 3031 causa
464 2994 700 3031 Mediolanen.
725 2994 988 3036 censurarum,
1016 2993 1053 3029 in
1079 3003 1257 3040 responso
1283 2994 1329 3030 ad
1354 2994 1388 3030 II
1414 2994 1580 3031 dubium.

319 3064 334 3084 ‘
359 3065 414 3102 Ita
438 3065 482 3102 de
510 3066 670 3102 ΑΜοΕΝο
697 3066 799 3102 Tom.
828 3066 854 3110 l,
881 3066 933 3101 tit.
959 3065 993 3108 5,
1022 3065 1121 3102 verb.
1148 3066 1354 3102 Poenarum
1377 3076 1521 3112 ymera,
1547 3075 1584 3102 n.
1611 3063 1678 3102 159
1705 3069 1740 3102 οι
1767 3064 1847 3102 160.
