2176 3386
784 186 913 215 LIBER
941 186 965 215 1.
1001 186 1057 214 DE
1086 185 1282 214 CLssnlcrs
1849 174 1927 214 125

267 296 364 340 162.
402 298 507 340 Post
538 293 745 340 Gratiani
775 293 1016 354 „decretum
1040 305 1184 351 usque
1217 292 1273 337 ad
1311 292 1566 338 Decretales
1609 291 1813 351 Gregorii
1847 296 1923 348 lx,

140 377 255 423 aliae
288 376 582 422 collectiones
615 375 899 434 prodierunt.
937 377 1051 419 Sunt
1084 374 1294 419 collectio
1332 374 1545 419 Bet-nardi
1569 375 1695 420 Circa
1734 374 1924 434 Papien-

141 459 202 505 sis
235 459 500 518 Praepositi,
525 458 629 504 dein
658 458 861 516 Episcopi
886 456 1131 502 Faventini
1155 470 1278 501 anno
1305 457 1433 501 1199.
1468 460 1517 502 In
1543 458 1628 502 hac
1653 457 1924 502 collectione

141 544 409 604 praesertim
442 543 631 588 collecta
666 546 775 587 sunt
806 555 924 601 quae
957 544 1087 586 extra
1122 539 1328 586 Gratiani
1363 540 1601 585 decretum
1638 541 1927 598 vagabantur

138 641 280 687 quare
312 626 432 671 dicta
467 631 536 670 est
581 645 600 665 α
634 627 934 670 Breviarz'um
980 626 1412 679 Extravayantium
1441 641 1479 668 n.
1527 626 1640 667 Item
1694 622 1925 668 Gilbertus

141 710 303 764 Abbas,
339 713 385 754 et
419 709 587 754 Alanus
631 707 876 767 Episcopus
919 706 1345 762 Autissiodorensis,
1393 706 1505 751 alios
1547 719 1751 751 canones
1796 720 1923 764 prae·

137 793 301 839 sertim
335 793 381 837 in
420 794 662 837 Brevlarz‘o
698 792 1135 847 Extravayamium
1170 790 1362 834 omissos
1394 791 1692 848 collegerunt.
1744 794 1807 834 Ex
1847 790 1925 834 ha-

140 890 242 921 rum
276 876 470 930 duarum
504 873 847 928 collectionum,
883 887 1000 932 quae
1025 872 1275 931 perierunt,
1302 873 1574 931 fragmentis
1599 878 1793 919 Ioannes
1821 874 1923 919 Gal-

140 961 293 1016 lensis,
319 973 398 1004 seu
432 959 673 1012 Vallensis,
707 957 845 1002 aliam
868 956 979 1002 fecit
1001 956 1336 1001 collectionem.
1374 960 1494 1018 Item
1514 958 1769 1001 Bernardus
1793 961 1922 1003 Com-

139 1042 418 1102 postellanus
451 1040 810 1085 Ar‹·l1idiaconus
845 1043 1015 1084 Romae
1048 1038 1218 1096 degens
1252 1054 1421 1084 novam
1458 1039 1566 1084 fecit
1602 1040 1921 1084 collectionem

138 1125 261 1168 iussu
296 1121 551 1168 Innocentii
589 1125 662 1176 III,
697 1135 835 1180 quam
870 1120 965 1179 ipse
989 1121 1198 1179 pontifex
1223 1135 1302 1179 per
1325 1124 1509 1166 Petrum
1541 1125 1919 1166 Beneventanum

137 1209 393 1250 correctam
431 1204 651 1261 vulgavit.
691 1207 755 1247 Ita
791 1203 1087 1248 Innocentius
1111 1207 1183 1248 III.
1211 1203 1346 1248 aliam
1372 1205 1720 1260 collectionem,
1758 1205 1803 1249 in
1831 1219 1919 1265 qua

140 1285 407 1344 praesertim
451 1299 654 1330 canones
688 1286 838 1343 posuit
885 1285 1075 1331 Goncilii
1121 1285 1441 1330 Lateranensis
1474 1289 1555 1343 IV,
1591 1286 1687 1331 fieri
1722 1287 1854 1332 iussit
1889 1289 1917 1332 ¹.

140 1370 340 1414 Tandem
376 1373 416 1414 S.
455 1369 667 1413 Pontifex
714 1369 941 1413 Honorius
984 1373 1038 1413 111
1078 1382 1183 1413 suas
1226 1370 1478 1414 decretales
1518 1370 1729 1428 colligere
1772 1370 1918 1415 iussit.

139 1453 314 1496 Priores
346 1453 462 1496 duae
496 1452 789 1497 collectiones
821 1466 846 1496 a
884 1456 932 1497 R.
970 1452 1267 1497 Pontificibus
1304 1453 1395 1497 vim
1432 1453 1542 1510 legis
1576 1468 1667 1498 non
1712 1454 1919 1498 obtinue-

138 1540 260 1580 runt.
300 1536 425 1594 Legis
447 1536 539 1581 vim
573 1537 875 1581 obtinuerunt
897 1537 1044 1581 solum
1068 1536 1362 1582 collectiones
1390 1538 1645 1583 Innocentii
1673 1542 1728 1583 III
1761 1543 1808 1582 et
1831 1538 1920 1582 col·

137 1622 271 1665 lectio
312 1621 500 1666 Honorii
536 1625 608 1667 III.
655 1626 800 1671 Hanc,
823 1621 966 1665 edidit
1001 1621 1172 1679 primns
1210 1621 1506 1666 Innocentius
1546 1621 1772 1677 Cironius,
1810 1626 1920 1667 Aca-

137 1704 314 1748 demiae
349 1705 597 1749 'Polosaiiae
631 1705 932 1750 cancellarius
966 1708 994 1749 ².

491 1852 532 1887 b)
567 1873 600 1875 —
630 1851 688 1886 De
715 1851 947 1887 collectione
982 1851 1254 1886 Decretalium
1284 1852 1468 1897 Gregorii
1496 1852 1558 1887 IX.

257 1956 352 1999 165.
393 1960 485 2000 Hae
518 1960 672 2000 autem
709 1955 1002 2000 collectiones
1035 1955 1082 1999 in
1116 1955 1398 2000 oblivionem
1422 1956 1591 2013 abiere,
1628 1957 1811 2015 quando
1835 1959 1920 2002 sub

134 2036 350 2093 Gregorio
386 2041 439 2082 lx
472 2037 676 2081 eiusdem
711 2037 902 2082 celebris
935 2037 1142 2083 collectio
1177 2037 1357 2096 prodiit.
1399 2042 1461 2082 Ex
1495 2051 1630 2096 supra
1660 2038 1795 2082 dictis
1829 2040 1917 2084 col·

134 2118 422 2175 lectionibus,
458 2124 504 2164 et
536 2134 594 2164 ex
627 2119 725 2164 aliis
758 2121 1029 2176 canonibus,
1064 2120 1140 2179 qui
1177 2126 1309 2165 extra
1343 2120 1440 2165 illas
1463 2121 1758 2166 collectiones
1783 2135 1918 2175 vaga—

134 2201 319 2255 bantur,
356 2215 440 2246 nec
476 2216 565 2247 non
601 2217 658 2247 ex
701 2203 1006 2248 decretalibus
1054 2203 1257 2260 Gregorii
1302 2207 1374 2259 ix,
1418 2203 1627 2248 collectio
1668 2205 1787 2249 facta
1827 2208 1914 2259 est,

132 2296 248 2341 quae
286 2285 504 2341 Greyorii
539 2288 605 2329 IX
639 2286 890 2331 decretales
936 2286 1135 2330 auditur.
1189 2291 1283 2331 Hoc
1343 2300 1511 2331 munus
1553 2285 1796 2344 Gregorius
1840 2290 1911 2331 [x.

135 2365 409 2434 Ray-[qundo
446 2366 500 2410 de
534 2368 785 2412 Pennafort
817 2368 1065 2424 commisit,
1104 2367 1202 2413 viro
1238 2371 1405 2426 pietate
1452 2383 1506 2413 ac
1540 2369 1779 2427 multiplici
1813 2384 1913 2417 eru-

133 2452 305 2498 ditione
340 2454 747 2512 praestantissimo.
788 2457 1089 2514 Raymundus
1134 2457 1376 2502 materiam
1422 2458 1579 2502 divisit
1618 2458 1662 2501 in
1711 2458 1914 2517 quinque

134 2538 285 2600 lib-ros,
320 2538 457 2583 libros
489 2539 533 2583 in
573 2539 742 2600 titulos,
795 2541 951 2585 titulos
995 2541 1184 2586 tandem
1229 2541 1274 2585 in
1318 2543 1467 2600 capita
1508 2555 1705 2600 quorum
1750 2556 1914 2586 unum·

132 2621 341 2679 quodque
374 2621 448 2666 vel
480 2621 673 2666 alicuius
706 2623 938 2668 Pontificis
964 2624 1259 2679 decretalem,
1297 2625 1369 2669 vel
1402 2624 1596 2669 alicuius
1628 2623 1817 2669 Concilii
1840 2624 1913 2668 de-

132 2709 310 2749 cretum
342 2705 566 2751 continet.
604 2711 818 2753 Attamen
853 2723 1002 2768 neque
1036 2708 1312 2754 Pontificum
1344 2709 1619 2765 decretales,
1656 2723 1805 2768 neque
1838 2710 1912 2753 de-

131 2794 259 2832 creta
285 2788 586 2834 conciliorum
618 2805 674 2835 eoe
697 2793 879 2849 integro
915 2793 1193 2847 reseruntur,
1220 2806 1325 2836 cum
1350 2792 1654 2850 Raymundus
1687 2796 1912 2849 potestate

252 2974 260 2992 ¹
290 2974 393 3011 Hanc
419 2975 510 3012 ediit
529 2976 668 3021 primus
698 2977 843 3014 ANTON.
872 2978 1122 3015 Aucus‘rmus.

251 3046 263 3064 ²
290 3045 520 3084 Vzccmom
547 3057 604 3094 op.
633 3054 669 3085 et
695 3049 718 3085 1.
745 3049 806 3085 cit.
