2176 3386
301 0 328 4 ’“
939 0 943 5 ’
971 2 980 7 ·
1234 11 1237 17 ¹
1288 6 1294 7 ⁷
1346 6 1350 11 Δ
1439 6 1442 7 ⁷
1508 0 1515 3 “
1590 0 1637 19 :w
1732 0 2086 38 ''rw'ri-zrw-vraef
2110 26 2125 36 ό

237 167 288 207 74
880 173 990 203 PARS
1020 175 1045 203 1.
1080 174 1135 202 DE
1165 173 1375 203 PERSONIS
2081 0 2176 215 Ἰ

235 282 473 327 exclusive
506 283 562 326 ad
599 285 857 326 Romanum
894 280 1127 339 pertinent
1158 280 1444 329 Pontificem.
1501 283 1719 326 Attamen
1753 281 2016 327 Cardinales

236 365 357 423 leges
389 366 508 410 ferre
543 369 734 423 possunt
766 365 812 408 in
846 365 940 408 suis
976 363 1185 409 Ecclesiis
1236 363 1494 408 titularibus
1527 362 1572 406 in
1624 363 1788 422 quibus
1835 378 1892 408 cx
1927 364 2014 422 pri-

238 447 402 505 vilegio
437 447 502 491 uti
536 446 754 491 ordinarii
790 447 1034 501 habentur,
1070 451 1120 489 ut
1152 458 1287 503 supra
1321 446 1496 490 dictum
1529 450 1612 490 est.
1654 446 1861 503 Colleyiis
1890 447 2014 490 ordi-

235 534 311 575 nis
344 533 719 576 administrative‘
751 544 829 588 per
860 543 907 574 se
954 543 1049 573 non
1090 530 1361 573 conceditur
1407 530 1525 574 ferre
1567 531 1702 586 leges,
1738 534 1896 574 tamen
1936 529 2014 575 ali-

236 615 420 673 quando
454 628 613 658 eorum
647 612 903 658 decisiones
935 614 1028 656 vim
1063 612 1173 669 legis
1216 612 1402 668 babent,
1452 613 1571 672 quod
1620 612 1810 657 inferius
1853 612 2014 657 viden-

236 697 345 742 dum
380 703 462 742 est.
1719 698 1723 700 ξ

359 781 455 825 104.
493 784 604 825 Cum
641 781 713 823 lex
748 779 807 822 sit
842 793 920 836 pro
953 778 1288 822 communitate
1313 778 1518 822 membra
1545 779 1869 823 tantummodo
1893 792 2015 823 com-

238 864 478 908 munitatis
514 862 800 920 Legislatoris
834 862 930 919 lege
963 861 1151 918 obligari
1197 867 1388 919 possunt
1421 861 1452 916 ¹,
1498 861 1618 920 quod
1651 875 1707 905 ex
1741 861 1875 906 dictis
1906 861 2017 906 satis

236 953 392 1004 aperte
425 946 744 991 deducendum
779 951 858 989 est.
896 944 989 989 Nisi
1023 944 1282 1002 excipiatur
1314 943 1386 988 lex
1419 945 1726 989 ecclesiastica
1749 945 2015 1002 doymatica

235 1045 352 1088 quae
386 1031 454 1074 ius
489 1044 662 1074 novum
698 1043 789 1074 non
826 1028 1020 1083 inducit,
1056 1028 1133 1072 sed
1168 1027 1237 1071 ius
1259 1042 1283 1072 a
1312 1032 1401 1072 Deo
1425 1026 1729 1071 constitutum
1754 1041 1807 1071 ac
1837 1029 1882 1072 in
1907 1027 2015 1072 scri-

236 1112 381 1170 pturis
417 1113 487 1156 vel
525 1112 769 1156 traditione
804 1111 1081 1166 revelatum,
1118 1110 1418 1154 infallibiliter
1453 1110 1679 1168 proponit.
1723 1110 1848 1154 Sicut
1881 1110 2018 1168 igitur

235 1209 397 1240 omnes
431 1195 642 1239 homines
676 1195 762 1238 iuri
797 1194 973 1248 dixino,
1010 1194 1070 1238 ita
1108 1194 1279 1251 legibus
1311 1193 1582 1251 dogmaticis
1620 1194 1892 1237 subduntur.
1931 1198 2018 1238 lm-

236 1279 601 1337 praesentiarum
653 1292 803 1322 sermo
845 1282 914 1321 est
947 1277 1002 1321 de
1049 1278 1221 1334 legibus
1262 1276 1584 1321 ecelesiasticis
1615 1277 2013 1333 disciplinaribus.

237 1366 372 1419 Leges
406 1362 624 1406 ecclesiae
658 1361 974 1419 disciplinares
1006 1366 1115 1405 sunt
1146 1361 1392 1418 ycncrctlcs
1428 1361 1496 1404 vel
1520 1361 1851 1417 particulares.
1893 1360 2013 1417 Legi-

236 1445 318 1489 bus
350 1445 672 1489 eccl‹·siasti‹·is
705 1444 1074 1502 disciplinaribus
1107 1443 1394 1501 generalibus
1417 1443 1678 1500 obligantur
1699 1447 1925 1502 quotquot
1947 1457 2014 1487 sa-

235 1533 524 1572 cramentum
561 1529 853 1585 baptismalis
887 1530 1159 1584 receperunt
1192 1540 1245 1570 ac
1280 1528 1480 1570 racionis
1525 1540 1658 1570 asum
1702 1525 1853 1584 adepti
1888 1532 2012 1582 sunt,

235 1612 353 1670 quod
393 1612 437 1654 in
474 1612 569 1655 iure
606 1617 704 1669 post
737 1611 1030 1668 septennium
1058 1610 1365 1668 praesumitur
1388 1611 1418 1654 ².
1460 1609 1639 1654 Etenim
1666 1623 1745 1667 per
1768 1609 2014 1667 baptisma-

236 1694 293 1738 tis
325 1700 669 1738 sacramentum
703 1695 866 1753 aliquis
904 1694 1127 1739 Ecclesiae
1151 1693 1359 1737 subditus
1383 1692 1433 1736 lit
1456 1691 1806 1736 immutabiliter
1830 1692 1860 1736 ³.
1900 1696 2013 1737 Nam

238 1793 314 1836 pei·
363 1778 654 1835 baptismatis
694 1778 1052 1835 susceptionenn
1101 1777 1263 1836 aliquis
1311 1776 1362 1820 lit
1418 1776 1643 1820 Ecclesiae
1676 1775 1884 1820 subditus
1923 1790 2014 1820 non

237 1875 317 1918 per
349 1860 541 1917 gratiam
576 1860 966 1915 sanctificantem,
1002 1874 1118 1919 quae
1152 1859 1301 1903 aniitti
1339 1863 1503 1916 potest,
1539 1859 1615 1903 sed
1660 1873 1738 1917 per
1776 1858 2014 1903 caracchc-

234 1959 333 1987 rem
367 1944 443 2002 qui
478 1943 744 2001 suscipienti
784 1943 1082 2001 imprimitur,
1118 1942 1244 2001 atqui
1279 1943 1520 1987 caractber
1551 1947 1620 1986 est
1651 1945 1840 1999 signam
1887 1942 2016 1986 indc-

233 2027 375 2081 chile‚
415 2027 718 2082 immutabile,
755 2041 861 2084 ergo
896 2032 941 2071 et
974 2026 1072 2070 eius
1104 2026 1296 2070 ell'ectus
1328 2030 1397 2070 cst
1432 2025 1734 2069 immutabilis
1762 2025 1793 2080 ⁴,
1829 2025 1942 2069 adeo
1967 2029 2016 2068 ut

235 2111 310 2168 qui
345 2111 485 2154 semel
520 2114 587 2154 est
622 2110 771 2154 valide
806 2109 1061 2168 baptizatus
1094 2114 1422 2167 permanenter
1462 2113 1507 2152 et
1550 2107 1899 2152 immutabiliter
1937 2107 2015 2152 fiat

240 2194 463 2238 Ecclesiae
497 2192 719 2237 subditus.
759 2192 828 2237 Fit
863 2197 1019 2237 tamen
1053 2192 1202 2251 quoad
1236 2192 1356 2249 leges
1389 2191 1602 2250 poenales
1643 2190 1856 2248 exceptio
1896 2203 2013 2249 quae

237 2275 421 2320 nonnisi
457 2276 648 2334 puberes
681 2276 853 2319 feriunt
888 2276 916 2319 5.

353 2358 470 2403 Hinc
504 2358 645 2402 etiam
677 2358 974 2413 schismatici,
1011 2360 1417 2413 cxcommwnicati,
1446 2357 1671 2403 haeretici
1694 2356 1921 2401 Ecclesiae
1955 2356 2014 2400 le-

233 2441 362 2499 gibus
395 2441 716 2486 subiiciuntur.
760 2445 924 2485 Verum
965 2441 1163 2486 Ecclesia
1198 2441 1494 2485 miseratione
1526 2440 1619 2485 suis
1652 2440 1824 2497 legibus
1858 2440 2013 2484 haere-

236 2524 349 2569 ticos
382 2529 427 2568 et
460 2524 777 2568 schismaticos
809 2524 1008 2581 obligare
1042 2538 1135 2568 non
1160 2523 1375 2579 intendit,
1410 2524 1487 2583 qui
1522 2524 1568 2567 in
1595 2523 1688 2581 ipsa
1722 2521 1898 2567 haeresi
1919 2521 2013 2566 nati

355 2740 362 2758 ¹
393 2742 432 2777 L.
450 2741 484 2776 2.
506 2740 538 2776 ff.
558 2741 601 2777 de
622 2741 690 2776 LL.
718 2741 767 2776 Cf.
788 2750 882 2786 quae
915 2750 1026 2786 supra
1051 2741 1148 2777 dicta
1174 2746 1257 2777 sunt
1284 2750 1363 2786 cap.
1383 2741 1397 2775 1
1421 2740 1464 2776 (16
1484 2744 1599 2776 601151.
1618 2745 1654 2776 et
1671 2748 1751 2785 cap.
1783 2739 1827 2774 10
1852 2739 1931 2775 6ο(1.
1963 2738 2015 2774 tit.

352 2814 365 2832 ²
393 2813 480 2858 Cap.
512 2813 525 2847 1
556 2813 600 2848 (16
627 2817 743 2848 const.
770 2823 800 2850 c.
831 2812 884 2854 12,
907 2812 948 2847 13
975 2812 1020 2848 (16
1046 2812 1147 2857 desp.
1177 2812 1315 2856 impub.
1342 2823 1373 2848 6.
1403 2811 1444 2847 12
1470 2812 1514 2848 de
1542 2812 1679 2858 poenit.

355 2883 367 2901 ³
393 2884 489 2920 Trid.
517 2894 606 2919 5655.
640 2883 694 2927 14,
719 2893 749 2920 c.
777 2884 810 2919 5.
836 2883 880 2919 de
910 2883 1048 2929 poenit.
1077 2887 1110 2920 et
1138 2893 1221 2919 can.
1249 2883 1302 2926 15,
1329 2894 1418 2920 sess.
1447 2885 1475 2919 7.

353 2954 366 2972 ⁸
393 2954 487 2990 Trnd.
517 2954 612 2991 Sess.
641 2954 672 2996 7,
698 2963 780 2990 can.
809 2955 830 2988 8
856 2953 900 2989 (16
927 2963 1019 2990 sacr.
1049 2954 1085 2989 in
1111 2963 1195 2998 gen.

355 3026 366 3046 ⁵
394 3026 430 3062 C.
460 3026 488 3068 1,
515 3025 549 3069 2,
570 3026 615 3063 (16
641 3026 784 3062 delictis
813 3003 1056 3071 impuberum.

2162 216 2176 274 ⁸³.
