2176 3386
0 0 417 49 μπῦπῗ-’Ἲϊπ-πᾈ
437 0 590 25 a-‚jegsvst
611 0 636 10 ⁵-
654 0 664 3 ··
683 0 697 3 “
710 7 716 14 ι
750 0 878 19 ”-“9“Ὀ“,“

0 46 11 55 ι
70 39 74 46 “
110 52 113 53 .
137 42 144 53 x
443 45 452 49 <

291 184 369 224 180
758 235 765 238 -
931 194 1041 224 PARS
1069 196 1093 224 1.
1124 196 1181 224 DE
1209 194 1421 224 mansoriis

290 317 440 363 neque
473 319 529 349 ex
563 303 737 349 iustitia
771 317 920 363 neque
955 318 1013 348 ex
1045 304 1298 361 charitate3
1334 309 1492 349 tamen
1525 319 1584 350 ex
1607 306 1832 352 charitate
1855 308 1988 354 decet
2019 314 2072 354 ut

292 385 335 430 id
352 386 543 443 faciant,
569 391 620 431 ut
641 386 895 432 declaravit
917 389 957 431 S.
986 390 1148 444 Congr.
1176 390 1306 445 Prop.
1335 387 1456 431 Fidei
1481 399 1604 432 anno
1632 388 1771 434 1805ί
1789 394 1836 434 et
1858 403 1933 435 an.
1960 391 2069 438 1866

291 484 380 529 quo
403 484 672 529 responsum
706 475 772 515 est
808 470 1045 515 vitandam
1090 484 1187 515 esse
1229 470 1510 516 locutionem
1545 475 1696 516 teneri
1726 487 1782 517 ex
1823 473 2067 531 charitate,

290 553 537 598 dicendum
585 568 694 599 vero
726 567 823 598 esse
857 554 1015 598 decere
1047 568 1102 597 ex
1133 553 1366 598 charitate
1389 553 1419 598 ².

411 638 511 681 257.
553 637 718 681 Vicarii
753 636 996 694 Apostolici
1031 642 1265 694 praeterea
1289 651 1347 680 ex
1371 636 1709 696 antiquioribus
1742 643 1788 684 et
1811 640 2072 697 prudentio·

298 720 422 764 ribus
454 720 576 764 inter
607 719 923 764 missionarios
954 720 1009 763 ad
1043 733 1200 763 eorum
1239 720 1519 764 sententiam
1555 720 1601 764 in
1639 720 1967 767 difficilioribus
1995 737 2072 767 au-

294 802 507 847 diendam
541 803 784 847 consilium
818 802 901 847 sibi
934 802 1241 858 constituunt,
1267 817 1429 847 curare
1453 803 1622 848 debent
1647 808 1694 848 ut
1721 819 1778 849 ex
1811 805 2074 851 christianis

297 886 522 943 indigenis
542 886 714 943 probati
733 885 884 930 clerici
911 885 1216 929 instituantur
1241 899 1294 930 ac
1317 886 1572 931 sacerdotio
1600 887 1862 942 initientur,
1887 889 2073 947 diligen-

294 973 366 1013 ter
387 983 548 1013 curare
570 969 739 1013 debent
760 973 811 1013 ut
835 969 1015 1013 scholae
1049 969 1216 1028 ubique
1250 970 1486 1027 erigantur
1518 983 1571 1014 ac
1596 969 1816 1028 impedire
1840 985 1897 1016 ne
1920 972 2074 1017 catho-

296 1051 369 1095 lici
393 1052 579 1095 tradant
610 1051 875 1095 acatholicis
901 1050 1016 1096 filios
1038 1065 1142 1095 suos
1164 1051 1438 1096 erudiendos
1459 1052 1488 1097 ³.
1533 1056 1592 1096 De
1618 1053 1783 1097 scholis
1807 1054 2075 1111 praesertim

297 1135 497 1178 notanda
532 1139 600 1178 est
632 1134 874 1179 instructio
907 1149 1045 1193 quam
1081 1137 1121 1178 S.
1159 1138 1322 1193 Congr.
1353 1139 1479 1193 Prop.
1520 1136 1643 1185 Fidei
1669 1136 1793 1180 dedit
1814 1150 1938 1181 anno
1966 1137 2076 1182 1868

296 1215 415 1260 circa
449 1216 626 1260 scholas
658 1220 705 1260 et
737 1216 924 1274 collegia
960 1217 1103 1260 mixta
1138 1231 1346 1276 quaeque
1381 1217 1425 1261 in
1463 1217 1746 1262 collectanea
1781 1219 1865 1262 sub
1908 1233 1953 1263 n.
1990 1220 2075 1264 479

297 1298 507 1341 refertur.
547 1298 714 1341 Vicarii
738 1297 981 1355 Apostolici
1008 1302 1165 1356 utpote
1189 1299 1585 1343 administratores
1609 1300 1833 1344 bonorum
1857 1300 1955 1344 sive
1983 1315 2077 1346 mo-

297 1379 455 1424 bilium
489 1381 586 1424 six-e
620 1380 926 1425 immobilium
959 1382 1015 1426 ad
1051 1381 1289 1426 Missiones
1324 1382 1658 1441 pertinentium
1695 1398 1720 1427 a
1756 1383 1945 1441 singulis
1974 1384 2078 1429 Mis-

297 1463 508 1508 sionariis
540 1464 722 1521 exigere
755 1464 925 1508 debent
958 1469 1007 1508 ut
1040 1464 1155 1509 ratio
1189 1466 1253 1509 eis
1287 1465 1503 1509 reddatur
1536 1465 1829 1510 oblationum
1863 1467 2074 1512 ac'bono-

299 1561 399 1590 rum
434 1547 643 1591 omnium
678 1561 793 1606 quae
828 1547 947 1591 intra
983 1547 1095 1592 fines
1141 1548 1397 1592 Vicariatus
1439 1548 1589 1593 oblata
1631 1549 1822 1604 fuerint,
1866 1564 1951 1594 nec
1986 1565 2078 1595 non

300 1629 476 1687 piorum
511 1644 697 1688 operum
734 1631 1008 1675 executione
1041 1645 1158 1690 quae
1194 1631 1352 1675 iisdem
1387 1633 1563 1675 fuerint
1598 1635 1780 1677 adnexa
1806 1633 1836 1677 ¹⁵.

419 1713 518 1757 258.
556 1714 712 1767 Quoad
745 1719 900 1758 autem
937 1727 1106 1758 munus
1139 1714 1429 1772 praedicandi
1454 1729 1571 1774 quae
1607 1715 1662 1759 de
1702 1716 1930 1775 Episcopis
1961 1716 2082 1761 dioe-

300 1797 478 1841 cesanis
511 1796 608 1840 iure
645 1797 812 1854 rigeat,
848 1798 1125 1842 recolantur.

418 1881 517 1925 259.
556 1881 757 1925 'tandem
780 1881 815 1925 si
842 1880 937 1925 Vic.
967 1880 1249 1938 Apostolicus
1278 1895 1426 1940 neque
1451 1882 1765 1926 coadiutorem
1797 1896 1902 1927 cum
1928 1883 2080 1927 futura

300 1963 588 2009 successione
623 1965 804 2019 habeat,
841 1977 989 2023 neque
1014 1965 1109 2008 Vic.
1147 1967 1332 2020 Gener.,
1364 1964 1456 2010 Vic.
1494 1979 1552 2010 ex
1586 1965 1713 2012 Clero
1738 1965 1835 2010 sive
1862 1965 2082 2010 saeculari

301 2048 398 2091 sive
433 2048 627 2105 regulari
661 2047 743 2091 sibi
778 2047 1058 2091 constituere
1091 2048 1242 2103 debet,
1277 2047 1352 2107 qui
1389 2052 1490 2106 post
1523 2047 1691 2093 Vicarii
1727 2049 1970 2107 Apostolici
2008 2050 2082 2094 ob-

302 2128 417 2172 itum
460 2133 618 2186 utpote
651 2129 883 2186 delegatus
917 2131 997 2187 Ap.
1035 2129 1159 2174 Sedis
1192 2131 1448 2175 vicariatus
1500 2131 1705 2189 regimen
1757 2138 1974 2177 assumat.
2019 2134 2083 2177 Ad

303 2212 451 2271 ipsum
486 2227 578 2258 non
614 2214 748 2258 modo
783 2217 982 2271 potestas
1015 2213 1193 2272 propria
1227 2214 1498 2272 Capitularis
1534 2216 1702 2261 Vicarii
1739 2217 1975 2274 competit,
2008 2216 2084 2261 sed

304 2310 355 2340 ea
388 2296 529 2340 etiam
562 2311 650 2355 qua
685 2297 892 2341 Vicarius
928 2296 1210 2355 Apostolicus
1242 2298 1440 2356 pollebat
1483 2297 1536 2342 iis
1573 2299 1782 2357 exceptis
1823 2313 1939 2357 quae
1981 2299 2085 2343 cha-

304 2383 529 2422 racterem
567 2379 877 2436 Episcopalem
911 2379 1121 2436 exigunt,
1157 2385 1204 2423 at
1236 2380 1511 2424 necessitate
1547 2386 1745 2438 urgente
1778 2385 1824 2424 et
1856 2380 2020 2442 calices
2042 2385 2088 2425 et

307 2465 513 2518 patenas,
549 2466 594 2505 et
626 2461 787 2505 altaria
821 2461 1051 2519 portatilia
1084 2476 1190 2507 eum
1224 2461 1365 2506 sacris
1397 2462 1509 2507 oleis
1542 2462 1599 2507 ab
1645 2462 1862 2521 Episcopo
1904 2463 2085 2507 benedi-

307 2544 393 2588 ctis
425 2558 694 2590 consecrare
728 2548 874 2602 potest
910 2544 939 2588 5.
993 2548 1088 2589 lmo
1128 2546 1168 2588 S.
1208 2549 1338 2589 Pont.
1376 2545 1480 2590 Pius
1514 2549 1585 2590 Vl.
1624 2545 1696 2589 die
1735 2547 1791 2590 ⁹25
1826 2546 1916 2589 ian.
1959 2545 2083 2590 1786.

308 2640 385 2684 pro
419 2627 537 2672 Sinis
569 2633 616 2671 et
648 2627 770 2672 Indis
802 2627 908 2672 tulit
939 2628 1174 2672 decretum
1219 2642 1308 2687 quo
1342 2628 1439 2673 Vic.
1479 2630 1560 2687 Ap.
1598 2630 1865 2674 facultatem
1901 2641 2087 2673 conces·

426 2758 435 2777 ¹
465 2758 613 2795 Collect.
640 2768 675 2795 n.
701 2758 758 2795 95.

426 2829 438 2847 ²
465 2829 613 2866 Collect.
640 2840 673 2866 n.
701 2829 781 2866 205.
808 2830 858 2866 Cf.
887 2840 921 2866 n.
948 2829 1017 2866 525
1042 2834 1077 2865 et
1104 2829 1183 2866 525.

427 2899 440 2919 ³
466 2900 542 2937 Col.
574 2910 608 2936 n.
634 2901 715 2946 467,
742 2901 822 2943 474,
849 2900 929 2945 476,
955 2900 1037 2945 480,
1062 2900 1142 2945 469,
1169 2901 1250 2946 471,
1275 2900 1357 2943 478,
1388 2901 1468 2946 479,
1496 2901 1577 2944 480,
1603 2901 1684 2945 481,
1713 2900 1795 2937 482.

427 2971 439 2989 L*
466 2972 618 3008 Passiva
646 2972 683 3007 in
709 2972 858 3009 Collect.

427 3042 439 3061 ¹⁵
465 3042 552 3079 Ben.
580 3042 661 3079 XlV
689 3043 727 3079 in
753 3048 869 3080 const.
896 3044 957 3080 Eae
982 3044 1138 3080 sublimi.
1166 3043 1313 3079 Collect.
1340 3053 1375 3080 n.
1408 3044 1487 3088 161,
1518 3042 1596 3080 162.
