2176 3386
773 194 902 223 Lmen
930 194 954 222 1.
989 194 1046 223 DE
1074 195 1268 224 CLEmms
1834 183 1914 225 413

620 331 638 377 ,ξ
663 333 697 369 6.
725 353 767 357 -
792 332 831 369 S.
858 332 1127 379 Conyreyatio
1150 332 1216 369 SS.
1246 333 1423 369 Rituum.

253 417 353 462 555.
381 416 535 460 Sixtus
559 419 593 460 V
614 416 735 461 hanc
767 416 970 460 instituit
990 415 1400 474 Congregationem
1425 417 1455 458 ¹.
1497 416 1601 460 Eius
1633 429 1804 460 munus
1834 415 1912 461 du·

135 499 238 559 plex
261 503 332 544 est
354 512 520 557 nempe
541 497 842 554 ordinarium,
867 503 914 542 et
943 497 1378 543 extraordinarium.
1415 497 1709 556 ordinarium
1746 511 1915 543 munus

132 582 254 628 circa
287 595 439 627 sacros
474 583 587 626 ritus
610 594 707 627 sese
731 582 905 626 evolxit
938 596 990 626 ac
1024 582 1092 626 vel
1127 582 1416 627 contentiose
1440 582 1510 627 vel
1547 581 1593 626 in
1618 581 1692 626 via
1717 580 1914 639 gratiosa

135 666 315 725 negotia
348 667 516 724 explet.
553 672 702 720 Quare
734 666 788 710 ad
823 666 941 710 hanc
965 670 1146 711 Sacram
1180 667 1590 724 Congregationem
1623 665 1915 726 quaestiones

135 749 366 807 pertinent
413 749 467 793 de
517 748 908 806 praeeminentiis,
959 749 1012 793 de
1063 748 1394 807 praecedentiis
1442 750 1487 793 in
1531 748 1912 807 processionibus,

133 836 180 876 et
214 832 305 888 ipsa
340 835 471 876 curat
505 837 554 876 ut
586 831 905 876 caeremoniae
940 831 1126 876 inolitae
1160 831 1479 887 restituantur,
1514 832 1629 876 aliae
1663 833 1914 877 reformen—

134 920 209 958 tur
240 919 328 959 ete.
365 919 452 958 etc.
494 914 737 973 Praecipue
774 915 1026 959 notandum
1067 918 1136 959 est
1167 915 1220 959 ad
1256 915 1375 959 hanc
1424 918 1465 960 S.
1502 914 1914 973 Congregationem

136 1011 370 1056 processus
421 997 649 1055 pertinere
693 997 814 1042 circa
864 999 1135 1041 Sanctorum
1184 997 1613 1053 canonizationem,
1663 997 1833 1057 quain
1867 1013 1915 1043 re

135 1082 246 1127 haec
281 1085 321 1125 S.
360 1081 658 1139 Congregatio
691 1096 796 1126 cum
831 1083 1008 1126 cautela
1043 1096 1095 1126 ac
1131 1081 1271 1139 rigido
1306 1083 1522 1126 examine
1557 1082 1779 1141 procedit.

252 1169 440 1211 Constat
472 1165 585 1210 baec
609 1168 648 1209 S.
676 1165 975 1223 Congregatio
1012 1165 1214 1223 pluribus
1236 1165 1550 1211 cardinalibus
1572 1179 1769 1226 quorum
1797 1180 1916 1211 unus

137 1251 396 1294 Praefectus
428 1249 601 1294 existit.
638 1254 827 1294 Constat
860 1264 914 1293 ex
953 1250 1223 1305 Secretario,
1259 1264 1316 1294 ex
1352 1250 1473 1294 Fidei
1512 1231 1799 1306 Promotore.
1842 1250 1915 1295 cui

131 1332 397 1390 adiungitur
430 1335 638 1377 Assessor
673 1333 742 1376 vel
777 1332 860 1376 sub
893 1332 993 1376 lidei
1029 1337 1267 1377 Promotor
1298 1339 1385 1378 etc.

256 1419 442 1459 Decreta
491 1428 543 1459 ac
591 1414 910 1473 responsiones
956 1429 1273 1474 quaecumque
1320 1416 1376 1459 ab
1410 1416 1504 1473 ipsa
1553 1415 1794 1474 propositis
1837 1416 1916 1460 du-

134 1498 217 1543 biis
249 1499 417 1556 scripto
452 1498 705 1542 formaliter
737 1498 885 1542 editae
920 1499 1126 1543 eamdem
1164 1499 1334 1543 babent
1366 1498 1691 1543 auctoritatem
1729 1512 1782 1543 ac
1805 1498 1840 1543 si
1860 1499 1917 1542 ab

135 1583 230 1640 ipso
264 1581 484 1626 Pontitice
519 1587 864 1639 promanarent,
901 1581 1114 1640 quamvis
1148 1582 1270 1626 nulla
1309 1586 1513 1626 Romano
1552 1581 1761 1626 Pontilici
1795 1582 1913 1626 facta

133 1665 191 1709 sit
225 1665 400 1718 relatio,
437 1665 501 1708 uti
535 1664 787 1709 declaravit
821 1664 913 1722 ipsa
941 1667 975 1709 S.
1004 1665 1303 1723 congregatio
1335 1665 1406 1709 die
1440 1666 1496 1709 23
1526 1664 1633 1710 Maii
1663 1666 1786 1710 1846.
1821 1665 1914 1710 Cla-

135 1748 339 1793 rissimus
374 1748 564 1793 Barbosa
600 1749 739 1792 refert
779 1747 1112 1792 declarationes
1146 1753 1184 1792 S.
1219 1752 1262 1794 C.
1309 1751 1551 1793 Sacrorum
1600 1749 1784 1793 Rituum
1821 1748 1914 1793 vim

134 1831 243 1888 legis
275 1831 498 1885 habere2‚
543 1844 596 1874 ac
646 1831 789 1888 ipsam
835 1835 874 1875 S.
910 1830 1319 1889 Congregatiouem
1361 1831 1432 1876 die
1482 1833 1525 1876 11
1575 1832 1764 1890 Augusti
1805 1833 1916 1878 1652

136 1914 257 1958 iussu
292 1913 458 1957 L'rbani
497 1916 591 1958 VIII
625 1913 905 1972 praecepisse
953 1914 1046 1958 suis
1084 1914 1468 1958 declarationibus
1510 1914 1645 1959 fidem
1689 1929 1781 1960 non
1819 1928 1917 1960 esse

132 1997 437 2042 adhibendam
474 1997 559 2042 nisi
593 1998 639 2042 in
680 1999 824 2042 forma
866 1999 1133 2043 authentica
1177 1998 1279 2043 sint.
1327 2002 1591 2043 Inreterata
1633 1999 1917 2044 consuetudo

134 2095 226 2126 non
259 2081 447 2139 derogat
479 2081 651 2139 legibus
684 2084 740 2126 ab
774 2083 859 2126 hac
893 2084 930 2126 S.
966 2083 1326 2140 Congregatione
1364 2083 1593 2127 emanatis
1617 2083 1649 2135 ³,
1685 2082 1778 2127 imo
1820 2083 1917 2127 eius

131 2165 314 2210 decreta
348 2166 606 2210 contrariae
639 2166 856 2223 derogare
890 2166 1213 2211 consuetudini
1237 2165 1430 2211 dicenda
1464 2171 1573 2211 sunt
1596 2167 1624 2211 1.

256 2292 273 2338 5
300 2293 331 2327 7.
358 2312 405 2316 —
428 2291 464 2328 S.
494 2292 761 2338 Conyreyatio
785 2303 904 2339 super
932 2292 1110 2339 Negotiis
1136 2293 1427 2339 Elusa-oporam
1456 2296 1490 2329 et
1518 2294 1793 2339 Reqularium.

254 2387 352 2431 556.
390 2391 511 2432 Haec
534 2391 666 2432 Sacra
701 2387 999 2447 Congregatio
1022 2403 1046 2433 a
1067 2392 1254 2433 Summo
1291 2389 1508 2434 Pontilice
1535 2389 1608 2434 Pio
1635 2392 1670 2432 V
1692 2390 1914 2447 originem

135 2467 309 2523 habuit,
344 2470 392 2511 at
424 2467 578 2514 Sixtus
612 2472 647 2512 V
681 2469 829 2514 eidem
863 2469 1010 2514 officia
1043 2470 1204 2514 tribuit
1227 2471 1257 2526 ⁵,
1294 2470 1387 2515 imo
1420 2485 1478 2515 ex
1511 2471 1686 2516 duabus
1718 2475 1915 2530 Congre-

132 2549 390 2608 gationibus
441 2551 762 2610 Episcoporum
811 2557 857 2596 et
893 2554 1185 2611 Regularium
1234 2568 1357 2599 anno
1397 2555 1500 2599 1601
1539 2569 1631 2599 una
1679 2556 1798 2600 facta
1846 2559 1916 2601 est

136 2634 446 2692 Congregatio.

254 2785 263 2803 ¹
294 2786 447 2823 Constit.
473 2787 665 2825 Immensa.

252 2857 265 2874 ’
292 2857 444 2894 Summa
470 2859 635 2906 Apostol.
662 2860 785 2903 decis„
813 2871 845 2897 V.
876 2861 1045 2908 Gonqrey.

253 2926 265 2946 ⁸
291 2928 326 2965 S.
353 2928 389 2964 C.
417 2929 457 2966 R.
483 2930 505 2966 5
532 2930 691 2976 Augusti
720 2931 811 2968 1859
839 2932 875 2967 in
901 2941 1014 2968 causa
1040 2932 1266 2969 Triventina.

251 2997 265 3017 ²
291 2998 325 3035 S.
352 3000 389 3036 C.
415 3000 456 3037 R.
485 3001 527 3037 11
556 3002 654 3047 Sept.
684 3002 773 3039 1847
802 3003 841 3039 in
867 3003 1190 3050 Angelopolitana.

252 3068 266 3088 ⁵
293 3069 443 3107 Constit.
469 3070 662 3108 Immensa.
692 3072 760 3109 Cfr.
788 3074 842 3110 Du:
869 3074 971 3110 Lucx
997 3074 1042 3112 de
1068 3075 1181 3111 Relat.
1209 3074 1256 3112 ad
1282 3058 1428 3113 Curiam
1459 3087 1494 3123 p.
1518 3077 1550 3120 2,
1578 3077 1668 3115 disc.
1688 3078 1743 3123 16,
1768 3089 1803 3115 n.
1836 3079 1868 3116 1.
