2176 3386
205 168 258 207 38
848 172 958 201 PARS
988 172 1011 199 1.
1048 171 1103 199 DE
1133 169 1343 198 Pensoms

322 286 395 330 40.
434 285 498 331 Ad
543 286 739 330 formam
783 287 938 327 aulem
987 295 1040 325 ac
1082 279 1326 339 qualitates
1368 278 1607 323 electionis
1646 277 1767 337 quod
1798 277 1982 334 attinet,

206 369 462 414 notandum
494 367 714 426 estquod
758 365 814 409 ad
856 363 1095 409 electionis
1138 364 1334 407 formam
1376 360 1708 406 accidentalem
1753 360 1986 419 pertinent

206 451 783 514 convocatio-relectorum,
818 451 1043 492 tractatus
1082 446 1311 504 praevius,
1355 444 1680 506 determina-tio
1733 443 1835 499 loci,
1870 448 1986 508 tegn-

206 534 343 594 poriS‚
380 533 570 578 indictio
605 546 791 592 precum
827 545 905 588 per
937 529 1182 574 dioecesim
1218 542 1297 587 pro
1331 528 1617 585 impetrando
1640 527 1759 571 bono
1788 532 1983 585 pastore,

210 618 344 662 missa
378 599 624 677 deASpiritu
651 619 692 660 S.
731 615 933 672 hymnus
978 615 1086 656 Veni
1121 612 1310 679 greater
1341 611 1398 655 ab
1430 611 1644 656 omnibus
1681 612 1779 655 loco
1803 610 1986 656 electio-

209 701 279 745 nis
312 699 590 752 recitandus,
617 697 885 756 protestatio
918 697 972 740 de
1006 710 1103 763 non
1133 694 1416 739 excludenda
1455 707 1644 752 persona
1669 694 1824 748 babili,
1859 694 1987 754 abso-

209 785 321 829 lutio
362 798 386 828 a
429 782 634 828 censuris
675 783 718 825 in
763 779 923 825 ordine
966 779 1021 823 ad
1064 778 1281 823 ell'ectum
1324 777 1574 822 canonicae
1616 776 1869 821 electionis.
1921 778 1985 823 Ad

211 868 405 911 formam
440 865 679 931 electionis
712 862 1062 908 substantialem
1098 860 1296 919 pertinet
1337 861 1505 919 triplex
1547 860 1708 904 modus
1750 860 1988 905 electionis

210 951 323 995 idest
350 965 427 1008 per
450 950 749 997 scrutinium,
778 961 856 1004 per
873 947 1269 1002 compromissum,
1298 957 1376 1000 per
1400 945 1756 999 inspirationem
1780 942 1986 987 divinam

211 1034 281 1077 vel
326 1048 403 1091 per
445 1031 572 1091 quasi
621 1030 985 1088 inspirationem.
1029 1027 1234 1080 Qualitas
1278 1026 1518 1084 praecipua
1558 1025 1796 1070 electionis
1839 1012 1913 1070 est·
1939 1030 1990 1069 ut

209 1116 268 1160 sit
302 1116 455 1159 libera.

329 1200 401 1243 41.
444 1199 503 1243 Ad
543 1200 737 1242 formam
773 1194 1105 1240 accidentalem
1150 1192 1269 1251 quod
1321 1191 1519 1249 pertinet
1561 1205 1722 1236 omnes
1769 1192 1990 1236 electores

212 1283 350 1328 etiam
371 1283 585 1327 absentes
601 1286 731 1325 extra
758 1278 1043 1338 provinciam
1069 1275 1264 1321 vocandi
1289 1275 1485 1334 suntqui
1511 1276 1685 1330 debent,
1714 1289 1894 1332 nempe,
1917 1289 1989 1318 vo-

216 1367 319 1410 lunt
352 1373 392 1409 ec
421 1370 612 1422 possunt
645 1363 879 1407 commode
911 1363 1129 1405 interesse
1163 1361 1192 1402 ².
1230 1360 1271 1403 Si
1308 1358 1405 1415 plus
1436 1372 1574 1416 quam
1611 1358 1742 1402 tertia
1769 1372 1870 1416 pars
1901 1358 1990 1402 ele-

213 1453 391 1494 ctorum
428 1452 591 1492 vocata
628 1460 718 1490 non
754 1451 839 1500 est,
875 1443 1039 1488 electio
1072 1447 1140 1486 est
1176 1442 1298 1485 nulla
1334 1441 1365 1496 ²,
1410 1441 1610 1500 alioquin
1651 1441 1813 1485 electio
1858 1441 1989 1485 susti-

215 1536 349 1575 netur
381 1531 559 1589 quoties
593 1531 765 1573 electus
808 1527 1016 1572 retulerit
1053 1526 1273 1570 maiorem
1323 1528 1498 1583 partem
1548 1528 1760 1568 votorum
1805 1538 1990 1581 compu-

213 1613 319 1657 tatis
353 1613 490 1658 etiam
526 1614 792 1657 absentibus
825 1611 854 1655 ⁸.
892 1615 938 1654 ln
974 1611 1099 1654 omni
1136 1622 1240 1653 casu
1276 1614 1429 1652 autem
1465 1611 1678 1651 absentes
1713 1621 1802 1651 non
1842 1607 1990 1651 vocati

212 1697 330 1754 apud
365 1697 562 1740 iudicem
597 1710 729 1752 agere
765 1698 955 1753 possunt
978 1693 1033 1737 ad
1057 1692 1330 1737 electionem
1355 1690 1643 1746 irritandam,
1672 1690 1756 1734 nisi
1778 1703 1991 1748 expresse

214 1780 286 1824 vel
323 1780 458 1824 tacite
506 1780 627 1823 illam
673 1777 1045 1835 adprobaxerint.
1095 1775 1268 1819 Absens
1301 1779 1456 1830 tamen
1500 1773 1679 1817 etiamsi
1725 1773 1993 1830 regulariter

214 1868 558 1920 procuratorem
590 1861 871 1906 constituere
907 1873 998 1904 non
1036 1858 1175 1915 possit
1206 1858 1311 1917 quia
1346 1856 1508 1902 electio
1543 1869 1762 1915 personae
1784 1854 1992 1913 eligentis

214 1944 487 1990 industriam
525 1944 714 2004 requirit
746 1944 778 1999 ¹⁴,
816 1948 972 1988 tamen
1007 1941 1042 1986 si
1078 1941 1195 1985 iusto
1228 1940 1557 1998 impedimento
1590 1939 1850 1983 detineatur
1894 1952 1992 1995 pro-

214 2036 473 2074 curatorem
508 2029 562 2073 de
595 2027 767 2085 gremio
803 2025 988 2083 capituli
1027 2024 1097 2068 vel
1131 2024 1270 2068 etiam
1295 2027 1568 2067 extraneum
1594 2036 1650 2065 ex
1670 2033 1896 2065 consensu
1921 2035 1992 2064 ca-

216 2113 345 2171 pituli
382 2114 394 2135 5
428 2112 592 2169 eligere
629 2114 792 2169 potest,
818 2109 895 2168 qui
922 2112 1189 2166 procurator
1220 2104 1502 2163 capitularis,
1539 2103 1574 2148 si
1602 2104 1871 2148 mandatum
1896 2117 1992 2161 spe·

215 2197 327 2240 ciale
363 2195 536 2250 babuit,
573 2194 804 2238 diversam
840 2204 1082 2250 personam
1116 2191 1172 2233 ab
1194 2203 1246 2233 ea
1269 2202 1407 2247 quam
1443 2189 1536 2245 ipse
1570 2186 1758 2231 nomine
1802 2199 1883 2231 suo
1916 2185 1992 2230 eli-

216 2281 295 2337 git,
332 2279 496 2336 eligere
533 2282 694 2335 potest,
744 2274 944 2334 alioquin
994 2273 1030 2317 si
1081 2272 1350 2317 mandatum
1397 2271 1608 2328 generale
1656 2270 1695 2314 ei
1735 2270 1892 2314 datum
1925 2273 1995 2314 est

218 2364 428 2409 eamdem
466 2375 707 2420 personam
741 2363 787 2403 et
820 2356 1008 2401 nomine
1045 2354 1224 2414 proprio
1257 2358 1303 2398 et
1334 2354 1484 2398 alieno
1517 2352 1681 2410 eligere
1713 2352 1848 2396 debet
1880 2351 1910 2394 6.

336 2532 343 2550 ¹
374 2531 459 2575 (lap.
487 2529 532 2564 36
560 2528 668 2564 et4‘2.

336 2602 347 2620 ’
377 2602 463 2645 Cap.
490 2599 546 2641 29,
575 2599 609 2634 li.
638 2604 659 2634 t.
687 2603 722 2634 et
749 2598 803 2633 50.

338 2671 350 2690 ³
378 2672 463 2715 Cap.
493 2670 532 2705 ll
562 2674 596 2705 el
623 2668 679 2712 ΞΟ,
699 2669 732 2704 b.
762 2673 783 2703 t.

338 2746 350 2762 2
377 2745 413 2779 (j.
440 2743 496 2786 42,
523 2746 536 2782 ξ
565 2741 654 2778 illud
682 2741 715 2776 h.
737 2745 757 2775 ι.

338 2815 350 2833 ⁵
377 2814 462 2859 Cap.
490 2813 536 2859 46
562 2813 606 2848 de
634 2812 738 2847 elect.
767 2812 804 2846 in
830 2812 862 2845 6.

338 2884 351 2903 ⁶
377 2883 633 2930 cap.45‚11.t.
664 2882 717 2917 Ad
750 2881 976 2916 Electionem
1013 2880 1128 2916 maior
1162 2879 1360 2915 electorum
1390 2886 1472 2923 pars
1503 2876 1677 2912 interesse
1704 2874 1823 2911 debet.
1859 2873 1998 2916 Quodsi

219 2963 346 3004 postea
372 2966 482 3002 qnam
509 2955 750 2992 convenerint
776 2953 889 2998 aliqui
916 2956 1050 2988 exeant
1076 2963 1095 2988 e
1121 2950 1289 2996 capitulo
1316 2949 1386 2992 vel,
1411 2949 1479 2984 elsi
1507 2953 1697 2988 maneant,
1725 2946 1843 2982 nolint
1874 2951 1998 2981 lamen

221 3029 435 3076 sum-agium
464 3028 561 3069 dare,
576 3026 761 3063 contemni
789 3034 810 3061 a
835 3024 966 3060 ceteris
993 3024 1143 3068 impune
1170 3026 1335 3067 possunt,
1355 3020 1554 3057 dummodo
1581 3019 1760 3055 minorem
1780 3023 1923 3063 partem
1944 3016 1998 3053 illi

2167 437 2176 456 ι.
2164 315 2176 420 A*
