2176 3386
229 156 282 195 60
872 169 981 198 PARS
1010 170 1033 198 1.
1074 171 1130 198 DE
1159 171 1369 200 PERsoNJs

231 272 273 329 5)
312 273 634 330 particularem
658 273 862 319 eiusdem
886 279 1159 332 potestatem
1182 291 1320 335 quam
1355 277 1402 322 in
1436 282 1586 323 certas
1611 280 1835 325 Ecclesiae
1860 285 2011 339 partes

230 358 434 411 exercet,
474 360 652 414 praeter
685 357 964 413 generalem,
999 372 1138 416 quam
1174 359 1219 403 in
1254 363 1399 404 totam
1437 361 1684 406 Ecclesiam
1718 363 1870 418 habet,
1895 363 2011 408 indi·
2172 414 2176 422 1

231 436 452 482 cabimus.
2170 438 2176 483 ⁸.

359 523 452 567 100.
480 524 537 566 Ut
570 522 683 567 nihil
720 522 943 567 Ecclesiae
966 523 1158 579 deesset,
1183 538 1272 584 quo
1305 526 1403 570 eius
1428 527 1777 573 necessitatibus
1806 528 2011 586 provide-
2172 498 2176 510 Ι

232 610 374 660 retur,
405 619 584 649 summa
619 604 781 650 Christi
818 605 1075 662 benignitas
1099 612 1236 665 capnt
1260 607 1437 652 visibile
1471 608 1516 652 in
1556 613 1759 654 Romano
1798 609 2012 655 pontifice

230 688 378 732 eidem
403 689 543 743 dedit,
569 687 646 747 qui
671 688 840 732 suimet
864 688 1002 746 ipsius
1027 689 1266 745 vicariam,
1293 691 1495 750 adeoque
1529 691 1859 750 amplissimam
1891 697 2012 751 pote-

231 773 397 814 statem
432 774 573 827 gerat.
612 769 739 814 Unde
761 770 850 814 duo
875 769 1095 828 principia
1121 785 1199 828 pro
1226 772 1416 816 Romani
1444 771 1674 817 Pontifieis
1698 754 1921 830 potestate
1949 772 2012 817 di-

232 856 451 898 manant:
493 854 530 905 l)
557 853 766 897 eamdem
794 853 985 897 minime
1016 853 1292 899 invidiosam
1329 855 1473 899 videri
1508 856 1706 913 cuipiam
1730 856 1911 912 debere,
1936 857 2013 901 sed

233 936 489 981 maximum
517 936 743 980 Ecclesiae
769 939 963 980 bonum:
1001 938 1042 994 2)
1067 951 1189 992 eum,
1215 937 1291 996 qui
1319 941 1442 982 Rom.
1476 938 1707 983 l’ontificis
1741 944 2013 997 potestatem

231 1034 494 1078 oppugnare
537 1018 813 1077 aggreditur,
852 1023 1125 1077 potestatem
1159 1020 1322 1065 Christi
1359 1020 1498 1079 ipsius
1538 1036 1825 1080 oppugnare,
1871 1037 2013 1081 quan-

231 1102 474 1161 doquidem
510 1102 564 1146 ad
592 1101 758 1147 Vicarii
785 1102 1019 1147 notionem
1056 1103 1271 1160 pertinet,
1298 1109 1348 1147 ut
1379 1118 1480 1148 eam
1515 1104 1660 1162 ipsam
1697 1119 1937 1164 personam
1967 1106 2013 1150 in

232 1199 278 1229 se
303 1185 376 1229 ille
401 1186 584 1240 referat,
611 1184 742 1229 cuius
767 1185 891 1229 vices
915 1185 1032 1242 gerit
1056 1187 1084 1228 ¹.
1123 1186 1296 1239 Quibus
1329 1187 1605 1244 praemissis,
1631 1189 1810 1234 facilius
1834 1191 2014 1248 regulae

232 1269 467 1326 generales
499 1269 553 1312 (le
581 1272 707 1313 Rom.
760 1267 989 1312 Pontificis
1033 1274 1259 1327 potestate
1300 1269 1645 1328 intelligentur,
1681 1286 1796 1331 quae
1835 1287 1891 1317 ex
1930 1273 2014 1331 pri-

235 1357 386 1396 matus
420 1357 582 1397 natura
619 1352 923 1396 deducuntur.
964 1356 1078 1397 Sunt
1110 1358 1266 1398 autem
1300 1354 1413 1398 hae:

346 1440 384 1498 ΙΙ.
424 1441 627 1480 Potestas
665 1435 855 1480 Romani
894 1436 1126 1480 Pontilicis
1147 1437 1200 1480 ad
1225 1451 1277 1480 ea
1301 1438 1456 1482 omnia
1491 1439 1774 1496 extenditur,
1809 1456 1926 1500 quae
1961 1443 2015 1487 ad

237 1519 483 1564 Ecclesiam
518 1518 683 1563 Christi
735 1519 984 1564 curandam
1021 1532 1099 1563 seu
1151 1520 1423 1576 pascendam
1465 1522 1729 1580 pertinent,
1768 1538 2016 1584 veramque

234 1603 405 1647 habent
438 1616 543 1646 cum
579 1602 676 1646 eius
710 1601 1060 1646 necessitatibus
1105 1603 1475 1659 connexionem,
1511 1604 1609 1648 sive
1647 1605 1817 1651 directa
1852 1621 1904 1652 ea
1939 1607 2013 1663 sit,

233 1686 331 1731 sive
365 1685 603 1731 indirecta.

358 1775 408 1815 ll.
450 1770 615 1814 Eadem
651 1769 697 1813 in
733 1783 841 1813 vera
876 1768 1190 1814 iurisdictione
1222 1774 1316 1825 est,
1354 1784 1446 1814 non
1481 1770 1526 1814 in
1562 1785 1686 1816 mera
1732 1772 2017 1831 inspectione

234 1868 313 1899 seu
348 1852 616 1898 directione.

357 1941 426 1982 [ΙΙ.
467 1935 678 1980 Eiusdem
714 1934 987 1980 exercitium
1024 1936 1148 1979 nullo
1172 1935 1316 1980 limite
1340 1935 1750 1992 circumscribitur,
1778 1951 1925 1996 neque
1952 1953 2017 1982 ra-

233 2021 360 2065 tione
395 2019 632 2074 materiae,
669 2018 715 2063 in
750 2033 838 2079 qua
874 2023 1102 2075 versatur,
1139 2019 1389 2063 dummodo
1413 2020 1467 2063 ad
1491 2019 1739 2064 Ecclesiam
1770 2021 2015 2078 pertineat,

233 2108 313 2148 aut
346 2103 415 2148 ius
447 2103 660 2147 divinum
696 2117 787 2147 non
821 2103 996 2159 obstet3
1033 2116 1181 2161 neque
1216 2103 1392 2147 ratione
1427 2117 1604 2157 eorum,
1641 2103 1718 2162 qui
1742 2103 1891 2148 eidem
1915 2103 2017 2147 sub-

233 2186 468 2241 iiciuntur,
505 2186 602 2230 sive
635 2186 689 2230 de
724 2186 887 2244 populo
921 2186 1029 2241 sint,
1066 2185 1164 2230 sive
1200 2190 1422 2239 Pastores,
1458 2186 1707 2231 dummodo
1754 2200 1833 2245 per
1874 2187 2018 2244 bapti-

234 2284 384 2315 smum
421 2271 465 2314 in
500 2269 665 2315 Christi
698 2284 881 2328 gregem
915 2269 1088 2314 fuerint
1120 2269 1365 2328 aliquando
1399 2269 1624 2327 cooptati,
1662 2284 1810 2329 neque
1840 2269 2018 2314 ratione

237 2353 357 2398 modi
395 2353 453 2397 ita
490 2358 539 2397 ut
572 2349 720 2412 nequ'e
755 2352 954 2397 mediate
986 2357 1172 2396 tantum
1218 2367 1297 2411 per
1343 2357 1546 2411 pastores
1590 2352 1904 2411 particulares,
1941 2352 2018 2397 sed

236 2437 375 2482 ctiam
411 2437 678 2481 immediate
713 2437 759 2481 in
794 2437 995 2494 singulos
1028 2436 1191 2482 Christi
1227 2436 1397 2492 fideles,
1424 2450 1572 2496 neque
1598 2439 1780 2481 tantum
1813 2439 2018 2480 extraor-

235 2519 430 2574 dinario,
467 2535 571 2565 cum
611 2520 815 2578 Episcopi
850 2533 982 2564 suum
1017 2520 1218 2564 officium
1263 2519 1498 2574 deserunt,
1544 2519 1620 2564 sed
1662 2519 1853 2563 omnino
1902 2519 2019 2563 ordi·

238 2604 367 2648 nario
400 2604 604 2649 eiusdem
639 2604 926 2649 exercendae
962 2603 1029 2648 ius
1063 2603 1136 2647 sit.

358 2689 428 2730 [V.
471 2686 561 2731 Etsi
595 2687 642 2731 in
661 2686 1027 2732 aedificationem
1051 2686 1276 2731 Ecclesiae
1294 2690 1423 2731 tanta
1442 2690 1645 2744 potestas
1677 2689 1881 2730 Romano
1908 2688 2019 2728 Pon-

236 2767 346 2814 tifici
379 2768 484 2812 data
519 2767 674 2823 fuerit,
712 2782 804 2813 non
839 2769 884 2812 in
920 2768 1300 2824 destructionem,
1338 2767 1639 2812 nihilominus
1671 2767 1875 2812 eiusdem
1907 2765 2020 2810 iudi-

239 2851 309 2896 cio
347 2856 613 2896 reservatur
644 2850 753 2910 quid
786 2855 832 2895 et
878 2856 1108 2910 quatenus
1156 2850 1202 2894 in
1252 2849 1622 2894 aedificationem
1666 2847 1894 2894 Ecclesiae
1934 2847 2018 2904 sit;

360 3027 368 3046 ¹
397 3027 466 3064 Cfr.
494 3037 572 3073 cap.
600 3028 621 3064 5
649 3029 693 3064 de
718 3026 1030 3073 appellationibus
1056 3026 1093 3062 in
1119 3026 1188 3062 6⁰..
1233 3019 1236 3022 ’
