2176 3386
0 0 259 118 Γῆτ
271 6 273 9 ·
283 0 366 20 ⁶20.-
376 0 546 18 ’πω-ν’
560 0 602 5 ”’
629 0 633 2 ·

82 26 92 36 ,.
155 23 158 27 ·
312 20 319 30 ι
385 21 393 30 A

27 119 45 135 '0

558 192 688 221 LIBER
716 193 741 220 1.
775 192 833 221 DE
862 191 1002 222 REBUS
1030 192 1269 221 ECCLESIAE
1296 193 1624 222 SPIPITUALlBUS
1910 185 1987 228 195

315 298 361 353 ιι)
402 298 577 341 Nomen
610 303 652 341 et
682 311 938 355 cognomen
971 304 1218 343 oratorum
1252 303 1502 358 utrumque
1523 300 1737 345 distincte
1758 315 1813 346 ac
1835 303 1983 347 nitide

195 383 243 424 et
271 382 373 424 sine
404 381 505 425 ulla
538 381 808 426 litterarum
843 381 1188 427 abbreviatione
1219 381 1531 429 scribendum.
1573 377 1705 430 Error
1725 385 1771 429 in
1796 386 1985 431 nomine

195 466 242 507 et
262 463 537 520 cognomine
559 463 614 508 (16
637 462 736 508 iure
761 462 1034 523 rescriptum
1059 478 1151 509 non
1178 463 1366 510 vitiaret
1393 466 1428 510 si
1455 479 1646 523 persona
1676 466 1750 511 cui
1785 468 1984 512 refertur

195 547 254 591 sit
284 546 384 591 aliis
416 546 779 592 circumstantiis
809 547 920 592 satis
951 547 1278 603 determinata,
1313 553 1361 593 at
1392 563 1451 593 ex
1485 549 1615 607 praxi
1651 549 1893 595 inductum
1915 557 1985 596 est

194 635 246 675 ut
278 630 352 675 hic
385 644 513 675 error
544 629 816 687 rescriptum
852 629 1018 675 vitiare
1050 630 1246 676 dicatur.
1290 631 1422 676 Levis
1455 636 1611 677 tamen
1645 647 1773 678 error
1804 648 1880 678 ex.
1912 648 1978 692 gr.

196 715 242 759 in
278 714 533 759 mutatione
576 714 769 759 alicuius
801 714 960 759 literae
997 718 1078 758 aut
1110 715 1312 773 syllabae
1356 730 1448 760 non
1497 717 1770 762 attenditur.
1818 720 1982 762 Veram

194 811 299 841 cum
333 797 615 854 dispensatio
656 798 707 840 in
741 796 1071 853 impedimento
1113 799 1285 842 occulto
1323 800 1613 856 postulanda
1646 807 1732 855 est,
1768 801 1838 845 vel
1875 802 1982 859 ficta

195 883 392 925 nomina
425 879 724 934 adhibentur,
750 880 820 923 vel
851 886 1098 925 oratorum
1130 884 1329 928 nomina
1355 883 1437 927 sab
1460 883 1600 927 litera
1626 885 1678 928 N.
1708 886 1978 928 reticentur.

311 963 350 1018 b)
377 962 578 1021 Exprimi
600 962 736 1006 debet
758 976 928 1007 nomen
946 964 1160 1009 dioecesis
1180 967 1382 1023 oriyt'nis
1406 965 1478 1010 vel
1502 967 1703 1011 actualis
1734 967 1976 1023 domicilii,

195 1059 286 1090 non
321 1050 477 1090 autem
514 1058 699 1090 necesse
732 1050 802 1091 est
833 1046 1095 1104 exprimere
1129 1049 1279 1092 locum
1312 1051 1514 1106 oriyinis
1540 1049 1610 1095 vel
1638 1050 1876 1105 domicilii,
1903 1057 1982 1095 aut

194 1133 413 1184 aetatem,
450 1128 536 1173 nisi
559 1128 839 1187 dispensatio
864 1133 1046 1187 petatur
1069 1131 1126 1175 ob
1147 1132 1408 1189 angustiam
1434 1133 1520 1177 loci
1549 1133 1618 1178 iel
1654 1134 1876 1189 locorum,
1902 1140 1981 1179 aut

193 1211 251 1256 ob
283 1216 498 1256 aetatem.
536 1211 576 1255 Si
611 1217 816 1256 oratores
848 1213 1136 1257 domicilium
1170 1213 1374 1259 habeant
1405 1221 1537 1260 extra
1571 1216 1816 1261 dioecesim
1847 1218 1981 1275 origi·

194 1294 282 1350 nis,
318 1299 507 1353 possunt
557 1309 635 1352 pro
677 1295 818 1340 lubito
862 1301 1016 1353 petere
1050 1301 1100 1341 ut
1133 1297 1412 1355 dispensatio
1457 1298 1669 1343 mittatur
1701 1300 1754 1343 ad
1789 1300 1979 1345 Ordina-

195 1377 314 1422 rium
348 1378 570 1422 dioecesis
604 1378 648 1422 in
683 1393 771 1437 qua
807 1379 1033 1424 habitant.
1071 1380 1111 1425 si
1147 1384 1352 1426 oratores
1384 1387 1493 1426 sunt
1524 1383 1814 1427 diversarum
1858 1384 1979 1429 dioe-

194 1461 385 1516 cesium,
422 1462 658 1521 utriusque
694 1476 860 1508 nomen
896 1463 1094 1521 exprimi
1128 1464 1275 1509 debet.
1315 1468 1462 1509 Error
1494 1468 1546 1509 in
1581 1469 1770 1510 nomine
1811 1467 1980 1512 dioece-

191 1559 286 1589 seos
335 1545 569 1594 invalidat
616 1546 1010 1602 dispensationem
1059 1561 1112 1591 eo
1159 1547 1263 1606 quia
1315 1548 1464 1592 nullus
1496 1548 1766 1594 ordinarius
1813 1552 1977 1609 exequi

195 1626 347 1671 literas
381 1626 534 1685 possit.

311 1715 349 1767 c)
392 1714 571 1754 Praeter
604 1710 959 1769 dispensationis
1006 1726 1168 1758 causas
1209 1714 1344 1758 debet
1385 1717 1590 1771 eoeprimi
1630 1718 1798 1772 species
1837 1718 1978 1760 etiam

193 1793 361 1851 infima
396 1793 741 1851 impedimenti3
794 1794 828 1839 si
865 1795 989 1840 enim
1026 1810 1171 1841 unum
1206 1812 1285 1856 pro
1318 1798 1462 1842 altero
1497 1805 1694 1855 ponatur
1729 1813 1818 1843 non
1858 1799 1980 1842 valet

191 1876 485 1934 dispensatio,
510 1876 594 1922 etsi
628 1878 747 1922 bona
781 1878 868 1923 fide
902 1878 944 1924 id
981 1880 1119 1925 fuerit
1152 1882 1343 1926 factum.
1384 1882 1585 1940 Exprimi
1619 1883 1754 1927 debet
1778 1884 1975 1941 madae,

192 1974 420 2004 numeras
450 1967 491 2005 et
522 1964 689 2005 variae
721 1965 1109 2008 circumstantiae
1131 1966 1590 2022 impedimentoram.
1628 1971 1777 2021 Quare
1812 1968 1855 2011 in
1891 1967 1975 2012 im·

193 2045 454 2101 pedimento
486 2047 915 2102 consanyitinitatis
936 2046 1132 2104 expiimi
1157 2048 1292 2092 debet
1343 2050 1380 2103 l)
1406 2050 1589 2105 yradas
1621 2057 1662 2094 et
1691 2050 1818 2095 linea
1860 2065 1976 2109 quae

192 2126 225 2171 si
264 2127 508 2171 omittatur
540 2140 720 2184 semper
754 2127 1028 2186 intelligitur
1060 2131 1406 2176 transversalis.
1460 2132 1499 2175 Si
1546 2134 1765 2176 remotior
1796 2133 1979 2189 yradas

191 2210 478 2268 exprimatur
512 2224 591 2268 pro
625 2210 954 2270 propinquiori,
991 2212 1271 2270 dispensatio
1308 2214 1514 2270 xitiatur,
1546 2229 1636 2259 non
1676 2229 1783 2259 vero
1806 2216 1840 2259 si
1876 2230 1978 2260 con-

191 2293 384 2337 trarium
418 2292 659 2350 contingit.
709 2295 750 2349 2)
793 2295 1152 2352 Exprimendum
1200 2302 1269 2341 est
1308 2311 1373 2341 an
1405 2300 1836 2357 confsangyainitatis
1878 2301 1977 2342 vin-

190 2378 349 2422 eatam
381 2379 438 2421 sit
468 2378 664 2434 simplex
685 2382 766 2422 aut
791 2379 1033 2435 multiplex
1068 2384 1161 2423 tam
1195 2395 1250 2424 ex
1279 2387 1418 2437 parte
1446 2384 1617 2438 patris,
1645 2385 1737 2426 tam
1766 2396 1820 2425 ex
1840 2388 1978 2438 parte

193 2462 375 2504 matris.
420 2459 460 2505 Si
495 2465 699 2505 oratores
732 2460 777 2505 in
812 2462 973 2518 arada
1011 2464 1257 2521 inaequali
1294 2476 1323 2508 a
1360 2466 1511 2521 stipite
1544 2466 1743 2520 distant,
1786 2470 1977 2524 uterque

191 2543 356 2601 gradus
388 2548 455 2588 est
487 2543 833 2602 exprimendus,
857 2550 903 2589 et
935 2544 971 2589 si
1004 2546 1187 2603 yradas
1205 2549 1392 2603 primas
1416 2549 1668 2591 reticeatur
1688 2547 1828 2591 etiam
1858 2550 1975 2593 bona

190 2625 294 2680 fide,
330 2626 453 2670 nulla
488 2631 557 2671 est
604 2626 911 2685 dispensatio;
956 2628 990 2672 si
1026 2631 1192 2686 gradus
1232 2632 1438 2674 reticitas
1470 2636 1532 2674 est
1564 2630 1703 2687 infra
1738 2633 1972 2687 primam,

190 2708 469 2766 dispensatio
492 2709 756 2754 executioni
780 2711 1071 2757 demandari
1103 2715 1260 2771 nequit
1293 2714 1387 2757 nisi
1416 2713 1607 2757 obtentis
1639 2714 1803 2757 litteris
1824 2714 1972 2759 deela-

192 2795 399 2837 ratoriis.
453 2796 501 2837 ln
551 2791 883 2851 impedimento
932 2795 1187 2853 affinitatis
1235 2795 1414 2854 exquiri
1445 2796 1614 2840 debent
1665 2797 1703 2853 l)
1744 2798 1976 2855 praecisus

189 2878 386 2935 qratia-s,
437 2879 477 2933 2)
511 2877 631 2922 linea
666 2878 739 2922 vel
773 2883 896 2922 recta
923 2880 994 2924 vel
1017 2879 1216 2938 obliqua,
1253 2881 1294 2935 5)
1321 2893 1379 2924 an
1415 2879 1614 2924 affinitas
1645 2881 1704 2925 sit
1726 2895 1782 2925 ex
1806 2882 1975 2937 copula

190 2959 315 3005 licita
340 2960 413 3005 vel
437 2959 611 3016 illicita,
635 2961 756 3020 quod
789 2962 845 3005 ad
880 2963 1084 3007 valorem
1109 2962 1504 3021 dispensationum
1532 2963 1734 3021 exigitur
1755 2964 1790 3008 si
1814 2968 1977 3022 agatur

190 3044 246 3089 de
284 3045 328 3088 10
361 3048 443 3089 aut
475 3046 524 3089 2⁰
557 3045 699 3103 gradu
723 3045 976 3103 affinitatis,
1002 3047 1045 3102 4)
1070 3061 1129 3091 an
1153 3048 1320 3104 copula
1353 3048 1509 3093 habita
1543 3048 1602 3092 sit
1634 3062 1738 3093 cum
1775 3048 1977 3107 pluribus
