2176 3386
803 180 933 209 Lmen
961 181 986 208 1.
1017 180 1074 208 DE
1103 179 1297 208 emmas
1893 169 1944 209 75

162 295 298 351 sunt5
334 289 423 335 nisi
456 290 576 347 leges
607 288 902 347 excipiantur
932 301 1050 347 quae
1083 288 1200 332 latae
1234 293 1343 332 sunt
1376 289 1450 332 vel
1482 289 1536 333 ad
1570 289 1740 334 abusus
1761 301 1944 347 compe·

161 373 370 428 scendos,
407 373 481 418 vel
513 373 569 417 ad
603 371 830 430 publicam
866 370 1175 415 moralitatem
1210 375 1256 415 et
1288 370 1536 416 utilitatem
1571 372 1603 415 ⁴.

285 455 383 500 105.
421 460 518 509 Qua
552 456 597 499 in
634 468 698 508 re,
736 455 991 498 notandum
1025 457 1110 508 est,
1136 452 1396 512 quaesitum
1421 453 1508 498 fuit
1530 467 1588 497 an
1607 453 1762 499 fideles
1783 454 1943 499 Orien-

162 539 276 582 tales
308 538 523 583 omnibus
555 537 727 595 legibus
758 535 1081 581 ecclesiasticis
1113 539 1363 580 teneantur
1395 550 1511 595 quae
1535 551 1559 580 a
1588 537 1805 581 Romanis
1832 541 1942 582 Pon-

161 621 357 666 tificibus
391 617 754 680 promulgantur.

282 708 346 748 Ex
389 703 552 748 litteris
594 703 843 761 encyclicis
877 705 918 746 S.
955 706 1000 748 C.
1037 703 1092 746 de
1134 702 1427 760 propaganda
1474 702 1579 746 Fide
1612 703 1639 746 8
1673 707 1790 748 Nov.
1832 703 1942 748 ’1882

162 800 428 845 responsum
466 787 552 832 fuit
588 806 606 827 α
634 787 764 831 iuxta
797 785 1075 831 decretalem
1113 784 1367 830 innocentii
1404 789 1479 840 Ill,
1528 786 1600 829 vel
1635 785 1820 831 Concilii
1863 790 1941 831 La-

159 870 416 914 teranensis
449 873 505 914 [V
542 890 560 910 a
584 873 706 914 Licet
726 883 919 927 yraeeos
943 887 962 908 n
1000 873 1046 913 et
1069 868 1198 913 iuxta
1223 869 1503 913 sententiam
1539 869 1776 913 cuiusdam
1802 870 1942 914 Theo-

158 952 361 1010 logorum
397 952 764 1011 congregationis
796 966 949 998 coram
986 951 1212 998 Cardinali
1251 951 1470 1010 Pamphili
1505 953 1662 1009 (1651)
1714 953 1941 997 coaduna—

158 1039 247 1090 tae,
285 1049 369 1080 nec
398 1050 490 1080 non
515 1036 643 1080 iuxta
666 1036 876 1080 doctores
911 1034 1098 1079 maioris
1132 1039 1268 1080 notae
1291 1048 1344 1079 ac
1370 1035 1509 1092 ipsius
1536 1035 1815 1080 Lambertini
1848 1040 1940 1092 (Be-

160 1118 327 1163 nedicti
365 1121 476 1174 XlV)
516 1119 634 1163 hanc
666 1132 763 1163 esse
797 1120 838 1163 S.
876 1122 1095 1176 Congreg.
1134 1118 1256 1162 Fidei
1292 1119 1615 1176 Propagandae
1639 1118 1938 1164 sententiam:

159 1201 201 1244 in
237 1201 644 1246 constitutionibus
678 1216 843 1260 nempe
878 1201 1147 1259 Apostolicis
1179 1201 1436 1246 orientales
1468 1202 1825 1259 comprehensos
1848 1216 1940 1247 non

156 1297 253 1328 esse
288 1284 373 1329 nisi
412 1286 449 1335 1)
487 1285 541 1329 de
577 1285 708 1337 rebus
743 1284 842 1329 fidei
877 1299 931 1329 ac
963 1284 1171 1330 doctrina
1208 1285 1432 1329 catholica
1467 1290 1645 1342 agatur,
1678 1286 1749 1329 vel
1774 1287 1815 1338 2)
1853 1285 1939 1330 nisi

158 1367 425 1425 Apostolicis
459 1367 867 1412 constitutionibus
889 1368 963 1412 lex
990 1368 1208 1412 naturalis
1231 1373 1310 1412 aut
1334 1368 1401 1412 dix
1418 1368 1493 1412 ina
1516 1369 1790 1424 declaretur,
1827 1370 1868 1426 5)
1897 1368 1971 1414 etX

156 1451 344 1495 tandem
381 1451 466 1495 nisi
502 1451 548 1495 in
584 1451 756 1509 legibus
777 1450 1145 1509 disciplinaribus
1163 1465 1378 1509 expresse
1404 1451 1578 1495 mentio
1602 1452 1680 1496 liat
1702 1452 1756 1496 dv
1781 1452 1940 1497 Orien-

156 1533 334 1579 talibus.
373 1539 493 1579 Haec
526 1535 751 1590 doctrina,
787 1535 912 1579 addit
946 1538 986 1579 S.
1024 1538 1090 1589 C.,
1127 1535 1308 1580 etiamsi
1343 1538 1569 1586 a,Sancta
1592 1535 1703 1580 Sede
1727 1549 1940 1594 expresse

157 1618 343 1676 probata
379 1632 470 1662 non
506 1618 579 1672 sit,
621 1625 773 1663 tamen
808 1619 865 1663 ab
898 1618 1251 1663 immemorabili
1287 1623 1501 1663 servatur
1522 1619 1640 1677 apud
1664 1618 1938 1675 orientales,

153 1715 207 1745 ac
240 1715 263 1745 a
302 1702 523 1759 theologis
555 1701 816 1746 defenditur
842 1701 873 1747 ².
922 1707 1016 1747 lmo
1049 1716 1165 1761 quae
1204 1706 1436 1746 Romanus
1482 1702 1691 1746 Pontifex
1738 1716 1819 1759 pro
1848 1716 1940 1748 uno

153 1799 211 1828 ex
255 1783 448 1829 diversis
484 1785 643 1829 ritibus
685 1786 986 1830 orientalibus
1027 1785 1190 1830 statuit
1228 1785 1283 1830 ad
1327 1785 1439 1830 alios
1482 1786 1774 1830 extendenda
1819 1786 1939 1831 haud

152 1873 260 1912 sunt
297 1868 379 1912 nisi
415 1868 470 1912 de
503 1868 574 1912 his
606 1882 820 1926 expresse
856 1873 905 1914 R.
946 1869 1157 1913 Pontifex
1192 1875 1357 1914 caxeat
1384 1887 1400 1906 n
1440 1869 1470 1911 ³.

277 1951 371 1996 106.
413 1951 603 2009 Legibus
638 1952 987 2010 particularibus
1020 1952 1186 1997 subditi
1225 1952 1343 1997 illius
1375 1950 1608 1997 societatis
1653 1953 1940 2010 particularis

151 2038 387 2087 tenentur,
423 2049 447 2078 a
482 2034 612 2079 cuius
646 2035 849 2093 legitima
882 2036 1158 2080 auctoritate
1202 2037 1275 2080 lex
1310 2035 1533 2081 dimanat.
1574 2040 1637 2080 [ta
1674 2050 1717 2079 v.
1757 2050 1797 2094 g.
1838 2036 1938 2081 reli-

152 2116 260 2182 giosi
306 2117 510 2175 exempti
550 2132 642 2163 non
683 2118 945 2177 obligantur
985 2118 1160 2177 legibus
1202 2119 1487 2164 dioecesanis
1528 2119 1735 2177 exceptis
1781 2124 1936 2165 tamen

155 2199 248 2244 iure
273 2201 558 2259 excipiendis
581 2202 612 2246 ¹⁸.
653 2205 820 2247 Verum
845 2202 934 2246 duo
959 2203 1259 2262 requiruntur
1291 2204 1553 2261 copulative
1576 2208 1626 2247 ut
1649 2204 1751 2262 quis
1775 2203 1939 2260 ligetur

271 2406 278 2424 ¹
308 2405 444 2441 Bened.
474 2405 569 2448 XIV,
595 2410 713 2441 const.
754 2406 906 2451 Magnae
943 2407 1068 2448 nohis,
1096 2406 1140 2442 29
1170 2407 1263 2443 lunii
1301 2407 1400 2443 1748.
1439 2407 1562 2444 Const-
1592 2408 1649 2443 Ad
1686 2411 1768 2444 luas
1793 2419 1936 2451 manus,

151 2477 172 2513 8
192 2478 285 2522 Aug.
309 2476 408 2512 1748.
427 2476 550 2512 Const.
572 2476 754 2522 Singulari
771 2477 882 2519 nobis,
898 2475 919 2511 9
935 2477 1042 2513 Febr·
1066 2477 1166 2513 1749.
1187 2478 1239 2514 Ex
1261 2477 1325 2514 litt.
1345 2477 1386 2512 12
1406 2479 1502 2523 Sept.
1525 2477 1626 2520 1750,
1642 2479 1688 2514 ad
1709 2479 1829 2524 Episc.
1851 2479 1938 2514 Ura-

151 2547 418 2591 tislaviensem3
446 2548 500 2584 Pii
516 2548 577 2590 Vl,
599 2549 779 2594 Rescripl.
798 2548 844 2584 ad
859 2548 965 2585 Card.
985 2549 1028 2586 de
1048 2549 1309 2594 Frangeberg.;
1338 2560 1383 2585 cx
1404 2549 1507 2585 Brevi
1529 2549 1585 2584 Pii
1607 2549 1684 2591 Vll,
1704 2549 1726 2584 8
1744 2554 1813 2584 oct.
1837 2548 1937 2592 1805,

149 2620 195 2656 ad
222 2620 329 2656 Arcti.
359 2619 507 2665 Mogun.
546 2620 596 2656 Cf.
625 2621 785 2656 LAYMAN
824 2621 860 2656 in
896 2631 926 2656 c.
954 2630 1033 2657 can.
1060 2632 1094 2657 n.
1123 2621 1164 2664 2,
1192 2622 1236 2658 de
1264 2622 1411 2658 constit.
1448 2623 1598 2659 RfflNrr.
1624 2622 1754 2658 eodem
1787 2631 1822 2657 n.
1853 2621 1934 2658 274.

150 2690 313 2728 ΞΟΗΜΑι.
341 2691 471 2728 eodem
498 2695 513 2731 ἓ
539 2690 572 2733 6,
599 2700 634 2728 n.
662 2691 718 2734 55;
748 2692 914 2727 Aicnxen
941 2701 1000 2737 op.
1028 2692 1086 2728 cil.
1114 2696 1127 2732 ξ
1153 2692 1234 2734 208,
1261 2702 1344 2738 cap.
1375 2693 1390 2727 1
1419 2692 1462 2728 de
1490 2697 1606 2729 const.

269 2762 280 2780 ²
306 2763 356 2798 Cf.
385 2763 488 2800 Card.
515 2763 841 2800 Hanamnomnssn
869 2764 904 2799 in
925 2764 1034 2801 Arcb.
1058 2765 1079 2800 s.
1100 2766 1134 2801 k.
1163 2765 1183 2800 l.
1210 2764 1242 2807 7,
1265 2775 1298 2810 p.
1321 2765 1387 2800 198
1405 2775 1470 2811 sq.;
1499 2764 1799 2801 vap-Szmm'x
1827 2775 1861 2810 p.
1878 2765 1934 2801 46.

149 2834 298 2872 Collect.
325 2835 360 2871 S.
387 2834 423 2872 C.
451 2835 495 2871 de
522 2835 628 2880 Prop.
657 2835 695 2870 F.
724 2844 758 2870 n.
787 2835 867 2872 115.

272 2904 283 2924 ³
309 2906 496 2942 Benedict.
524 2906 620 2948 XIV,
647 2907 771 2943 Consi.
798 2907 879 2943 Etsi
901 2908 1110 2953 pastoralis,
1137 2907 1183 2944 26
1211 2908 1296 2944 Maii
1325 2907 1428 2949 1742,
1454 2912 1467 2948 ἓ
1495 2908 1527 2950 8,
1555 2918 1590 2943 n.
1615 2907 1671 2943 24.
1711 2908 1814 2944 Card.
1844 2908 1938 2944 HER-

150 2986 232 3013 GEN.
260 2978 283 3013 l.
311 2988 340 3014 c.
369 2987 402 3023 p.
428 2976 520 3014 20οε
548 2978 844 3015 ΡΑΡΡ-ΞῑιιΑῦΥι
865 2978 885 3014 l.
912 2988 942 3014 e.
970 2983 984 3018 Ξ
1009 2978 1067 3021 25,
1096 2989 1128 3024 p.
1155 2978 1200 3014 45
1227 2989 1281 3025 sq.
1308 2985 1344 3015 et
1369 2983 1383 3019 ξ
1410 2979 1466 3022 55,
1495 2990 1528 3024 p.
1559 2979 1637 3015 120.

269 3048 282 3068 '⁸
308 3049 404 3085 Trid.
429 3059 519 3085 sess.
546 3049 603 3091 25,
630 3059 661 3086 c.
690 3049 743 3092 12,
771 3049 824 3092 14,
852 3049 908 3092 22,
937 3050 982 3086 de
1010 3050 1139 3096 Regul.
1165 3054 1199 3086 et
1227 3050 1376 3086 Monial.
