2176 3386
228 163 308 203 204
869 173 980 202 PARS
1008 173 1036 201 1.
1072 173 1130 201 DE
1158 171 1370 201 pensoms

350 280 612 340 Episcopus,
649 281 853 325 instante
891 282 1205 334 Procuratore,
1239 278 1361 323 diem
1398 292 1476 336 pro
1509 291 1646 323 causa
1679 278 1726 323 in
1748 278 1882 324 Curia
1910 293 2010 336 pro·

231 365 440 424 ponenda
472 364 697 423 designat.
749 369 845 418 Qua
878 363 949 408 die
983 376 1120 407 causa
1156 366 1452 421 proponetur,
1490 361 1706 421 inquisito
1750 361 1828 407 fiet
1870 362 2010 407 facul-

231 453 300 493 tas
332 448 648 493 defensionem
682 462 811 491 suam
849 462 927 505 per
958 446 1100 491 aliu‘m
1124 445 1409 490 saeerdotem
1435 458 1516 489 suo
1540 444 1728 489 nomine
1752 445 1796 489 in
1829 445 2013 503 scriptis

231 531 495 576 exhibendi.
538 535 654 576 Reus
688 530 824 588 igitur
857 530 950 588 ipse
984 542 1251 587 comparere
1275 537 1367 572 non
1404 531 1603 582 tenetur,
1629 527 1707 572 sed
1731 531 1902 586 potest;
1937 527 2010 572 de-

233 616 308 660 bet
340 620 495 660 autem
534 616 827 659 Defensorem
863 617 943 657 aut
976 612 1068 670 ipsc
1102 611 1184 655 sibi
1218 611 1455 669 deputare,
1491 614 1571 655 aut
1602 611 1660 655 ab
1696 611 1912 669 Episcopo
1953 625 2010 656 ex

232 698 379 744 officio
411 698 699 756 designatum
734 697 958 754 accipere,
983 695 1058 754 qui
1084 693 1399 739 defensionem
1423 699 1532 738 ante
1554 707 1718 739 causae
1741 693 1882 751 ipsius
1913 707 2011 752 pro-

234 782 506 840 positionem
541 780 711 838 scripto
744 779 979 823 exhibebit
1013 777 1299 823 Procuratori
1338 777 1514 822 Fiscali.
1859 757 1862 762 Ι

356 865 628 910 Defensione
664 868 862 921 peracta,
901 866 1174 907 Procurator
1206 874 1468 920 processum
1493 860 1680 919 eiusque
1704 859 2012 905 Summarium

233 949 290 994 ad
325 950 594 1006 Episcopum
633 947 791 1001 mittit,
827 946 921 1005 qui,
959 945 1034 989 ubi
1068 945 1115 989 in
1152 946 1331 1001 plenam
1357 957 1521 988 causae
1544 942 1855 1001 cognitionem
1879 942 2011 987 deve-

234 1032 370 1087 nerit,
406 1031 527 1076 diem
562 1030 829 1083 constituet,
868 1029 913 1073 in
948 1043 1036 1087 qua
1070 1027 1302 1072 sententia
1335 1027 1527 1072 dicenda
1561 1027 1634 1071 sit.

354 1116 628 1160 Praestituta
675 1114 778 1168 die,
816 1115 872 1158 ab
918 1113 1134 1171 Episcopo
1169 1114 1241 1157 vel
1278 1111 1456 1156 Vicario
1504 1110 1742 1164 Generali,
1779 1114 2018 1168 praesente

236 1203 532 1244 procuratore
569 1197 726 1242 Fiscali
760 1202 806 1241 et
842 1198 1105 1251 Defensore,
1151 1195 1381 1240 sententia
1429 1194 1786 1252 pronunciatur,
1830 1192 2017 1252 eiusque

235 1296 337 1340 pars
369 1280 636 1340 dispositiva
671 1279 952 1325 Cancellario
985 1280 1201 1333 dictatur,
1246 1292 1462 1336 expressa
1509 1276 1745 1322 mentione
1788 1277 1935 1330 facta,
1980 1275 2017 1321 si

235 1362 522 1407 damnationi
557 1363 616 1406 sit
650 1363 791 1416 locus,
828 1362 1082 1407 sanctionis
1114 1361 1366 1406 canonicae
1400 1374 1516 1419 quae
1549 1364 1709 1404 contra
1738 1358 2016 1416 imputatum

235 1446 506 1505 applicatur.

355 1529 591 1574 Sententia
628 1543 703 1573 reo
738 1528 978 1573 intimetur
1011 1528 1101 1585 (vel
1137 1528 1234 1572 eius
1271 1526 1538 1583 Defensori),
1574 1525 1650 1584 qui
1685 1529 1832 1584 potest
1864 1525 1918 1568 ad
1941 1539 2017 1569 au-

236 1613 499 1659 ctoritatem
535 1613 781 1671 superioris
814 1612 1064 1658 instantiae
1097 1612 1450 1668 appellationem
1487 1611 1779 1667 interponere
1808 1610 1835 1652 ¹.

358 1701 406 1741 ln
441 1697 620 1742 casibus
652 1697 800 1741 dubiis
831 1696 1117 1755 diversisque
1151 1696 1195 1739 in
1233 1694 1359 1752 praxi
1402 1694 1745 1738 difficultatibus
1791 1691 2019 1736 Ordinarii

238 1783 422 1825 Sacram
459 1782 576 1825 banc
609 1779 1020 1838 congregationem
1055 1779 1314 1835 consulant,
1352 1782 1401 1821 ut
1433 1776 1755 1822 contentiones
1792 1789 1845 1819 ac
1891 1775 2020 1819 nulli-

237 1869 379 1909 tatem
414 1868 622 1908 actorum
656 1864 880 1908 devitent.

360 2035 367 2053 ¹
399 2034 439 2069 In
455 2033 703 2079 appellatione
722 2033 964 2068 observentur
982 2040 1134 2066 normae
1153 2039 1348 2076 expressae
1371 2030 1407 2065 in
1425 2029 1550 2065 Const.
1572 2038 1623 2064 sa.
1645 2038 1713 2063 me.
1732 2027 1919 2064 Benedicti
1936 2026 2022 2062 XIV

243 2105 296 2140 ,tal
322 2105 515 2140 militantis
540 2104 611 2140 «liei
639 2103 685 2139 50
712 2104 830 2139 martii
861 2102 951 2138 1742
978 2112 1020 2138 ae
1047 2107 1190 2138 eeterae
1219 2102 1375 2137 indictae
1415 2109 1436 2136 a
1471 2100 1504 2136 S.
1525 2099 1562 2136 C.
1590 2099 1857 2144 Episcoporum
1884 2103 1920 2134 et
1946 2098 2020 2134 ΗΒ.

241 2178 389 2213 decreto
428 2177 500 2213 diei
530 2177 573 2211 18
599 2175 805 2212 decembris
834 2174 924 2210 1855
950 2179 985 2210 et
1019 2173 1176 2219 epistola
1215 2172 1383 2208 circulari
1421 2171 1492 2208 (liei
1521 2171 1536 2206 1
1566 2180 1650 2216 aug.
1687 2169 1787 2206 1851.
1827 2169 1941 2204 Porro
1969 2168 2023 2203 in-

242 2254 296 2286 tra
335 2250 531 2285 terminum
570 2249 696 2285 decem
735 2247 877 2283 dierum
904 2256 925 2282 a
963 2245 1213 2282 notificatione
1249 2244 1454 2281 sententiae
1494 2242 1725 2288 interpositio
1762 2240 2022 2286 appellationis

243 2321 319 2358 fieri
347 2321 467 2364 debet,
494 2331 566 2366 quo
594 2320 722 2366 elapso
750 2325 913 2364 tempore
941 2318 1144 2354 sententiae
1172 2318 1340 2353 executio
1369 2316 1489 2352 locum
1509 2315 1630 2351 habet.
1658 2313 1917 2359 Appellatione
1938 2323 2023 2349 vero

243 2393 469 2438 interposita,
487 2392 665 2428 continuo
688 2391 797 2427 Curia
815 2390 859 2426 ad
878 2389 1133 2426 auctoritatem
1153 2388 1441 2425 ecclesiasticam
1462 2387 1662 2432 superioris
1683 2385 1879 2422 instantiae
1900 2384 2024 2420 omnia

243 2472 324 2502 acta
350 2475 484 2501 causae
512 2462 549 2500 in
578 2464 653 2500 suis
680 2462 959 2508 autbograpbis‚
987 2462 1079 2497 idest
1106 2470 1332 2506 processum,
1359 2460 1439 2496 eius
1474 2445 1739 2499 summarium,
1771 2457 2023 2493 defensionem

241 2548 284 2574 ac
310 2537 533 2574 sententiam
562 2536 706 2572 mittere
733 2534 853 2570 debet.
883 2534 981 2570 Haec
1008 2542 1116 2578 porro
1143 2531 1347 2578 superioris
1375 2530 1572 2566 instantiae
1607 2528 1831 2571 auctoritas,
1868 2527 2027 2574 appella·

244 2609 344 2645 tione
371 2608 531 2653 cognita,
558 2606 759 2653 appellanti
787 2605 958 2650 inmugit,
986 2609 1023 2641 ut
1051 2604 1146 2640 intra
1173 2603 1324 2649 triginta
1349 2603 1427 2638 dies
1453 2601 1686 2638 defensorem
1713 2600 1873 2645 deputet,
1897 2599 1958 2644 qui
1980 2598 2026 2634 ab

244 2681 324 2726 ipsa
353 2679 563 2726 probandus
589 2684 656 2714 est.
689 2679 739 2713 Eo
768 2678 926 2713 termino
954 2675 1200 2722 peremptorio
1227 2674 1359 2710 frustra
1386 2673 1524 2719 elapso,
1552 2677 1722 2709 censetur
1744 2681 1828 2707 reus
1847 2669 2026 2707 beneficio

244 2751 504 2797 appellationis
531 2750 775 2793 renuntiasse,
802 2758 912 2795 quam
942 2753 1136 2793 propterea
1162 2746 1271 2783 iudex
1301 2745 1437 2791 gradus
1471 2744 1672 2791 superioris
1706 2746 1933 2789 peremptam
1971 2740 2028 2777 de-

245 2823 373 2859 clarat.
401 2823 442 2858 In
469 2821 714 2868 appellatIone
741 2830 763 2856 a
789 2820 971 2856 sententia
997 2819 1127 2855 Curiae
1153 2816 1375 2863 episcopalis
1401 2816 1447 2852 ad
1485 2814 1818 2860 metropolitanam,
1850 2811 2030 2858 archiepi-

245 2905 381 2941 scopus
407 2894 444 2929 in
471 2902 584 2930 cansa
609 2892 869 2938 cognoscenda
894 2901 938 2927 ae
963 2889 1173 2927 definienda
1194 2889 1324 2925 eadem
1353 2887 1574 2934 procedendi
1593 2885 1764 2923 methodo
1783 2889 1915 2927 utetur,
1933 2892 2027 2930 quae

246 2965 416 3011 superius
444 2964 638 3001 indicatur.
