2176 3386
758 215 889 245 LIBER
917 216 942 244 1.
972 192 1029 244 1313
1059 214 1254 244 CLl-:mffls
1518 231 1521 234 -
1819 204 1901 244 239

107 323 154 369 in
186 337 276 383 qua
307 323 542 380 statuitur,
577 324 697 383 quod
729 323 765 368 si
798 323 962 379 eiecti,
997 326 1045 367 et
1087 322 1322 368 emendati
1370 322 1418 366 in
1467 322 1761 368 monasteriis
1805 322 1899 368 suis

108 405 247 464 recipi
280 410 487 464 possunt,
522 410 636 451 tunc
666 405 924 464 superiores
956 405 1147 461 ordinis,
1183 404 1442 450 monitione
1475 404 1663 463 praevia
1704 419 1784 463 per
1825 418 1895 450 ec-

108 489 385 535 clesiasticas
407 502 626 534 censuras
657 490 994 548 compellantur
1025 489 1081 534 ad
1114 489 1316 547 ipsorum
1347 488 1678 547 receptionem3
1714 489 1751 534 si
1785 502 1896 533 vero

109 572 155 617 in
189 571 243 617 iis
276 572 414 631 recipi
447 577 699 631 nequeant,
734 572 1020 617 collocentur
1052 571 1099 616 in
1132 572 1222 617 alio
1256 571 1539 617 monasterio
1578 571 1782 616 eiusdem
1826 585 1896 616 or-

108 655 242 712 dinis;
278 655 384 714 quia
418 655 463 700 in
497 670 549 700 ea
583 669 734 700 sermo
767 659 837 700 est
868 656 923 700 de
956 656 1198 700 monachis
1247 670 1338 700 non
1383 654 1643 714 exemptis;
1687 654 1723 699 si
1769 654 1895 699 enim

108 740 162 785 de
195 738 250 783 iis
284 753 374 783 non
410 744 638 797 ageretur,
676 753 767 783 non
805 743 994 796 possunt
1026 738 1224 798 episcopi
1259 740 1501 798 expulsum
1536 739 1593 783 ab
1615 751 1708 782 uno
1736 750 1895 782 mona-

106 823 244 869 sterio
278 823 324 868 in
358 823 446 868 alio
478 823 701 868 collocare
726 824 755 868 ².

843 966 1063 1014 Appendix
1090 967 1155 1004 lV.

267 1065 556 1104 Recensenmr
586 1077 634 1104 ea
665 1077 775 1116 quae
807 1063 849 1103 in
881 1063 1189 1103 constitutione
1227 1064 1459 1103 Romanos
1490 1063 1735 1103 Pontifices

173 1140 342 1180 decreta
372 1143 475 1180 sunt
504 1140 649 1192 quoad
679 1140 999 1194 exemptionem
1033 1139 1304 1193 reyularium
1338 1139 1382 1179 in
1416 1139 1519 1180 locis
1549 1139 1823 1180 missionum.

200 1256 238 1299 1.
274 1258 447 1300 Omnes
481 1255 753 1301 missionum
791 1262 989 1301 rectores
1023 1255 1131 1299 cleri
1165 1256 1486 1301 collationibus
1528 1256 1685 1300 adesse
1727 1270 1784 1300 ex
1829 1256 1894 1300 of-

108 1338 209 1383 ficio
242 1339 427 1395 debent,
462 1339 714 1399 iisdemque
749 1339 970 1384 interesse
1004 1338 1173 1383 Vicarii
1206 1339 1373 1398 aliique
1420 1339 1615 1397 religiosi
1659 1339 1747 1383 viri
1788 1340 1894 1384 mis-

107 1422 318 1468 sionariis
352 1422 644 1468 facultatibus
676 1423 865 1468 concedi
900 1423 1044 1467 solitis
1078 1422 1322 1478 instructi,
1358 1423 1435 1482 qui
1470 1423 1663 1481 hospitia
1710 1437 1894 1481 parvas-

106 1519 192 1565 que
226 1506 496 1550 missionum
531 1507 691 1551 domos
724 1507 947 1551 incolunt.
985 1506 1140 1560 Quoad
1174 1520 1334 1551 eorum
1369 1521 1479 1551 vero
1505 1492 1812 1565 praesentiam
1846 1507 1893 1552 in

108 1590 295 1648 synodis
327 1590 626 1646 dioecesanis,
661 1591 946 1635 observanda
981 1595 1090 1635 sunt
1122 1592 1305 1635 decreta
1339 1594 1477 1636 Conc.
1515 1590 1785 1636 Tridentini.

226 1677 267 1718 2.
304 1679 387 1719 Fas
419 1678 487 1718 est
522 1674 801 1732 regularibus
843 1674 1070 1733 appellare
1115 1674 1160 1719 in
1206 1674 1475 1719 devolutivo
1519 1679 1702 1719 tantum
1745 1674 1894 1734 quoad

110 1756 536 1815 interpretationem
570 1758 860 1802 decretorum
897 1757 1209 1815 synodalium,
1244 1772 1362 1817 quae
1396 1759 1451 1803 de
1495 1758 1592 1802 iure
1635 1758 1892 1815 communi,

109 1841 204 1885 sive
238 1840 484 1895 ordinario,
520 1840 618 1885 sive
650 1841 856 1898 delegato
891 1842 1121 1898 regulares
1154 1841 1295 1886 etiam
1320 1841 1553 1898 afficiunt;
1589 1856 1679 1901 quo
1703 1856 1815 1887 vero
1837 1842 1892 1886 ad

109 1924 535 1983 interpretationem
570 1925 763 1970 aliorum
797 1926 1107 1978 decretorum,
1143 1926 1285 1970 etiam
1320 1925 1365 1969 in
1400 1926 1689 1984 suspensivo.

226 2010 264 2054 5.
303 2009 424 2054 Licet
459 2009 687 2068 Episcopis
722 2009 962 2054 missiones
994 2009 1216 2065 dividere,
1252 2014 1434 2054 servata
1460 2011 1605 2055 forma
1632 2013 1765 2055 Conc.
1800 2011 1894 2055 Tri·

108 2094 301 2150 dentini,
336 2095 483 2154 quoad
520 2094 776 2150 missiones,
811 2108 927 2153 quae
961 2098 1070 2138 sunt
1102 2108 1210 2138 vere
1244 2093 1514 2154 proprieque
1553 2093 1702 2139 dictae
1737 2108 1893 2153 paroe-

109 2177 219 2222 ciae.
256 2178 413 2232 Quoad
446 2177 643 2237 reliquas
677 2192 803 2233 vero,
839 2178 894 2222 ad
940 2179 1139 2222 formam
1183 2177 1354 2235 Synodi
1402 2178 1700 2223 Provincialis
1749 2182 1893 2223 West-

111 2260 501 2315 monasteriensis,
537 2259 726 2316 scilicet,
763 2260 917 2305 licebit
954 2260 1171 2318 Episcopo
1205 2261 1260 2305 de
1310 2260 1500 2306 consilio
1543 2260 1729 2319 capituli
1773 2261 1893 2305 intra

110 2344 276 2389 limites
310 2344 538 2390 missionis
572 2358 716 2389 novas
748 2343 964 2389 ecclesias
996 2346 1210 2400 condere,
1256 2359 1308 2389 ac
1354 2345 1613 2403 portionem
1659 2345 1895 2389 districtus

110 2426 164 2473 iis
196 2428 463 2484 attribuere,
498 2429 534 2473 si
569 2428 817 2474 necessitas
857 2432 938 2472 aut
984 2428 1158 2473 utilitas
1202 2427 1352 2487 populi
1394 2427 1539 2473 fidelis
1584 2428 1626 2472 id
1671 2427 1888 2488 requirat.

110 2513 206 2563 Quo
240 2511 402 2555 melius
433 2515 586 2555 autem
625 2510 847 2566 missioni,
882 2525 998 2570 quae
1031 2510 1277 2556 dividenda
1299 2510 1374 2566 sit,
1400 2511 1588 2569 eiusque
1610 2510 1895 2555 administris

114 2592 429 2651 prospiciatur,
464 2593 694 2638 sententia
728 2608 909 2653 quoque
945 2593 1134 2639 rectoris
1167 2594 1447 2652 praecipitur
1487 2593 1800 2653 exquirenda,
1847 2596 1893 2637 et

110 2675 146 2719 si
178 2689 202 2720 a
237 2675 457 2734 religiosis
489 2677 717 2722 sodalibus
750 2677 905 2722 missio
927 2677 1295 2733 administretur,
1323 2678 1583 2735 praefectus
1608 2675 1792 2721 Ordinis
1814 2690 1892 2720 au-

109 2758 316 2815 diendus,
352 2761 480 2805 salvo
515 2761 611 2805 iure
644 2761 919 2819 appellandi,
955 2760 991 2805 si
1026 2774 1098 2805 res
1131 2761 1345 2819 postulet,
1381 2774 1406 2805 a
1439 2760 1625 2805 decreto
1649 2758 1892 2817 episcopali

110 2840 166 2886 ad
198 2843 238 2886 S.
276 2843 436 2888 Sedem
471 2843 517 2888 in
550 2843 818 2889 devolutivo
852 2848 1052 2889 tantum.

228 3004 236 3023 ¹
266 3005 312 3041 Ut
336 3015 421 3042 cum
448 3007 637 3042 communi
664 3006 782 3042 firmat
810 3006 981 3044 laudatus
1008 3007 1052 3043 de
1079 3006 1250 3042 Amoeno
1276 3006 1321 3043 de
1335 3004 1645 3050 incorrigibilium
1671 3002 1892 3049 expulsione

111 3074 212 3112 Tom.
237 3075 270 3120 2,
297 3076 392 3113 Part.
420 3077 482 3114 ΙΙΙ.
509 3087 543 3123 q.
572 3078 603 3120 1,
628 3087 663 3113 n.
690 3077 712 3113 5
750 3082 786 3114 et
810 3089 845 3125 q.
875 3079 932 3124 10,
957 3089 992 3116 n.
1020 3078 1078 3116 72.
