2176 3386
174 212 255 252 324
537 225 887 256 SUPPLEMENTUM
918 228 1197 263 QUORUMDAM
1229 229 1598 262 DOCUMENTORUM

174 334 258 391 dit,
293 335 366 380 die
402 337 453 381 15
487 335 582 380 iulii
620 336 749 382 1881:
791 358 808 378 a
838 342 1162 395 Executorem,
1187 339 1367 399 quoties
1399 342 1732 399 poenitentiam
1758 344 1958 404 longam,

173 433 290 478 quae
323 420 485 464 saltem
512 435 589 477 prr
610 434 788 465 annum
814 421 963 477 duret,
991 421 1231 480 iniungere
1265 423 1464 481 iubetur,
1492 429 1672 484 tempus
1701 427 1961 474 huiusmodi

172 504 443 572 neutiquam
477 504 750 549 contrahere
784 518 940 563 posse:
993 519 1120 564 posse
1157 520 1267 551 vcro
1300 521 1358 551 ex
1391 522 1559 565 causa,
1596 523 1701 554 cum
1742 509 1959 557 diuturna

173 586 451 645 imponenda
494 591 594 644 est3
647 601 738 632 non
775 588 835 632 ita
871 593 1027 633 tamen
1062 593 1113 633 ut
1147 589 1430 647 poenitentia
1474 591 1538 636 sic
1581 596 1818 638 contracta
1857 607 1960 638 eam

175 670 417 716 duratione
450 684 543 716 non
578 671 789 726 excedat,
825 685 941 730 quae
975 687 998 716 a
1035 675 1077 717 S.
1117 672 1478 719 Poenitentiaria
1504 675 1634 733 longa
1666 675 1833 721 dicitur
1859 695 1898 722 n.

297 921 369 962 111.
412 917 615 962 vicarius
650 917 933 975 Apostolicus
967 918 1168 963 Nianzae
1203 919 1248 963 in
1288 919 1435 965 Africa
1469 922 1767 980 aequatoriali
1802 938 1960 982 propo-

177 1000 268 1045 suit
300 999 536 1059 sequentia
571 1000 731 1044 dubia:
773 1002 809 1044 l.
849 1000 999 1044 Nostri
1034 1002 1252 1059 neophyti
1293 1007 1401 1047 sunt
1434 1004 1527 1047 fere
1560 1017 1741 1062 semper
1776 1005 1960 1064 obligati

176 1084 233 1128 ad
265 1083 496 1127 ducendas
529 1083 574 1127 in
609 1098 776 1128 uxores
812 1084 1025 1129 mulieres
1058 1085 1264 1130 infideles
1295 1100 1408 1145 quas
1442 1087 1523 1144 ipsi
1560 1088 1791 1133 redimunt
1814 1104 1838 1133 a
1868 1104 1959 1135 ser-

180 1169 326 1213 vitute
362 1169 489 1213 iuxta
524 1182 655 1213 usum
693 1170 903 1227 regionis.
945 1170 1106 1214 Mulier
1140 1184 1414 1216 consensum
1464 1177 1678 1229 praestat,
1713 1178 1760 1217 at
1795 1173 1958 1218 timen-

176 1253 285 1296 dum
319 1257 388 1296 est
421 1252 539 1311 quod
573 1266 706 1310 saepe
742 1252 843 1296 talis
867 1266 1118 1297 consensus
1144 1267 1236 1297 non
1265 1254 1323 1298 sit
1355 1255 1577 1311 sincerus,
1604 1255 1826 1315 siquidem
1862 1271 1958 1302 mu-

177 1336 258 1381 lier
294 1337 559 1395 redempta,
595 1342 789 1394 excepto
824 1350 929 1382 casu
976 1338 1093 1397 quod
1140 1343 1344 1383 nostram
1387 1339 1654 1397 religionem
1695 1345 1956 1397 cognoscat,

177 1434 222 1465 se
256 1424 438 1477 reputat
471 1434 671 1474 servam,
698 1420 874 1464 scilicet
908 1420 951 1464 in
990 1425 1215 1478 potestate
1238 1421 1357 1465 illius
1388 1421 1465 1481 qui
1498 1436 1598 1466 eam
1634 1422 1882 1481 adquisivit
1915 1427 1959 1466 et

177 1504 277 1548 ideo
310 1503 504 1560 obligata
538 1503 593 1547 ad
628 1504 1012 1548 consentiendum
1047 1504 1207 1548 saltem
1243 1504 1447 1548 exterius
1482 1505 1776 1549 matrimonio
1821 1505 1954 1549 illius.

177 1587 370 1632 Licitum
406 1591 474 1632 est
508 1587 598 1631 tale
624 1587 1001 1631 matrimonium?
1039 1591 1112 1631 list
1137 1602 1192 1632 ne
1229 1587 1464 1632 validum?
1488 1587 1634 1633 Maior
1658 1601 1759 1646 pars
1783 1593 1957 1634 nostro-

176 1685 278 1715 rum
331 1671 667 1729 neophytorum
719 1670 781 1714 ita
832 1670 1179 1714 matrimonium
1230 1671 1525 1715 contrahunt.
1577 1673 1618 1715 2.
1663 1671 1957 1717 Matrimonio

176 1754 238 1798 ita
273 1758 512 1799 contracto
562 1755 783 1811 (suppono
832 1753 1120 1810 neophytum
1170 1753 1420 1798 obtinuisse
1470 1753 1859 1812 dispensationem
1902 1755 1959 1798 ab

177 1837 508 1896 impedimento
541 1836 819 1895 disparitatis
853 1837 1018 1893 cultus)
1052 1842 1098 1880 et
1130 1843 1479 1892 consummato,
1515 1837 1683 1882 accidit
1725 1837 1956 1882 interdum

175 1921 294 1980 quod
320 1921 483 1964 mulier
504 1920 710 1977 aufugiat
735 1925 834 1978 post
858 1926 1038 1979 tempus
1064 1920 1161 1978 plus
1195 1920 1407 1965 mitiusve
1432 1922 1618 1978 longum
1643 1921 1752 1978 quin
1787 1921 1958 1966 sciatur

175 2017 327 2050 causa.
384 2008 534 2048 Potest
581 2018 638 2048 ne
686 2003 845 2047 inferri
879 2018 934 2047 ex
969 2003 1067 2048 eius
1102 2005 1204 2061 tuga
1243 2005 1363 2063 quod
1409 2004 1500 2062 ipsa
1541 2018 1632 2049 non
1671 2005 1958 2062 praestiterat

175 2102 309 2133 suum
359 2101 634 2132 consensum
685 2087 730 2131 in
783 2087 1165 2142 matrimonium,
1201 2092 1246 2131 et
1279 2093 1429 2145 potest
1476 2088 1679 2146 permitti
1724 2090 1956 2146 neophyto

175 2172 449 2216 contrahere
484 2185 656 2216 novum
694 2171 1080 2215 matrimonium?
1122 2172 1163 2215 5.
1207 2175 1281 2215 Est
1313 2172 1568 2228 generatim
1607 2171 1737 2217 valde
1778 2172 1956 2216 difficile

175 2259 222 2299 et
254 2268 387 2313 saepe
422 2254 697 2312 impossibile
732 2255 847 2299 scire
880 2255 986 2314 quid
1020 2255 1185 2300 accidit
1218 2255 1455 2313 fugitivae,
1491 2271 1549 2301 an
1576 2262 1755 2302 mortua
1788 2257 1845 2301 sit
1877 2263 1957 2301 aut

176 2338 322 2383 vivat.
379 2343 479 2383 Post
515 2339 745 2396 possibiles
779 2338 1094 2396 indagationes
1130 2340 1303 2394 tactas,
1342 2345 1488 2398 potest
1521 2355 1578 2385 ne
1612 2341 1802 2398 supponi
1837 2342 1955 2400 quod

177 2428 357 2467 mortua
392 2422 449 2466 sit
482 2427 528 2466 et
562 2422 763 2480 permitti
796 2423 1031 2480 neophyto
1054 2423 1219 2468 ducere
1243 2423 1377 2468 aliam
1414 2427 1644 2468 uxorem?
1675 2426 1718 2469 4.
1749 2426 1954 2482 Neophy-

175 2510 250 2550 tus
282 2511 382 2564 post
417 2505 477 2550 ita
510 2505 726 2550 amissam
761 2519 891 2550 suam
928 2519 1118 2550 uxorem
1153 2506 1292 2551 etiam
1329 2506 1509 2564 (adhuc)
1547 2506 1794 2562 infidelem,
1831 2506 1955 2563 igno-

175 2601 283 2632 rans
329 2587 711 2645 impedimentum
745 2587 1025 2646 disparitatis
1065 2589 1246 2644 cultus,
1281 2602 1306 2633 a
1339 2603 1429 2648 quo
1463 2595 1553 2633 non
1597 2589 1744 2647 potuit
1776 2589 1954 2648 dispen-

175 2671 263 2716 sari
298 2685 403 2715 cum
440 2671 571 2728 longe
605 2670 661 2714 sit
694 2685 718 2714 a
753 2684 833 2714 suo
867 2670 1030 2728 oppido
1085 2669 1431 2727 Missionarius‚
1468 2676 1617 2729 potest
1660 2685 1717 2715 ne
1759 2671 1954 2730 relinqui

175 2768 280 2798 cum
315 2754 515 2798 secunda
566 2753 755 2798 muliere
788 2758 834 2798 et
867 2768 947 2811 pro
998 2753 1201 2811 ligitimis
1248 2754 1414 2799 habere
1458 2753 1573 2798 lilios
1622 2768 1738 2812 quae
1769 2753 1828 2798 ab
1862 2753 1954 2811 ipsa

175 2838 491 2895 generantur?
524 2839 564 2882 5.
602 2840 835 2891 Quaedam
869 2837 1149 2882 christianae
1173 2837 1402 2882 interdum
1441 2837 1735 2882 matrimonio
1762 2836 1952 2881 coniun-

174 2926 302 2976 ctae,
340 2921 570 2966 interdum
609 2935 727 2975 non,
764 2920 990 2965 uniuntur
1023 2923 1069 2964 υἱ
1103 2920 1267 2965 marito
1302 2919 1527 2978 poligamo
1549 2924 1596 2964 et
1628 2919 1856 2964 ordinarie
1889 2919 1955 2963 di·

174 3009 334 3049 nastae
372 3005 441 3062 (ad
476 3018 538 3048 un
573 3005 758 3061 grande)
800 3004 940 3062 regni.
993 3008 1119 3062 Ipsae
1152 3008 1391 3062 nequeunt
1423 3004 1576 3061 fugam
1610 3002 1810 3061 arripere
1842 3001 1951 3062 quin

174 3100 221 3132 se
253 3090 491 3144 exponant
522 3086 650 3146 quasi
684 3090 837 3132 certae
872 3086 1026 3141 morti,
1062 3090 1109 3130 et
1141 3085 1248 3144 ipsis
1281 3085 1556 3144 impossibile
1597 3090 1666 3131 est
1697 3084 1953 3130 communi-
