2176 3386
845 219 974 249 le-:n
1002 220 1026 248 1.
1057 219 1114 247 DE
1143 217 1339 247 cmmms
1902 205 1981 246 357

204 331 331 388 patet
360 341 419 373 ex
451 328 574 372 facto
596 325 783 372 Concilii
809 326 1042 385 Ephesini,
1068 325 1144 370 ubi
1171 324 1377 384 Episcopi
1401 325 1488 369 210
1510 327 1851 379 convenerunt,
1876 336 1983 368 cum

203 416 294 456 una
329 408 479 455 Africa
512 423 566 454 eo
601 413 807 467 tempore
838 412 1071 455 tercentos
1104 410 1297 454 fortasse
1331 408 1533 452 haberet.

320 493 360 549 b)
398 497 520 551 Ipsos
551 496 707 538 tamen
747 492 986 551 Episcopos
1018 491 1165 536 teneri
1199 491 1254 536 ad
1302 491 1555 551 Concilium
1604 491 1845 546 accedere,
1894 491 1982 536 nisi

202 576 404 635 legitime
438 575 763 634 impediantur,
799 576 918 635 quod
952 580 1078 635 patet
1109 590 1167 620 ex
1199 575 1474 620 auctoritate
1507 575 1720 620 vocantis
1741 580 1788 619 et
1808 589 1867 620 ex
1890 574 1982 633 epi-

200 658 370 717 scopali
403 658 566 703 officio.

318 730 356 786 c)
398 733 461 774 Ex
493 729 819 774 accedentibus
853 731 1089 775 neminem
1123 730 1303 775 excludi
1340 743 1486 789 posse,
1524 728 1611 774 nisi
1660 729 1982 774 excommuni-

200 816 331 857 catus
362 812 437 867 sit,
472 817 552 858 aut
584 812 648 857 rei
684 819 833 870 partes
864 827 998 872 agere
1031 814 1208 858 debeat.

320 895 361 949 5)
401 895 454 938 Ut
488 898 722 940 Romanus
760 896 969 941 Pontifex
1002 897 1100 941 sive
1135 912 1215 956 per
1246 911 1319 951 se,
1355 897 1452 941 sive
1499 911 1579 955 per
1625 901 1811 954 Legatos
1854 910 1980 954 prae-

198 977 360 1034 sideat,
394 979 512 1037 quod
546 979 730 1038 quidem
753 980 1035 1040 quadruplici
1061 981 1329 1039 praesertim
1354 981 1400 1025 in
1426 981 1522 1025 iure
1546 980 1686 1027 situm
1720 985 1789 1025 est
1815 999 1824 1025 z
1865 982 1902 1037 l)
1930 985 1981 1024 ut

200 1061 353 1105 sedem
389 1062 582 1120 primam
627 1063 814 1119 babeat3
861 1064 902 1118 2)
941 1068 991 1106 ut
1030 1065 1298 1109 methodum
1335 1078 1486 1108 rerum
1530 1063 1811 1121 agendarum
1854 1077 1978 1121 prae·

199 1144 398 1200 scribat3
434 1146 475 1198 5)
512 1150 566 1189 ut
595 1146 803 1191 ordinem
839 1147 910 1192 vel
962 1161 1120 1206 pacem
1160 1147 1401 1192 turbantes
1440 1151 1681 1203 coerceat,
1726 1147 1769 1202 4)
1808 1149 1858 1189 ut
1891 1144 1978 1204 pri-

200 1240 303 1271 mus
334 1226 604 1272 subscribat.
646 1232 709 1273 Ex
742 1229 905 1288 quibus
937 1229 1172 1289 sequitur:

317 1311 363 1367 a)
397 1312 650 1356 Concilium
686 1312 1247 1371 Constantinopolitanum
1288 1317 1321 1368 Ι,
1358 1314 1431 1358 cui
1485 1317 1717 1358 Romanus
1766 1311 1978 1356 Pontifex

200 1407 347 1452 neque
381 1408 461 1452 per
491 1408 555 1451 se,
582 1409 729 1454 neque
755 1410 835 1455 per
858 1400 1049 1454 Logatos
1073 1396 1286 1454 praefuit,
1311 1395 1676 1440 Oecumenicum
1701 1409 1793 1439 non
1818 1395 1975 1449 fuisse,

199 1477 285 1522 nisi
319 1492 423 1522 cum
458 1479 679 1524 eiusmodi
714 1479 920 1524 defectus
962 1479 1152 1524 Romani
1189 1479 1329 1538 ipsius
1364 1478 1595 1524 pontilicis
1626 1477 1980 1523 confirmatione

198 1565 387 1605 sanatus
419 1566 501 1606 est.

315 1644 354 1697 b)
393 1644 570 1700 Sedem,
595 1659 911 1706 quaecumque
935 1646 1009 1691 illa
1034 1646 1187 1703 fuerit,
1213 1661 1328 1706 quae
1352 1645 1711 1704 [inperatoribus
1733 1644 1978 1704 aliquando

199 1725 244 1770 in
279 1726 490 1772 Conciliis
524 1728 741 1785 permissa
775 1733 859 1784 est,
897 1743 989 1773 non
1024 1730 1113 1774 iarn
1150 1729 1388 1785 Praesidis,
1423 1729 1500 1774 sed
1535 1729 1721 1774 honoris
1744 1741 1880 1772 causa
1906 1727 1977 1771 iis-

197 1809 299 1854 dem
336 1810 473 1855 fuisse
505 1810 720 1868 delatam,
755 1817 893 1872 atque
926 1812 1031 1857 inde
1063 1818 1147 1868 est,
1184 1813 1303 1872 quod
1338 1812 1521 1858 nonnisi
1557 1818 1657 1871 post
1690 1825 1852 1857 omnes
1879 1812 1979 1870 Epi-

197 1906 355 1951 scopos
388 1894 523 1939 iidem
556 1895 841 1940 subscribere
865 1900 1225 1951 consueverunt,
1250 1895 1640 1955 quemadmodum
1664 1895 1758 1953 ipse
1782 1899 1976 1939 testatus

197 1981 266 2020 est
300 1977 487 2022 Basilius
518 1982 629 2036 Imp.
669 1978 714 2023 in
761 1979 961 2025 Concilio
999 1982 1111 2034 VIII,
1162 1992 1241 2023 seu
1284 1978 1632 2036 Constantinop.
1673 1982 1742 2023 [v.
1783 1980 1881 2023 Act.
1922 1979 1974 2023 15

196 2060 280 2105 sub
313 2061 468 2106 tinem.

315 2146 357 2201 4)
396 2146 452 2189 Ut
485 2145 670 2190 libertas
707 2146 962 2191 sententias
1005 2147 1259 2192 dicentium
1305 2161 1396 2192 non
1441 2147 1663 2202 laedatur,
1712 2146 1754 2189 vi
1802 2145 1976 2190 scilicet

197 2215 366 2261 iniuste
400 2216 539 2261 illata.

316 2303 356 2359 5)
394 2303 450 2345 Ut
483 2307 718 2360 peractum
754 2302 1005 2348 Concilium
1053 2318 1078 2348 a
1132 2307 1339 2348 Romano
1384 2303 1604 2348 Pontifice
1654 2302 1972 2358 confirmetur,

196 2384 376 2429 etiamsi
409 2384 507 2429 eius
544 2385 693 2443 Legati
726 2385 874 2430 eidem
898 2385 1156 2442 adfuerint,
1194 2386 1253 2430 ita
1279 2391 1330 2430 ut
1351 2387 1520 2447 absque
1544 2401 1595 2431 ea
1622 2387 1973 2432 confirmatione

198 2482 345 2527 neque
377 2467 769 2525 infallibilitatem,
806 2483 955 2528 neque
989 2469 1085 2514 vim
1118 2470 1257 2514 ullam
1282 2470 1535 2515 Concilium
1560 2470 1740 2515 habeat.
1773 2470 1815 2515 ld
1842 2484 1974 2527 porro

198 2555 322 2609 patet
353 2566 411 2596 ex
445 2551 490 2597 vi
526 2551 771 2609 Primatus,
806 2556 943 2611 atque
977 2553 1085 2597 hinc
1117 2568 1174 2598 ex
1209 2553 1375 2598 celebri
1424 2554 1648 2599 Ecclesiae
1682 2558 1883 2607 Canone,
1919 2553 1974 2597 de

196 2648 286 2694 quo
317 2635 476 2680 Graeci
510 2635 649 2680 etiam
682 2642 843 2681 omnes
875 2641 1119 2681 testantur.
1161 2636 1362 2696 Denique
1395 2652 1453 2681 ex
1489 2637 1614 2695 praxi
1666 2640 1974 2695 perpetuoque

196 2716 337 2775 ipsius
372 2718 596 2764 Ecclesiae
630 2718 813 2775 iudicio,
849 2733 965 2779 quae
997 2719 1198 2765 Concilia
1232 2734 1256 2764 a
1294 2724 1496 2765 Romana
1533 2720 1644 2765 Sede
1679 2734 1770 2764 non
1809 2718 1973 2764 confir-

198 2805 319 2846 mata
353 2815 534 2861 semper
555 2803 838 2860 repudiavit,
875 2802 1128 2848 cuiusmodi
1155 2804 1280 2857 fuere
1304 2802 1643 2848 Mediolanense
1672 2817 1747 2847 an.
1770 2803 1871 2856 565,
1897 2801 1973 2845 ubi

197 2884 433 2945 plusquam
453 2885 658 2929 sexcenti
684 2891 1022 2940 convenerunt,
1047 2886 1225 2946 aliaque
1251 2900 1340 2930 non
1367 2900 1507 2944 pauca
1537 2887 1562 2930 ¹.
1593 2887 1717 2930 lfnde
1739 2885 1969 2945 sequitur:

315 3086 325 3105 ¹
355 3086 425 3122 Cfr.
453 3087 796 3125 scumxtzonunnnn
825 3090 860 3125 in
888 3089 1086 3132 Prooemio,
1114 3100 1148 3125 n.
1175 3089 1243 3125 542
1269 3095 1305 3126 et
1330 3099 1431 3136 seqq.

2016 0 2037 10 Γ
2064 0 2114 21 5...

2119 0 2176 21 13⁶*
