2176 3386
522 232 703 268 LIBER-1.
740 239 796 267 Dr:
827 237 964 266 m-:ssus
994 237 1227 266 eccm-:snm
1257 237 1584 266 SPIRtTUALIBUS
1897 226 1954 265 15

160 345 434 404 gianorum,
471 343 848 403 Rongianorum,
890 357 970 388 seu
1013 342 1259 389 liberarum
1303 347 1354 387 ut
1386 346 1561 388 vocant
1611 342 1948 399 Ecclesiarum,

159 428 447 487 aliorumque
479 427 763 483 huiusmodi,
800 431 847 472 et
878 440 1038 472 eorum
1079 425 1157 486 qui
1189 425 1418 471 sentiendi
1464 425 1723 470 libertatem
1758 423 1840 470 sibi
1874 438 1943 469 ar-

162 515 348 570 rogant;
385 511 431 556 in
455 509 645 569 singulis
670 515 825 556 tamen
859 509 1038 554 casibus
1070 523 1268 554 examen
1303 508 1642 554 instituendum
1677 508 1778 553 erit.
1816 509 1857 565 5)
1894 512 1953 553 Et

161 594 197 639 si
231 599 394 652 agatur
423 594 478 639 de
512 594 632 640 natis
664 594 711 639 in
745 598 869 639 secta
910 592 1122 650 baptismi
1173 593 1496 638 necessitatem
1543 607 1634 638 non
1680 598 1948 651 respuente,

162 682 319 723 tamen
353 678 710 734 observandum,
736 692 794 723 an
818 678 969 723 debita
1005 678 1197 723 materia
1222 682 1267 722 et
1290 678 1437 723 forma
1462 677 1559 722 eius
1587 678 1788 722 asseclae
1811 682 1944 722 utan-

164 769 254 820 tur,
289 763 402 808 adeo
435 763 559 808 enim
594 762 640 807 in
674 762 769 807 dies
801 767 1031 806 sectarum
1073 761 1249 806 incuria
1284 765 1329 805 et
1363 761 1599 805 temeritas
1632 761 1858 815 excrevit,
1895 764 1953 804 ut.

162 846 288 891 iuxta
324 849 569 901 Newman,
607 847 652 890 in
689 847 986 890 Sermonibus
1017 845 1157 891 habit.
1193 848 1244 890 in
1278 853 1454 891 orator.
1491 845 1679 891 dimidia
1713 847 1808 891 fere
1843 860 1947 904 pars

161 935 230 976 tot
262 930 568 975 hereticorum
605 931 651 974 in
687 929 846 988 Anglia
882 943 973 974 non
1007 929 1066 974 sit
1098 928 1323 988 baptismo
1357 928 1443 974 rite
1475 930 1645 974 abluta.
1697 935 1847 984 Quare
1889 931 1953 975 ab

162 1028 285 1059 anno
321 1014 586 1072 praesertim
617 1014 726 1058 1775
760 1026 859 1058 mos
891 1012 1106 1057 inductus
1140 1013 1185 1057 in
1212 1013 1369 1070 Anglia
1395 1013 1497 1068 fuit,
1519 1013 1780 1072 baptizandi
1813 1028 1944 1073 quos-

162 1098 272 1142 libet
302 1110 551 1143 conversos
583 1096 666 1142 sub
698 1096 979 1152 conditione,
1007 1095 1089 1140 nisi
1116 1099 1241 1140 certo
1265 1100 1446 1141 constet
1478 1097 1532 1140 de
1568 1096 1793 1155 baptismo
1823 1098 1949 1155 prius

164 1181 312 1225 valide
345 1185 569 1238 suscepto.
619 1180 743 1224 Unde
779 1184 928 1237 patet,
966 1179 1240 1237 principium
1273 1178 1459 1238 quidem
1493 1179 1548 1224 de
1589 1179 1768 1224 unitate
1802 1180 1944 1238 bapti-

163 1265 248 1308 smi
283 1268 441 1308 sancte
474 1263 773 1319 servandum,
794 1264 868 1307 sed
903 1262 1163 1307 doctrinam
1186 1265 1240 1307 de
1263 1262 1361 1306 eius
1393 1262 1700 1321 applicatione
1734 1263 1789 1308 ad
1813 1277 1947 1308 casus

164 1347 460 1408 particulares
508 1361 632 1392 nunc
679 1348 812 1404 longe
844 1346 980 1391 aliam
1021 1359 1118 1391 esse
1157 1346 1350 1400 debere,
1386 1337 1524 1406 quam
1569 1346 1744 1392 duobus
1777 1347 1952 1391 abhinc

163 1431 386 1489 saeculis,
421 1432 604 1492 quando
638 1431 906 1476 heterodoxi
940 1435 990 1473 ut
1023 1430 1273 1488 plurimum
1309 1430 1458 1475 valide
1507 1431 1816 1489 baptizabant.
1873 1434 1945 1477 Ni-

165 1516 350 1570 mirum,
386 1521 626 1575 postquam
660 1514 706 1559 in
742 1514 835 1573 ipsa
869 1514 1088 1559 societate
1121 1512 1361 1571 anglicana
1412 1515 1634 1559 toleratus
1667 1520 1735 1559 est
1767 1516 1943 1574 doctor,

162 1601 238 1661 qui
273 1600 595 1645 necessitatem
630 1599 844 1657 baptismi
879 1598 1185 1656 impugnavit,
1218 1598 1302 1643 etsi
1335 1613 1387 1643 ea
1412 1599 1608 1644 societas
1643 1615 1748 1658 prae
1781 1602 1954 1647 ceteris*

166 1684 335 1743 priscos
367 1683 481 1728 ritus
514 1682 758 1728 retinuisse
791 1688 1065 1738 censeatur,
1104 1682 1354 1740 periculose
1387 1683 1634 1728 admodum
1668 1684 1767 1729 sine
1801 1685 1946 1744 bapti-

164 1780 263 1812 smo
296 1766 612 1812 conditionato
645 1766 691 1810 in
732 1765 975 1811 Ecclesiam
1012 1765 1229 1824 recipitur
1261 1765 1587 1822 heterodoxus,
1614 1767 1669 1811 de
1702 1767 1833 1813 cuius
1867 1782 1946 1814 va-

163 1850 252 1895 lido
293 1850 521 1908 baptismo
555 1849 600 1894 in
635 1863 743 1895 casu
779 1849 1039 1908 particulari
1093 1864 1183 1893 non
1220 1849 1414 1894 habetur
1463 1850 1647 1895 moralis
1695 1852 1945 1897 certitudo,

164 1939 263 1980 Huc
295 1937 470 1992 spectat
502 1947 651 1978 canon
687 1934 856 1992 Synodi
896 1933 1403 1979 westmonasteriensis
1435 1934 1489 1979 de
1525 1934 1753 1992 baptismo
1791 1936 1950 1980 condi-

165 2017 339 2062 tionate
371 2018 666 2063 conferendo.

285 2102 385 2146 656.
421 2102 577 2156 Quoad
612 2102 948 2147 confessionem
982 2102 1362 2148 sacramentalem
1398 2103 1673 2161 exigendam
1698 2119 1722 2149 a
1747 2119 1945 2151 neocon-

166 2186 327 2242 versis,
366 2185 573 2244 Archiep.
615 2187 1122 2232 westmonasteriensis
1155 2190 1201 2232 et
1237 2187 1440 2247 Episcopi
1477 2189 1667 2247 Angliae
1702 2205 1946 2248 proposue-

166 2274 275 2313 runt
307 2283 501 2329 sequens
537 2269 756 2314 Dubium:
796 2274 861 2316 An
895 2270 1074 2326 debeat,
1111 2270 1239 2316 iuxta
1274 2272 1436 2329 synodi
1464 2273 1760 2330 prox‘incialis
1792 2275 1946 2320 decre-

165 2358 263 2398 tuin
298 2367 322 2398 a
356 2355 396 2398 S.
434 2353 544 2398 Sede
580 2354 837 2412 probatum,
863 2354 1090 2399 confessio
1122 2355 1468 2399 sacramentalis
1490 2371 1514 2401 a
1540 2358 1866 2403 neoconversis
1899 2359 1949 2403 in

167 2436 325 2495 Anglia
359 2436 479 2495 exigi
512 2441 558 2482 et
590 2451 647 2482 an
672 2451 725 2482 ea
748 2437 911 2482 debeat
942 2451 1039 2482 esse
1073 2438 1286 2496 integra?
1317 2438 1397 2484 Cui
1419 2439 1556 2484 dubio
1590 2443 1630 2485 S.
1663 2444 1711 2485 R.
1738 2445 1784 2486 et
1808 2442 1942 2486 Univ.

166 2505 263 2580 inq.
299 2520 372 2566 die
408 2521 459 2564 17
492 2521 590 2565 dec.
634 2521 742 2565 1868
790 2521 1047 2578 respondit:
1103 2541 1122 2562 a
1150 2522 1468 2578 Atlirmative,
1505 2528 1550 2568 et
1598 2524 1800 2568 dandum
1850 2538 1954 2570 esse

168 2609 411 2650 Decretum
446 2605 588 2650 latum
631 2606 712 2650 sub
745 2605 871 2663 feria
915 2609 956 2662 V,
993 2606 1064 2651 die
1103 2606 1480 2664 decimaseptima
1521 2607 1634 2652 iunii
1669 2608 1777 2652 anni
1816 2609 1944 2653 1715.

170 2687 334 2733 Eadem
359 2689 431 2733 die
463 2703 517 2733 ac
550 2689 661 2733 feria
697 2689 859 2734 SSmus
892 2693 942 2734 D.
979 2693 1031 2734 N.
1070 2688 1171 2734 Pius
1203 2689 1296 2734 div.
1335 2705 1463 2748 prov.
1502 2695 1582 2735 PP.
1622 2695 1676 2736 IX
1711 2691 1946 2737 resolutio-

170 2785 274 2816 nem
308 2771 558 2830 adprobare
591 2776 637 2816 et
669 2772 944 2817 confirmare
977 2773 1191 2830 dignatus
1223 2777 1308 2829 est,
1342 2788 1537 2833 eamque
1561 2788 1665 2820 cum
1691 2779 1953 2821 memorato

168 2858 359 2900 Decreto
409 2855 648 2900 mandavit
696 2856 869 2901 remitti
918 2861 966 2901 R.
1005 2861 1050 2901 P.
1092 2861 1139 2901 D.
1179 2857 1387 2917 Archiep.
1431 2859 1947 2904 westmonasteriensi:

166 2940 306 2983 Feria
341 2941 380 2994 V,
415 2939 489 2983 die
520 2941 571 2982 17
600 2942 723 2984 iunii
750 2941 869 2984 1715
900 2941 926 2986 ¹.
965 2940 1175 2985 Dubium:
1214 2943 1279 2985 An
1306 2941 1436 2999 plena
1470 2941 1580 2987 fides
1602 2941 1661 2986 sit
1683 2942 1940 2988 adhibenda

285 3121 293 3140 ¹
323 3120 472 3158 Collect.
499 3130 534 3157 n.
562 3120 641 3158 644.
