2176 3386
232 225 314 266 224
875 238 986 268 PARS
1015 239 1043 267 1.
1075 239 1133 268 DE
1161 238 1375 269 PEnsoms

354 347 426 391 25.
462 349 660 391 Possunt
692 346 896 405 Episcopi
934 347 978 391 in
1023 347 1239 393 omnibns
1288 348 1384 405 his,
1427 363 1545 408 quae
1582 350 1641 395 -ad
1684 350 2018 410 visitationem,

235 441 510 488 morumque
542 429 878 474 correctionem
912 435 1140 488 spectant,
1174 430 1420 486 ordinare,
1456 433 1706 488 moderari,
1754 435 1942 493 punire,
1977 440 2023 481 et

235 510 480 568 corrigere,
515 525 631 570 quae
665 525 745 570 pro
778 512 976 557 utilitate
1008 512 1229 558 dioecesis
1262 515 1518 560 necessaria
1554 515 1836 562 videbuntur
1859 518 1890 562 ¹.

355 596 427 640 26.
468 594 695 653 Episcopis
728 595 1036 640 subiiciuntur
1068 597 1272 655 exempti
1310 601 1494 656 propter
1525 598 1673 644 officia
1710 599 1755 644 in
1798 600 2022 646 honorem

236 681 422 723 tantum
455 678 612 722 data2.

357 761 428 805 27.
467 764 661 805 Possunt
713 774 988 818 cognoscere
1022 763 1076 806 de
1109 762 1432 821 subreptione,
1467 763 1538 808 vel
1574 765 1839 824 obreptione
1884 767 2023 812 facul-

237 847 388 888 tatum
424 843 803 901 Apostolicarum,
839 843 1003 903 quibus
1045 844 1335 901 conceditur,
1380 851 1432 890 ut
1477 847 1534 890 ab
1575 847 1936 904 ingredientibus
1976 849 2024 893 in

238 925 460 970 beneficia
494 926 593 970 iura
627 926 898 983 temporalia
933 925 1195 984 exigantur,
1231 927 1267 971 si
1302 927 1415 972 haec
1449 928 1493 973 in
1531 942 1638 974 usus
1673 929 1768 988 pios
1801 944 1894 975 non
1918 944 2024 975 con—

239 1011 484 1051 vertantur
507 1007 538 1051 ³.

177 1074 179 1076 ¹
360 1091 431 1134 28.
472 1090 648 1135 Debent
680 1090 977 1148 suspendere,
1013 1091 1307 1151 quoadusque
1342 1093 1408 1137 eis
1441 1093 1687 1151 videbitur,
1723 1109 1748 1139 a
1793 1095 2027 1140 beneficiis

240 1171 429 1216 clericos
463 1171 640 1229 publice
672 1172 1026 1217 concubinarios
1060 1173 1332 1233 privareque
1367 1174 1501 1220 tertia
1536 1180 1663 1234 parte
1687 1177 1923 1222 fructuum
1950 1177 2024 1222 be-

241 1254 511 1299 neficiorum
544 1268 750 1312 suorum,
786 1257 821 1300 si
858 1256 1020 1301 moniti
1054 1258 1336 1302 concubinas
1370 1273 1460 1303 non
1494 1260 1738 1305 dimittunt
1761 1261 1793 1306 ⁴.

360 1339 431 1382 29.
472 1338 646 1382 Debent
678 1339 877 1397 episcopi
912 1353 1131 1385 revocare
1166 1346 1437 1399 patronatus
1469 1342 1604 1387 alicui
1628 1343 1850 1389 beneficio
1873 1345 2027 1404 acqui-

241 1421 352 1467 sitos
383 1435 409 1466 a
441 1422 745 1481 quadraginta
778 1422 912 1466 annis
945 1424 1060 1467 citra
1093 1438 1150 1468 ex
1184 1429 1452 1482 augmento,
1488 1438 1647 1470 senex
1674 1440 1794 1472 nova
1818 1432 2025 1472 constru-

243 1505 422 1561 ctione,
461 1505 535 1549 vel
569 1519 626 1549 ex
660 1505 797 1549 simili
838 1519 1003 1561 causa,
1039 1506 1075 1550 si
1118 1508 1374 1565 repererint
1414 1508 1471 1552 ob
1511 1509 1773 1554 evidentem
1818 1509 2027 1554 beneficii

243 1588 583 1644 necessitatem,
621 1603 714 1632 non
748 1602 845 1633 esse
878 1589 1170 1645 constitutos,
1209 1589 1314 1634 licet
1338 1590 1593 1649 Apostolica
1617 1591 1892 1636 auctoritate
1919 1606 2026 1637 con-

243 1670 391 1715 stituti
424 1670 517 1715 sint
542 1670 571 1714 ⁵.

2151 804 2163 812 3
2143 564 2166 755 Αδ-ιινιαρᾶόώ
2143 542 2147 543 ’
2145 506 2171 517 Ι·
2146 442 2150 443 ’

995 1851 1215 1898 Appendix
1242 1851 1286 1888 ll.

461 1962 597 2003 Casus
626 1963 707 2004 alii
739 1963 781 2003 in
814 1963 970 2016 quibus
1000 1965 1222 2017 requlares
1254 1965 1548 2006 subiiciuntur
1577 1966 1814 2021 Episcopis.

369 2088 406 2131 1.
447 2072 1031 2146 Regulares'subiiciuntur
1064 2090 1295 2148 Episcopis
1333 2091 1482 2150 quoad
1525 2091 1839 2137 visitationem
1884 2107 2030 2138 corre-

246 2169 450 2215 ctionem
483 2175 530 2215 et
561 2171 941 2229 iurisdictionem,
977 2172 1014 2216 si
1047 2172 1309 2217 animarum
1343 2187 1502 2218 curam
1537 2180 1785 2220 exerceant
1817 2189 2028 2234 persona-

247 2267 350 2297 rum
383 2254 706 2310 saecularium,
743 2268 859 2313 quae
892 2269 985 2299 non
1019 2260 1129 2300 sunt
1161 2256 1216 2300 de
1239 2257 1626 2301 monasteriorum
1658 2258 1858 2315 l'amilia;
1894 2257 2028 2302 sicuti

247 2341 295 2381 et
325 2336 475 2396 quoad
507 2350 706 2381 examen
740 2337 899 2382 vicarii
934 2337 1073 2382 etiam
1107 2338 1384 2393 amovibilis,
1421 2336 1499 2396 per
1530 2338 1650 2396 ipsos
1672 2339 1719 2383 in
1743 2340 1936 2399 propriis
1957 2354 2029 2386 ec-

248 2419 397 2464 clesiis
428 2419 763 2477 parochialibus
785 2420 1135 2465 constituendis.
1174 2420 1479 2479 Excipiuntur
1513 2425 1670 2467 tamen
1695 2422 2027 2468 monasterium

248 2501 547 2548 Cluniacense
580 2516 685 2547 cum
720 2502 813 2547 suis
844 2502 1083 2559 limitibus,
1119 2507 1165 2548 et
1198 2504 1494 2560 monasteria,
1530 2504 1578 2548 in
1610 2505 1774 2563 quibus
1815 2506 2027 2563 Abbates‚

250 2590 297 2629 et
328 2585 477 2644 capita
510 2585 736 2631 ordinum
772 2586 969 2631 residere
1002 2586 1175 2631 solent:
1211 2591 1349 2646 atque
1382 2601 1461 2642 ea,
1497 2587 1543 2631 in
1578 2588 1741 2647 quibus
1774 2589 2030 2648 superiores

360 2804 382 2824 '¹
412 2806 498 2852 Cap.
526 2806 570 2849 X,
598 2806 678 2843 ead.
706 2806 804 2843 Sess.

373 2877 386 2896 ¹
411 2878 497 2923 Cap.
525 2878 588 2921 XI,
615 2878 694 2915 ead.
722 2878 820 2915 Sess.

372 2949 385 2969 ³
411 2949 497 2997 cap.
525 2951 623 2994 XIV,
650 2952 779 2988 eadem
806 2951 902 2988 Sess.

372 3019 386 3040 ¹·
411 3020 497 3067 Cap.
525 3021 623 3066 XIV,
650 3022 747 3059 Sess.
775 3021 882 3058 XXV
907 3022 952 3059 de
981 3023 1056 3059 Res.

372 3091 386 3112 ⁸
412 3092 498 3139 Cap.
525 3093 589 3138 IX,
614 3093 711 3130 Sess.
739 3093 844 3130 XXV
869 3093 914 3130 de
941 3087 1029 3137 Res„
1054 3097 1068 3134 S
1096 3094 1270 3131 Similiter
1294 3105 1447 3141 quoque.
