2176 3386
222 179 310 220 464
875 189 984 218 PARS
1014 190 1037 217 1.
1074 189 1130 217 nr:
1159 189 1370 218 PERSONJS

227 303 381 353 Quare
415 298 647 344 incassum
694 297 974 343 [ansenistae
1022 297 1306 356 Principibus
1339 300 1410 342 ius
1442 298 1715 344 advocatiae
1746 313 1829 345 ceu
1865 302 2011 359 prote-

225 380 368 438 gendi
411 379 658 424 Ecclesiam
705 378 946 434 tribuunt,
998 393 1102 424 cum
1150 378 1431 437 Principibus
1478 380 1627 437 potius
1677 380 1891 438 obligatio
1938 381 2013 425 de·

231 461 451 506 tendendi
489 461 735 507 Ecclesiam
770 466 1006 519 competat
1037 461 1092 506 ad
1127 466 1292 506 nutum
1321 461 1461 520 ipsius
1486 461 1710 507 Ecclesiae
1737 462 2010 508 exercenda.

355 545 455 590 595.
491 547 732 590 Caeterum
771 544 807 589 si
845 545 899 589 de
939 548 1162 602 potestate
1212 544 1542 590 iurisdictionis
1588 558 1739 590 sermo
1779 545 1863 600 sit,
1897 559 2014 604 quae

228 641 342 673 cum
377 631 601 686 potestate
634 627 807 672 ordinis
838 626 1152 684 coniungitur,
1178 627 1319 672 laicus
1341 628 1532 672 omnino
1564 627 1722 673 divino
1756 627 1854 672 iure
1886 627 2015 672 inha-

231 711 337 757 bilis
369 716 438 757 est
469 711 522 756 ad
559 711 680 755 illam
705 711 1030 766 exercendam,
1067 724 1173 755 cum
1206 723 1333 755 sacra
1368 710 1655 755 ordinatione
1689 715 1858 756 careat.

356 800 506 849 Quare
540 794 640 839 laici
676 808 823 853 neque
852 793 973 839 licite
1008 808 1156 853 neque
1192 793 1338 838 valide
1371 798 1662 839 sacramenta
1695 793 2013 838 administrare

237 880 397 923 valent
420 892 505 923 nec
535 877 630 921 iure
656 877 835 935 proprio
870 892 954 922 nec
978 877 1073 921 iure
1107 877 1328 935 delegato.
1361 876 1638 922 Matrimonii
1673 880 2015 922 sacramentum

228 961 468 1020 excipitur
490 961 621 1005 cuius
646 959 844 1004 ministri
881 965 1063 1018 propter
1085 960 1219 1004 huius
1252 960 1528 1006 sacramenti
1555 964 1770 1005 naturam
1802 963 1910 1004 sunt
1934 958 2017 1016 ipsi

231 1044 566 1090 contrahentes
591 1044 628 1099 1;
666 1043 869 1102 itemque
901 1043 1132 1101 excipitur
1164 1049 1503 1088 sacramentum
1540 1042 1853 1101 baptismatis,
1889 1041 2018 1087 cuius

239 1131 423 1186 propter
456 1127 552 1170 eius
584 1126 838 1170 absolutam
876 1126 1195 1171 necessitatem
1231 1126 1420 1185 quilibet
1454 1126 1664 1171 minister
1687 1132 1771 1182 est,
1802 1129 1848 1170 et
1870 1125 1915 1169 in
1942 1139 2019 1169 ne·

231 1210 466 1256 cessitatis
497 1223 604 1254 casu
638 1209 779 1253 etiam
814 1209 936 1254 licite
969 1223 991 1252 a
1026 1223 1315 1268 quocumque
1347 1209 1709 1254 administratur.

361 1294 459 1337 596.
497 1291 624 1346 Quod
649 1291 683 1335 si
709 1292 762 1335 de
790 1291 1117 1336 iurisdictionis
1140 1295 1365 1349 potestate
1388 1295 1549 1348 agatur
1571 1304 1686 1350 quae
1709 1304 1815 1334 cum
1849 1288 2021 1334 ordinis

239 1381 464 1436 potestate
499 1376 624 1420 nullo
653 1375 788 1420 inodo
810 1374 1107 1432 coniungitur
1139 1374 1318 1419 etiamsi
1353 1374 1478 1419 laicis
1501 1375 1597 1418 iure
1633 1374 1811 1432 proprio
1844 1371 2020 1418 iurisdi-

232 1459 332 1504 -ctio
357 1473 449 1503 non
473 1462 722 1515 competat,
748 1471 852 1501 cum
880 1457 964 1501 hoc
987 1457 1173 1501 divinae
1201 1457 1424 1500 Ecclesiae
1447 1455 1765 1500 constitutioni
1800 1460 2022 1513 repugnet

236 1547 399 1586 tamen
433 1542 530 1585 iure
563 1540 768 1597 delegato
806 1539 997 1584 Romani
1031 1538 1263 1583 l'ontiticis
1295 1539 1570 1583 auctoritate
1603 1539 1847 1598 aliquando
1879 1540 2020 1584 eccle·

241 1623 423 1669 siastica
474 1623 726 1669 iurisdictio
773 1623 913 1668 etiam
961 1637 984 1666 a
1030 1623 1156 1667 laicis
1205 1627 1352 1678 potest
1399 1621 1630 1677 exerceri,
1672 1622 1920 1667 dummodo
1968 1624 2022 1668 de

243 1709 463 1753 mandato
496 1708 737 1752 evidenter
783 1706 1026 1751 constet2':
1080 1706 1170 1750 imo
1207 1710 1252 1750 et
1290 1704 1492 1764 Episcopi
1534 1704 1578 1749 in
1623 1705 1771 1750 causis
1810 1706 2023 1751 civilibus

234 1798 287 1836 et
319 1791 502 1849 speciali
536 1791 820 1849 delegatione
853 1791 907 1834 ad
937 1802 1122 1834 causam
1157 1788 1355 1847 aliquam
1392 1788 1716 1846 particularem
1749 1789 2022 1847 explendam

241 1873 368 1919 laicis
416 1873 778 1918 iurisdictionem
827 1873 1033 1929 delegare
1083 1872 1325 1930 possuntss.
1367 1874 1608 1916 Caeterum
1659 1871 1770 1915 nibil
1818 1873 2024 1930 prohibet

242 1957 490 2017 quominus
523 1956 665 2001 laicus
697 1958 743 2000 in
776 1955 926 2000 causis
959 1955 1245 2000 iudicialibus
1279 1959 1546 2013 procurator
1587 1955 1657 1999 vel
1691 1969 1914 2012 assessor,
1951 1958 2021 2002 vel

241 2040 382 2085 etiam
418 2040 640 2094 notarius,
676 2043 756 2084 aut
789 2039 1090 2084 cancellarius
1124 2039 1432 2082 constituatur
1455 2037 1486 2081 ⁴.

365 2123 464 2167 597.
505 2126 568 2167 Ex
602 2121 735 2166 dictis
768 2122 974 2180 sequitur
1005 2121 1172 2165 laicum
1210 2121 1254 2164 in
1279 2121 1585 2165 ecclesiastica
1620 2135 1755 2167 causa
1789 2124 2023 2168 arbitrum

235 2204 346 2262 eligi
372 2219 465 2248 non
501 2217 645 2261 posse,
672 2204 787 2249 bene
825 2218 932 2248 vero
965 2204 1305 2247 arbitratorem:
1334 2203 1393 2246 illi
1428 2204 1554 2248 enim
1585 2205 1679 2249 veri
1714 2208 1822 2249 sunt
1857 2205 2026 2251 iudices

244 2287 446 2346 partium
481 2300 708 2331 consensu
742 2287 893 2342 electi,
931 2286 974 2331 hi
1011 2300 1120 2331 vero
1154 2286 1304 2344 potius
1337 2286 1655 2332 conciliatores
1681 2287 1710 2330 ⁵.

366 2490 374 2509 ¹
405 2490 528 2526 Const.
554 2490 684 2526 Paucis
723 2489 856 2525 Bened.
884 2488 980 2532 XIV,
1007 2488 1028 2524 9
1057 2487 1175 2524 Martii
1208 2487 1307 2530 1758,
1334 2491 1348 2527 S
1374 2487 1624 2524 dubitabatur:
1650 2487 1702 2523 Ex
1731 2487 1858 2523 litteris
1885 2487 1939 2523 Pii
1971 2488 2019 2523 ix

242 2561 291 2597 ad
320 2560 511 2597 Sardiniae
540 2561 677 2606 Regem
707 2560 750 2596 19
769 2561 868 2606 Sept.
900 2558 1004 2596 1852.

366 2632 378 2650 ²
405 2631 491 2668 Urb.
517 2631 603 2667 VIII
630 2631 752 2667 Const.
782 2632 965 2668 Romanus
1002 2630 1164 2676 Pontifeoe
1202 2630 1223 2666 5
1252 2631 1329 2666 lun.
1359 2629 1472 2673 1649;
1511 2629 1713 2666 FAGNANus
1752 2630 1789 2665 in
1825 2638 1907 2674 cap.
1939 2629 2029 2666 Cum

239 2705 427 2750 conttnqat
454 2703 498 2739 de
526 2704 619 2739 Foro
646 2708 830 2748 compet.;
859 2703 947 2739 Pius
975 2703 1026 2738 IX
1051 2701 1176 2738 Const.
1207 2702 1383 2747 Suprema
1409 2701 1454 2737 25
1482 2702 1557 2737 Ian.
1586 2701 1689 2738 1867.

367 2774 380 2793 ³
407 2774 475 2811 Ct'r.
503 2774 671 2811 Glossam
710 2774 746 2809 in
785 2783 865 2810 can.
904 2774 998 2810 Bene
1022 2773 1176 2819 quidem,
1205 2773 1244 2808 L.
1270 2772 1326 2817 26,
1352 2776 1367 2812 ἓ
1393 2773 1553 2815 Praeter,
1580 2777 1616 2809 et
1654 2772 1692 2807 in
1731 2781 1809 2808 can.
1848 2772 2024 2814 Pervenit,

247 2845 286 2880 L.
314 2844 383 2888 95;
411 2845 450 2880 in
475 2844 549 2890 Cap
577 2844 598 2879 2
625 2845 669 2880 de
697 2844 854 2887 iudiciis,
882 2850 918 2880 et
946 2844 1081 2889 passim
1108 2844 1291 2880 doctores.

368 2914 382 2934 '⁴
408 2914 446 2952 C.
465 2915 488 2950 8
512 2914 566 2950 Ne
592 2914 722 2950 Clerici
751 2915 805 2950 vel
835 2914 1003 2951 Monachi
1018 2925 1027 2958 ;
1054 2923 1083 2950 c.
1112 2915 1128 2949 1
1158 2914 1201 2950 de
1228 2914 1467 2951 P1·ocu1·at.in
1484 2914 1525 2956 6:
1551 2915 1774 2951 Momczm
1800 2923 1834 2960 p.
1863 2915 1894 2957 1,
1920 2914 1971 2950 tit.
1999 2914 2030 2958 1,

244 2984 315 3021 for.
342 2984 375 3028 5,
405 2994 438 3021 n.
466 2986 498 3021 7.

371 3055 384 3075 ⁸
411 3055 497 3102 Cap.
524 3054 546 3091 8
571 3056 615 3092 de
642 3056 767 3098 arbit.;
795 3065 874 3102 cap.
901 3056 923 3092 9
947 3055 1097 3107 eodem3
1125 3055 1327 3093 Faonxnus
1355 3056 1391 3092 in
1417 3065 1498 3102 cap.
1523 3055 1557 3092 8.

2135 2798 2147 2822 υ
2156 2801 2173 2824 *T

2132 2823 2146 2838 fl

2126 2842 2176 2924 {22
