2176 3386
257 194 339 234 226
903 207 1013 238 PARS
1042 209 1067 238 1.
1097 209 1154 238 DE
1182 209 1394 239 Pensoms

376 313 421 358 6.
454 314 611 368 Quoad
643 320 940 374 quaestorum
974 316 1174 361 officium
1198 317 1510 363 exercendum
1529 318 1560 364 ¹.

375 396 418 440 7.
454 397 612 451 Quoad
647 397 953 456 punitionem,
989 399 1023 443 si
1061 403 1288 457 vagentur
1319 404 1452 445 extra
1485 400 1683 446 claustra
1716 402 1816 450 sine
1847 418 2037 452 suorum

256 479 550 537 Superiorum
585 482 820 536 mandato,
856 481 902 526 in
937 482 1119 540 scriptis
1150 482 1363 527 obtento:
1409 496 1462 527 ac
1494 482 1531 528 si
1565 484 1691 530 missi
1724 486 1780 530 ad
1813 487 2040 534 universi·

254 566 388 619 tates,
424 564 679 609 studiorum
713 577 867 620 causa,
906 578 997 609 non
1032 565 1242 610 habitent
1278 564 1323 609 in
1357 566 1693 613 conventibus:
1739 571 2038 629 quemadmo-

251 648 362 692 dum
397 648 432 693 si
466 648 731 693 scandalose
764 653 895 693 extra
930 649 1128 694 claustra
1172 650 1518 708 delinquentes,
1563 652 1767 698 instante
1808 654 2037 713 episcopo,

252 731 401 790 puniti
437 746 529 776 non
566 732 738 776 fuerint
770 745 794 776 a
829 731 920 775 suis
953 731 1269 790 Superioribus
1301 731 1422 778 intra
1458 734 1728 790 terminum,
1773 735 1831 780 ab
1875 737 2035 782 eodem

252 814 463 875 episcopo
497 815 856 874 praefigendum,
893 815 947 859 de
980 829 1068 874 qua
1104 815 1343 873 punitione
1376 815 1612 862 certiorari
1647 818 1781 862 debet
1804 818 1834 863 ².

371 903 435 944 lta
469 899 609 943 etiam
644 898 869 943 carcerari
899 902 1104 955 possunt,
1130 898 1165 942 si
1189 899 1508 956 comprehensi
1532 899 1579 943 in
1604 899 1786 956 delicto,
1814 901 2035 946 timeatur

249 982 303 1026 de
338 984 441 1040 fuga
463 983 494 1037 ³,
531 987 576 1026 et
611 986 732 1026 recte
768 980 979 1025 mittendi
1014 985 1124 1024 sunt
1155 981 1211 1025 ad
1243 995 1349 1026 suos
1382 982 1646 1041 Superiores
1679 997 1769 1028 una
1803 997 1909 1028 cum
1937 998 2036 1041 pro-

250 1064 526 1119 bationibus,
563 1064 703 1108 etiam
728 1077 819 1107 non
845 1062 1091 1121 compilato
1126 1076 1338 1121 processu
1363 1063 1396 1107 ¹⁸.
1434 1068 1547 1108 ltem
1586 1064 1739 1122 puniri
1767 1069 1973 1123 possunt,
1999 1064 2035 1109 si

249 1147 522 1193 incesserint
554 1147 653 1191 sine
685 1146 825 1197 socio,
865 1146 935 1190 vel
958 1145 1012 1190 de
1037 1150 1188 1203 nocte,
1215 1150 1294 1190 aut
1319 1146 1587 1191 indecenter
1610 1147 1787 1203 vestiti,
1812 1160 1865 1192 ac
1895 1147 2034 1192 etiam

249 1231 425 1289 publice
458 1230 718 1274 deferentes
750 1244 878 1274 arma
905 1230 935 1273 ⁵.

370 1314 466 1358 Pari
503 1314 638 1358 modo
673 1313 823 1371 puniri
859 1312 1081 1370 possuntf’
1115 1312 1151 1356 si
1191 1312 1468 1370 deliquerint
1510 1312 1555 1356 in
1601 1312 1780 1371 propria
1823 1314 2031 1370 ecclesia,

249 1395 399 1441 ianuis
431 1395 617 1454 apertis,
654 1401 703 1439 ut
735 1394 951 1439 scandalo
987 1394 1158 1439 fuerint
1193 1395 1357 1453 populo
1382 1396 1412 1438 ⁷.

368 1480 495 1524 Circa
530 1478 819 1536 punitionem
853 1479 1118 1523 scandalose
1141 1477 1404 1522 viventium
1428 1483 1559 1522 extra
1583 1478 1797 1533 claustra,
1826 1478 1928 1524 vide
1953 1493 2031 1524 no—

245 1566 384 1610 tanda
421 1566 466 1609 in
502 1566 586 1609 bac
619 1568 717 1610 ead.
756 1564 1014 1623 Appendice
1049 1568 1149 1622 post
1183 1577 1428 1608 numerum
1464 1564 1518 1607 58
1552 1569 1576 1616 ξ
1610 1564 1736 1609 Circa
1770 1567 1944 1608 tamen.

363 1648 403 1692 8.
438 1647 594 1701 Quoad
628 1661 862 1692 accessum
897 1647 952 1692 ad
988 1647 1189 1705 publicas
1222 1646 1577 1704 supplicationes
1599 1660 1657 1690 ex
1683 1646 1900 1690 mandato
1928 1645 2024 1704 Epi·

243 1732 384 1790 scopi,
420 1731 624 1790 exceptis
661 1731 955 1789 Regularibus
990 1731 1255 1775 viventibus
1287 1730 1333 1775 in
1368 1730 1583 1775 strictiori
1619 1731 1828 1775 clausura
1852 1730 1884 1775 ⁸.

365 1817 578 1875 Exceptis
610 1815 749 1861 etiam
788 1815 855 1870 iis,
891 1829 1086 1874 quorum
1122 1814 1399 1859 monasteria
1433 1814 1606 1859 distant
1638 1827 1663 1858 a
1697 1813 1886 1858 civitate
1909 1813 2028 1857 ultra

246 1898 447 1943 medium
471 1897 664 1942 milliare
683 1897 716 1942 ⁹.

361 1980 401 2023 9.
449 1979 604 2032 Quoad
659 1976 1040 2035 compositionem
1106 1975 1528 2021 controversiarum
1582 1978 1849 2019 exortarum
1906 1974 2031 2019 inter

243 2077 387 2108 unum
422 2068 467 2106 et
499 2062 695 2106 alterum
732 2061 940 2105 ordinem
976 2060 1249 2117 regularem,
1284 2072 1338 2103 ac
1372 2057 1493 2102 inter
1515 2058 1697 2102 eosdem
1723 2058 1950 2115 regulares
1980 2061 2031 2102 et

241 2146 430 2191 clericos
462 2146 720 2190 saeculares
751 2142 1055 2201 appellatione
1090 2146 1282 2196 remota,
1309 2141 1430 2186 circa
1455 2140 1823 2200 praecedentiam
1849 2140 1895 2184 in
1927 2154 2028 2198 pro·

362 2298 369 2316 ¹
399 2298 486 2343 Cap.
514 2297 540 2339 I,
569 2298 664 2333 Sess.
693 2297 780 2332 XXI
806 2296 850 2332 de
879 2295 1038 2332 Reform.

359 2370 371 2388 ²
399 2371 484 2415 Gap.
511 2368 560 2404 IV
588 2374 623 2405 ct
650 2368 745 2411 XIV,
774 2367 870 2404 Sess.
900 2366 1005 2402 XXV
1025 2366 1069 2402 de
1096 2365 1255 2402 Reform.

358 2441 370 2460 ³
397 2441 482 2486 Cap.
510 2440 591 2476 VlII
618 2440 733 2476 eiusd.
763 2440 858 2475 Sess.

357 2511 371 2531 ⁸
399 2513 503 2548 Decr.
534 2510 666 2556 Congr.
695 2509 805 2546 Cone.
832 2509 944 2545 relato
972 2518 993 2544 a
1018 2508 1183 2553 Fagnan.
1212 2506 1250 2542 in
1276 2515 1355 2552 cap.
1394 2505 1457 2547 19,
1486 2505 1603 2541 Grave
1637 2505 1819 2550 ⁸cerintus,
1850 2503 1894 2540 de
1927 2502 2026 2540 offic.

238 2588 354 2624 ordin.
382 2596 416 2622 n.
444 2585 499 2622 69.

357 2658 370 2678 ⁵
396 2658 529 2702 congr.
556 2657 679 2702 Episc.
707 2660 742 2691 et
769 2654 897 2700 Regul.
922 2654 961 2690 in
987 2653 1157 2689 Andriam.
1185 2650 1228 2687 15
1255 2650 1427 2688 Decemb.
1457 2649 1558 2692 1584,
1585 2653 1620 2685 et
1647 2649 1685 2685 in
1711 2648 1948 2684 Ravennatem
1977 2646 2024 2682 12

238 2730 423 2777 Septemb.
453 2727 544 2764 1594
570 2737 613 2763 ac
640 2727 772 2772 Congr.
801 2726 910 2762 Cone.
939 2725 976 2760 in
1007 2725 1210 2760 Turrilana
1235 2723 1255 2759 5
1282 2722 1389 2759 Febr.
1419 2720 1521 2758 1655.

356 2800 369 2820 ⁶
396 2802 482 2846 Cap.
509 2798 607 2843 XIV,
633 2798 834 2834 Tridentin.

355 2871 368 2891 ⁷
394 2870 652 2908 Declaratione
677 2868 843 2905 eiusdem
870 2867 1003 2912 Congr.
1030 2866 1076 2902 ad
1102 2866 1260 2902 Dubium
1290 2865 1327 2901 in
1354 2864 1465 2901 Posit.
1491 2862 1560 2899 442
1586 2862 1632 2899 ad
1658 2862 1692 2899 d.
1719 2870 1799 2907 cap.
1821 2861 1875 2897 14.

354 2942 368 2963 ⁸
394 2942 492 2979 Trid.
521 2950 600 2986 cap.
628 2940 727 2982 XIII,
755 2939 850 2976 Sess.
878 2937 983 2974 XXV
1009 2937 1054 2973 de
1081 2936 1210 2982 Regul.

353 3015 367 3035 ’
394 3014 649 3051 Declaratione
675 3012 844 3058 Gregorii
871 3010 971 3055 XIII,
997 3014 1036 3047 ut
1062 3013 1228 3046 notatum
1256 3007 1390 3053 legitur
1410 3007 1447 3044 in
1465 3007 1568 3044 libris
1586 3005 1748 3052 publicis
1769 3004 1881 3049 cong.
1901 3002 2015 3039 Cone.

234 3087 279 3124 ad
305 3086 364 3124 cit.
393 3095 475 3132 cap.
500 3084 600 3128 ΧΙΙΙ,
626 3087 719 3121 teste
746 3083 861 3128 Fagn.
887 3082 933 3118 ad
959 3090 1040 3127 cap.
1069 3081 1124 3124 17,
1150 3079 1271 3116 Nimis
1297 3089 1434 3125 prava,
1461 3077 1507 3115 de
1542 3086 1686 3114 excess.
1712 3074 1868 3112 Praelat.
1896 3083 1931 3109 n.
1960 3071 2024 3108 11.
