2176 3386
1132 0 1152 22 .“
1179 0 1360 29 ‘zm‘
1401 0 1431 15 '⁸

249 134 330 172 112
926 141 1036 170 PARS
1066 141 1105 170 11.
1138 141 1193 169 nr:
1225 141 1360 170 nanus

252 251 456 309 pertinet
477 251 616 295 eliani
645 249 824 295 Vicario
847 249 1078 304 Generali,
1103 249 1139 293 si
1163 249 1330 293 habeat
1359 249 1626 292 mandatum
1661 247 1888 306 generale,
1915 248 2037 297 veris

248 334 561 379 existentibus
592 332 758 388 causis,
795 346 886 377 non
922 346 1032 376 vero
1069 331 1284 376 Praelatis
1317 330 1611 376 inferioribus
1633 331 1708 375 vel
1738 330 2034 388 regularibus.

256 420 369 463 I'sus
400 423 556 463 autem
600 417 734 461 huius
781 415 1069 461 auctoritatis
1110 414 1436 473 dispensandi,
1473 428 1564 459 non
1598 428 1655 459 ex
1691 428 1817 458 mero
1849 413 2038 460 arbitrio

248 502 520 559 dirigendus
552 507 620 546 est
652 501 708 545 ab
745 501 979 558 Episcopo,
1005 498 1083 543 sed
1107 498 1260 543 habita
1287 498 1532 542 dumtaxat
1555 497 1733 541 ratione
1758 499 2039 542 ‘'necessitati-s

253 593 340 631 αιιι
374 586 586 630 utilitatis
624 583 880 631 Ecclesiae.
916 596 1032 641 quae
1067 581 1205 626 verba
1248 580 1526 625 disiunctive
1572 579 1867 637 intelligenda
1913 584 2036 635 sunt,
2160 638 2162 644 y

256 684 350 715 non
385 669 606 727 copulatix
621 682 661 712 e.
697 672 793 711 Hoc
828 680 937 711 vero
969 665 1211 710 arbitrium
1246 665 1289 708 in
1328 665 1445 709 banc
1480 663 1705 708 rationem
1730 664 2037 719 moderatum,
2154 621 2176 736 ἒ

251 754 377 813 quod
404 753 621 811 Episcopo
644 750 877 796 ordinanti
901 750 1110 795 relictum
1137 753 1221 804 est,
1251 749 1343 792 vim
1368 762 1498 792 suam
1523 747 1672 792 exerit
1694 747 1834 791 etiam
1857 747 2040 806 quando

258 838 491 883 vindultum
525 840 656 880 extra
690 840 897 892 tempora
932 847 1009 892 per
1046 837 1185 877 Breve
1219 831 1528 890 Apostolicum
1564 830 1858 888 impetratum
1894 834 1977 874 est.

378 923 589 965 Ceterum
617 917 738 962 nulla
775 931 919 974 poena
943 916 1117 961 sancita
1143 921 1210 960 est
1236 929 1314 974 pro
1337 929 1390 959 eo
1412 916 1486 973 qui
1523 913 1690 971 accipit
1713 914 1818 957 sive
1843 913 2041 958 minores

252 1004 460 1057 ordines,
497 1002 596 1046 sive
631 1000 827 1045 maiores
859 1000 1029 1058 absque
1065 999 1337 1044 interstitiis,

379 1087 479 1130 859.
518 1087 559 1129 5.
592 1085 729 1128 Debet
760 1083 989 1128 ordinatio
1022 1082 1117 1127 fieri
1142 1082 1345 1140 legitimo
1370 1087 1592 1141 tempore,
1617 1082 1735 1141 quod
1771 1081 1950 1126 varium
1974 1086 2043 1126 est

262 1184 342 1228 pro
380 1169 517 1213 variis
550 1167 798 1213 ordinibus.
837 1170 954 1211 Sane
989 1166 1133 1222 prima
1161 1171 1345 1210 tonsura
1375 1165 1576 1224 qualibet
1607 1165 1717 1209 anni
1751 1164 1820 1208 die
1855 1169 1900 1207 ct
1932 1164 2042 1208 hora

262 1257 411 1311 potest
444 1252 661 1306 conferri,
695 1250 896 1294 minores
929 1250 1111 1294 ordines
1143 1249 1302 1294 diebus
1334 1247 1578 1293 dominicis
1599 1254 1644 1292 et
1669 1247 1797 1292 sestis
1829 1247 1883 1291 de
1917 1261 2042 1305 prae-

255 1341 421 1395 cepto,
458 1336 501 1380 id
536 1341 603 1380 est
638 1349 728 1379 non
775 1334 821 1378 in
855 1334 1018 1393 quibus
1052 1332 1102 1377 [it
1134 1333 1361 1388 officium,
1397 1333 1473 1376 sed
1507 1333 1552 1375 in
1586 1332 1750 1391 quibus
1799 1336 2043 1390 utrumque

265 1425 558 1478 praeceptum
599 1425 811 1463 servatur
843 1433 866 1462 a
902 1418 1066 1476 populo
1092 1418 1131 1471 ¹,
1169 1422 1214 1462 et
1248 1417 1291 1460 in
1339 1417 1474 1462 Missa
1522 1430 1599 1461 eos
1641 1417 1849 1462 conferre
1896 1416 2040 1460 decet.

263 1503 387 1548 Sacri
420 1504 615 1548 Ordines
647 1502 847 1546 sabbatis
895 1493 1091 1561 quatuor
1130 1504 1431 1559 Temporum,
1468 1500 1654 1544 sabbato
1696 1505 1803 1543 ante
1846 1498 2045 1543 Domini-

259 1598 366 1629 -cam
403 1583 645 1638 Passionis,
672 1588 717 1627 et
741 1582 935 1626 Sabbato
958 1586 1117 1626 sancto
1142 1586 1322 1625 tantuin
1358 1580 1555 1625 conferri
1589 1580 1773 1635 debent,
1799 1585 1844 1623 et
1867 1592 2045 1637 semper

269 1668 388 1711 intra
424 1667 627 1711 Missam.
669 1665 962 1724 Episcopatus
994 1665 1152 1709 diebus
1184 1664 1427 1708 dominicis
1462 1663 1533 1707 vel
1567 1662 1787 1707 natalitiis
1816 1662 2044 1719 Apostolo-

265 1763 369 1793 rum
404 1754 449 1793 et
485 1750 593 1793 hora
628 1748 715 1792 diei
751 1747 900 1792 tertia.
938 1756 1061 1802 Quae
1094 1746 1277 1806 quidem
1303 1746 1357 1790 de
1380 1746 1564 1790 statutis
1597 1743 1900 1789 ordinationis
1932 1748 2046 1788 tem-

268 1833 449 1892 poribus
473 1833 728 1891 disciplina,
755 1832 986 1877 contraria
1019 1831 1356 1876 consuetudine
1385 1829 1588 1874 subverti
1624 1828 1798 1886 nequit.
1834 1830 2046 1872 Ceterum

259 1931 374 1962 -cum
413 1931 469 1961 ex
505 1916 751 1975 apostolica
788 1915 1005 1960 facultate
1044 1914 1286 1972 Episcopus
1319 1917 1448 1957 extra
1485 1917 1691 1968 tempora
1725 1910 1907 1954 ordines
1939 1923 2046 1954 con-

268 2001 387 2054 fert,
423 1999 616 2044 omnino
664 2000 906 2056 legendum
952 2003 1021 2042 est
1070 2001 1212 2041 Breve
1247 1995 1555 2054 Apostolicum
1605 1994 1732 2038 iuxta
1784 1991 2047 2038 Pontilicale

2171 1646 2176 1661 ι

2148 1688 2155 1700 a
2170 1685 2176 1694 .

2154 1725 2166 1752 3

2149 1758 2154 1769 4

2153 1790 2158 1799 ι

2151 1854 2153 1857 ’
2170 1811 2176 1895 ἔ

2151 1901 2154 1910 v

2144 1899 2176 1950 .·1

2148 1955 2176 1986 ,²⁷¹

2148 1980 2176 2029 5!

2146 2035 2151 2058 ἑ

269 2088 528 2129 Romanum
555 2083 586 2127 ².

390 2166 630 2224 Recipiens
653 2166 834 2211 ordines
858 2169 988 2210 extra
1017 2169 1237 2221 tempora,
1265 2162 1528 2207 incurrebat
1560 2160 1908 2218 suspensionem
1932 2158 2048 2203 latae

268 2250 529 2294 sententiae
562 2249 619 2294 ab
650 2249 925 2293 executione
959 2247 1188 2301 ordinum,
1224 2259 1338 2305 quos
1373 2246 1488 2290 male
1522 2247 1773 2302 receperat,
1800 2242 1903 2287 etsi
1927 2242 1970 2286 in
1997 2242 2050 2286 iis

271 2333 580 2378 ministrasset
613 2338 710 2377 erat
745 2332 1018 2390 irregularis.
1057 2336 1176 2375 Haec
1210 2335 1366 2374 tamen
1392 2343 1537 2387 poena
1567 2342 1659 2372 non
1685 2328 1821 2372 habet
1853 2325 2050 2383 amplius

268 2417 422 2462 locum
446 2423 607 2461 contra
632 2416 783 2460 taliter
806 2415 1040 2460 ordinatos
1065 2418 1163 2471 post
1190 2412 1576 2458 Constitutionem
1603 2410 1881 2467 Apostolicae
1906 2409 2046 2453 Sedis,

392 2585 400 2603 ¹
432 2585 465 2621 S.
494 2585 564 2620 Rit.
591 2584 724 2630 Congr.
751 2583 796 2620 25
814 2583 899 2619 maii
929 2583 1031 2619 1856.

391 2657 402 2675 ²
430 2657 464 2694 S.
493 2658 563 2694 Rit.
590 2657 721 2702 Congr.
749 2657 807 2693 dic
838 2657 880 2693 15
908 2656 993 2692 maii
1022 2656 1124 2693 1855.
1169 2676 1212 2682 —
1252 2654 1380 2698 Quoad
1407 2653 1615 2690 facultatem
1652 2651 1864 2688 conferendi
1904 2651 2051 2688 ordines

268 2729 380 2763 extra
411 2730 573 2772 tempora
613 2735 827 2762 concessam
856 2726 893 2760 in
922 2725 1038 2760 Form.
1067 2724 1080 2759 Ι
1120 2723 1314 2770 Episcopis
1343 2722 1606 2764 missionariis,
1635 2721 1841 2768 Episcopus
1871 2719 2051 2755 Mariano-

272 2798 458 2843 politanus
493 2798 686 2843 sequentia
723 2797 836 2834 dubia
872 2796 1051 2833 solvenda
1077 2795 1289 2841 proposuit:
1334 2795 1363 2830 1.
1396 2794 1523 2830 Utrum
1562 2792 1715 2829 facultas
1749 2792 1840 2828 haec
1867 2790 2051 2834 limitetur,

272 2869 345 2905 nisi
371 2869 683 2915 specialissimum
709 2869 803 2905 adsit
830 2868 1026 2912 indultum,
1044 2867 1090 2903 ad
1110 2866 1209 2903 solos
1236 2866 1315 2902 dies
1342 2865 1478 2911 quibus
1503 2864 1546 2900 dc
1569 2865 1647 2900 iure
1667 2863 1856 2900 communi
1883 2861 2048 2898 conferre

272 2941 359 2978 licet
386 2941 531 2978 ordines
559 2941 734 2985 minores,
762 2940 904 2977 scilicet
929 2939 1007 2976 dies
1034 2939 1183 2975 festivos
1211 2939 1256 2975 de
1284 2942 1480 2983 praecepto
1497 2937 1607 2974 etiam
1634 2937 1673 2972 in
1699 2935 1863 2972 fidelium
1889 2935 2050 2971 favorem

270 3011 499 3059 abrogatos?
525 3013 556 3049 2.
584 3012 642 3049 An
668 3012 798 3049 saltem
824 3011 871 3047 ad
897 3020 1025 3047 omnes
1043 3010 1132 3054 dies,
1160 3010 1198 3045 in
1217 3009 1353 3055 quibus
1371 3009 1545 3045 recitatur
1570 3006 1733 3044 officium
1759 3006 1851 3042 ritus
1870 3001 2053 3051 duplicis?

274 3085 387 3120 Porro
414 3084 448 3120 S.
467 3084 537 3120 Rit.
564 3083 699 3129 Congr.
725 3082 914 3128 respondit
940 3080 1158 3118 affirmative
1185 3080 1230 3117 ad
1259 3081 1309 3116 1ΠΙ
1336 3083 1488 3125 partem,
1515 3078 1687 3124 negative
1716 3076 1762 3114 ad
1788 3077 1852 3113 2¹¹¹.
