2176 3386
1023 203 1156 234 murex
1903 197 1984 238 333

291 317 307 356 5
333 313 388 351 15.
415 333 436 341 -
462 314 514 351 De
538 313 802 360 impedimento
827 313 970 351 ordinis
995 313 1089 351 sacri
1146 341 1153 350 .
1204 342 1212 350 .
1263 341 1270 350 .
1307 319 1311 323 ·
1324 342 1750 354 ........
1799 318 1886 366 Pap.
1914 318 1980 356 171

291 389 307 428 ς
333 385 389 423 14.
417 406 435 412 -
463 387 514 422 De
539 386 806 432 impedimento
833 385 909 423 voti
970 411 1574 424 ...........
1584 392 1602 410 ·
1626 415 1635 424 .
1687 416 1694 424 .
1745 418 1754 426 .
1805 417 1814 426 .
1864 403 1878 422 ι
1914 390 1982 428 175

291 460 306 498 s
334 457 388 494 15.
415 475 438 483 -
462 458 515 493 De
540 457 805 503 impedimento
831 456 1055 503 disparitatis
1081 456 1204 493 cultus
1207 483 1455 494 .....
1507 449 1517 494 ἶ
1565 486 1813 496 .....
1864 474 1878 492 »
1914 460 1982 498 175

199 528 334 566 Sutorio
359 539 397 565 11.
425 530 479 566 De
503 529 780 581 impedimentis
807 528 1096 575 impedientibus
1147 552 1812 568 ............
1863 545 1877 564 ι
1912 532 1982 570 176

198 600 412 637 Amemus
435 611 483 638 v1.
509 601 563 638 De
587 600 754 638 Divertio
785 626 1812 640 ..................
1861 619 1876 637 ι
1913 606 1980 643 179

198 670 413 709 Anrrcunus
437 683 501 708 vn.
527 672 579 708 De
605 671 852 708 celebratione
877 671 1097 718 Nuptiarum
1148 697 1812 713 ............
1864 691 1877 709 ι
1913 678 1980 716 182

197 744 402 781 Apmmmx.
430 744 482 780 De
507 743 850 790 dispensationibus
877 734 1211 780 matrimonialibus
1267 773 1812 786 ..........
1864 763 1877 781 ι
1914 751 1981 788 185

198 816 353 853 CAPUT
379 816 406 852 Ι.
432 817 485 852 De
511 815 830 861 dispensationum
855 814 1185 852 matrimonialium
1213 816 1389 862 petitione
1443 846 1811 858 .......
1862 836 1876 854 ι
1931 824 1980 860 ib.

198 887 413 924 An‘rtcunus
438 897 460 923 1.
489 887 643 924 Cuinam
672 890 816 931 petatur
843 886 1127 925 matrimonialis
1153 887 1381 933 dispensatio
1445 915 1813 929 .......
1863 907 1877 925 ι
1931 895 1981 932 ib.

293 962 307 999 ξ
335 959 365 994 1.
393 977 412 984 -
438 959 491 994 De
516 957 737 994 auctoritate
764 957 1002 1003 dispensandi
1030 958 1065 994 S.
1091 959 1283 996 Pontificis
1327 980 1877 1002 ..........
1913 967 1982 1004 186

292 1035 307 1071 5
332 1030 365 1066 2.
391 1051 413 1054 -
441 1031 491 1066 De
517 1030 687 1076 delegata
724 1033 900 1075 potestate
939 1030 1178 1073 dispensandi
1217 1033 1392 1079 Episcopi
1424 1034 1480 1071 vel
1519 1035 1772 1072 Praelatorum
1799 1039 1862 1084 qui

386 1101 640 1139 iurisdictione
667 1102 772 1146 quasi
799 1102 1003 1147 episcopali
1033 1102 1171 1148 pollent
1211 1132 1814 1146 ...........
1866 1123 1879 1141 n
1916 1111 1981 1147 189

291 1173 326 1219 a)
355 1194 373 1200 -
401 1174 609 1219 Episcopus
636 1173 850 1219 dispensare
878 1178 998 1219 potest
1023 1173 1071 1210 ab
1091 1174 1357 1220 impedimento
1375 1178 1602 1215 matrimonii
1628 1179 1861 1226 delegatione

388 1254 566 1290 expressa
618 1268 1878 1289 ......................
1915 1253 1984 1291 190

293 1315 328 1361 b)
352 1337 375 1340 -
402 1316 609 1361 Episcopus
635 1315 851 1361 dispensare
879 1321 998 1362 potest
1024 1327 1070 1353 ex
1097 1317 1329 1363 delegatione
1358 1321 1469 1357 tacita
1508 1351 1811 1360 ......
1864 1339 1877 1356 ι
1914 1326 1980 1363 192

299 1388 331 1435 c)
359 1407 377 1413 -
405 1388 612 1433 Episcopus
639 1387 854 1433 dispensare
880 1392 1000 1434 potest
1026 1399 1071 1425 ex
1098 1389 1331 1435 delegatione
1357 1401 1435 1437 prat
1446 1399 1592 1439 sumpta
1628 1423 1635 1430 .
1687 1424 1694 1431 .
1747 1426 1753 1432 .
1806 1426 1813 1432 .
1865 1411 1878 1428 n
1914 1396 1981 1434 195

293 1463 307 1500 ξ
332 1459 364 1495 5.
391 1479 414 1483 -
440 1459 492 1495 De
519 1458 688 1504 delegata
713 1465 892 1505 potestate
919 1460 1076 1507 Capituli
1108 1466 1172 1498 aut
1197 1463 1333 1499 Vicarii
1363 1464 1583 1510 Capitularis
1622 1467 1859 1512 dispensandi

389 1529 427 1565 in
454 1530 728 1575 impedimentis
756 1531 979 1567 matrimonii
1027 1559 1814 1575 ..............
1864 1554 1878 1572 ι·
1914 1540 1981 1577 194

199 1601 410 1637 An'rtcunus
440 1611 478 1636 11.
506 1601 699 1644 Quomodo
726 1607 870 1648 petatur
895 1603 1122 1648 dispensatio
1141 1634 1693 1646 ..........
1746 1620 1752 1627 ·
1805 1640 1812 1647 .
1864 1627 1877 1643 ι
1932 1613 1981 1649 ib.

197 1672 408 1708 Amoenus
431 1682 482 1708 111.
509 1672 538 1707 A
559 1672 695 1718 quibus
715 1673 989 1719 impedimentis
1007 1680 1038 1710 et
1061 1675 1196 1721 quibus
1214 1676 1258 1713 de
1277 1678 1398 1715 causis
1424 1683 1568 1724 petatur
1594 1680 1835 1726 dispensatio.
1865 1697 1878 1715 ι
1915 1684 1980 1720 197

291 1746 305 1781 ἓ
335 1742 364 1777 1.
390 1761 412 1768 -
438 1743 470 1778 Α
497 1742 632 1788 quihus
661 1744 934 1789 impedimentis
962 1745 1222 1783 dirimentibus
1247 1751 1282 1783 et
1310 1748 1596 1794 impedientibus
1619 1756 1762 1797 petatur
1787 1753 1862 1790 dis-

390 1815 557 1859 pensatio
604 1839 1876 1861 ......................
1933 1827 1980 1863 ib.

293 1889 307 1925 Ξ
332 1884 365 1921 2.
391 1905 412 1911 -
440 1886 582 1930 Quibus
621 1887 665 1922 de
702 1888 824 1924 causis
851 1888 1079 1934 dispensatio
1109 1894 1251 1934 petatur
1277 1891 1323 1927 ab
1350 1893 1624 1938 impedimentis
1660 1896 1862 1942 impedien-

389 1958 487 1995 tibus
499 1983 1878 2005 ........................
1915 1968 1982 2007 198

292 2032 307 2068 ἓ
332 2029 365 2065 5.
392 2048 413 2055 -
440 2029 583 2072 Quibus
601 2031 646 2066 de
664 2031 787 2067 causis
805 2032 1033 2077 dispensatio
1052 2039 1198 2079 petatur
1214 2035 1261 2071 ab
1281 2035 1554 2082 impedimentis
1569 2038 1837 2076 dirimentibus.
1864 2053 1878 2072 ι
1911 2040 1983 2078 200

198 2099 352 2136 CAPUT
380 2101 423 2137 II.
455 2102 502 2137 De
528 2102 845 2148 dispensationum
873 2105 1204 2142 matrimonialium
1232 2109 1473 2146 concessione
1498 2114 1533 2146 et
1559 2112 1776 2148 executione
1806 2141 1813 2149 .
1865 2127 1878 2144 ι
1912 2114 1978 2150 201

198 2171 413 2208 Anrtcunus
438 2183 461 2208 1.
489 2172 684 2216 Quomodo
711 2174 1008 2219 dispensationes
1037 2177 1324 2215 matrimoniales
1355 2181 1634 2218 concedantur.
1686 2213 1692 2219 .
1746 2213 1752 2219 .
1805 2213 1812 2220 .
1863 2198 1877 2215 »
1932 2185 1981 2221 ib.

199 2245 411 2283 An'ricunus
437 2257 475 2283 n.
502 2249 533 2283 A
553 2257 626 2293 quo
643 2253 680 2284 et
699 2249 885 2294 quomodo
904 2249 1202 2295 dispensationes
1221 2254 1511 2291 matrimoniales
1529 2258 1741 2294 executioni
1761 2268 1861 2295 man-

390 2318 520 2354 dentur
555 2345 1878 2366 .......................
1912 2331 1982 2368 206

294 2391 308 2428 S
337 2389 366 2425 1.
393 2409 414 2412 -
441 2389 472 2424 Α
498 2399 570 2434 quo
595 2390 891 2436 dispensationes
919 2393 1213 2431 matrimoniales
1237 2397 1448 2433 executioni
1477 2399 1695 2436 mandentur
1746 2429 1754 2436 .
1806 2427 1814 2434 .
1865 2415 1878 2433 n
1912 2402 1980 2439 207

294 2464 309 2500 ἐ
334 2459 367 2496 2.
395 2480 414 2487 -
442 2461 636 2504 Quomodo
662 2463 959 2508 dispensationes
984 2465 1276 2503 matrimoniales
1303 2469 1512 2506 executioni
1540 2471 1762 2508 mandentur
1807 2502 1813 2508 .
1867 2487 1879 2504 n
1912 2473 1982 2510 208

201 2530 354 2568 CAPUT
382 2532 444 2568 ΙΙΙ.
472 2533 522 2569 De
549 2533 869 2579 dispensationum
895 2536 1221 2573 matrimonialium
1248 2539 1455 2576 cessatione
1505 2569 1811 2580 ......
1863 2558 1876 2576 ι
1910 2545 1981 2583 210

200 2601 355 2639 CAPUT
380 2603 443 2640 IV.
469 2604 521 2639 De
547 2604 824 2650 dispensatione
849 2605 896 2641 ab
915 2606 1190 2651 impedimentis
1208 2609 1469 2648 dirimentibus
1494 2613 1771 2650 matrimonium
1798 2625 1863 2660 per

391 2675 619 2710 sanationem
647 2675 685 2711 in
710 2676 832 2713 radice
852 2701 1878 2724 ..................
1911 2686 1982 2724 215

201 2745 400 2783 TITULUS
426 2746 470 2782 II.
497 2747 550 2783 De
569 2747 678 2784 rebus
697 2748 884 2785 Ecclesiae
902 2750 1158 2796 spiritualibus
1185 2753 1320 2799 quibus
1348 2755 1460 2792 homo
1486 2755 1608 2793 officia
1626 2767 1722 2810 erga.
1733 2759 1861 2802 Deum,

391 2827 480 2864 erga
505 2819 682 2865 seipsum,
709 2829 798 2866 erga
822 2820 915 2858 alios
940 2821 1117 2868 adimplet
1143 2852 1813 2867 ............
1865 2844 1878 2862 ι
1911 2831 1982 2867 216

200 2886 356 2924 CAPUT
382 2889 409 2926 t.
435 2889 487 2925 De
515 2889 585 2926 fide
612 2890 773 2927 exterius
801 2891 1009 2937 profitenda
1033 2920 1814 2938 ..............
1864 2914 1877 2932 ι
1931 2901 1980 2938 ib.

201 2958 415 2996 An'ricunus
442 2969 464 2996 1.
490 2961 543 2998 De
570 2960 681 2997 falsae
708 2962 898 3008 religionis
925 2964 1161 3002 simulatione
1211 2995 1814 3008 ...........
1865 2985 1879 3003 ι
1911 2972 1979 3008 217

202 3028 414 3066 Amemus
439 3040 478 3067 11.
504 3031 557 3068 De
584 3033 920 3070 communicatione
946 3044 1031 3071 oum
1058 3035 1282 3082 infidelibus,
1301 3038 1496 3076 haereticis
1522 3044 1558 3076 et
1576 3041 1835 3079 schismaticis.
1860 3056 1875 3074 »
1907 3042 1979 3080 220

294 3104 310 3142 3
337 3100 368 3138 1.
394 3121 414 3128 -
443 3103 495 3139 De
521 3105 856 3142 communicatione
878 3106 917 3142 in
941 3106 1077 3144 divinis
1104 3118 1188 3145 cum
1215 3110 1411 3148 haereticis
1437 3117 1474 3148 et
1498 3112 1747 3150 schismaticis
1806 3142 1815 3150 .
1864 3127 1878 3146 ›
1910 3113 1980 3152 221
