2176 3386
289 204 365 244 132
955 217 1064 246 PARS
1094 218 1135 246 11.
1170 218 1227 246 DE
1257 217 1395 247 manus

287 335 335 367 se
366 329 569 380 exponat
593 322 911 369 incommodis.
953 324 1041 369 Etsi
1066 324 1192 369 enim
1215 324 1408 384 quilibet
1430 332 1752 384 praesumatur
1774 341 1912 374 sanae
1937 343 2063 374 men—

287 405 372 461 tis;
408 410 450 449 et
485 405 561 464 qui
594 406 758 463 allegat
790 421 869 450 seu
901 406 975 451 alii
1009 405 1167 451 obiicit
1199 407 1420 463 furorem,
1454 408 1618 453 debeat
1652 409 1798 467 ipsum
1849 411 2062 469 probare;

286 502 392 534 cum
429 495 584 534 tamen
619 490 673 533 de
706 489 910 534 dementi
944 494 1066 534 statu
1099 495 1306 546 constat,
1352 496 1466 536 tunc
1499 492 1567 548 ei,
1612 492 1688 552 qui
1722 493 1896 538 factum
1930 507 2063 539 suum

287 576 459 628 tuetur,
495 587 574 617 seu
610 573 892 618 matrimonii
930 572 1213 618 xaliditatem
1248 573 1471 631 defendit,
1509 576 1794 634 probandum
1839 576 2064 622 incumbit

286 655 433 714 ipsum
466 657 738 701 durantibus
770 657 931 702 lucidis
965 657 1219 702 intervallis
1253 657 1391 704 fuisse
1426 659 1724 704 celebratum.

404 739 504 784 892.
536 740 882 785 Devenicndum
908 754 1032 785 nunc
1055 746 1124 785 est
1146 741 1201 786 ad
1224 742 1361 786 aliam
1387 742 1580 788 classem
1605 743 2059 802 impedimentorum,

283 835 400 881 quae
432 821 734 866 oriuntur-ex
768 821 948 866 defectu
986 826 1192 866 naturae.
1231 825 1402 867 Natura
1438 822 1484 867 in
1530 823 1688 869 ordine
1731 824 1786 869 ad
1827 824 2061 870 matrimo-

285 904 412 949 nium
446 904 639 949 delicere
674 909 821 962 potest
854 905 951 949 sive
985 904 1031 948 in
1067 904 1150 961 iis,
1201 905 1277 965 qui
1313 910 1471 950 tenera
1508 907 1554 950 in
1589 911 1740 951 aetate
1783 912 2058 965 versantur,

283 988 380 1032 sive
415 988 459 1032 in
496 988 548 1032 iis
581 988 654 1047 qui
689 988 858 1033 debiles
891 993 1000 1033 sunt
1032 1003 1246 1046 corpore,
1293 993 1339 1033 et
1374 988 1550 1047 frigidi,
1598 1003 1651 1034 ac
1694 989 1954 1035 maleliciati
1996 989 2060 1035 di·

282 1077 466 1116 cuntur.
506 1071 620 1117 Hinc
653 1072 821 1130 duplex
857 1073 1238 1130 impvdimentum
1275 1073 1436 1127 oritur,
1472 1076 1639 1118 aetatis
1670 1072 1860 1128 scilicet,
1895 1078 1942 1118 et
1975 1076 2058 1117 im·

278 1159 527 1212 potentiae.

807 1300 824 1344 (ξ
851 1301 883 1335 5.
919 1321 951 1324 —
983 1300 1040 1336 De
1068 1300 1354 1347 impedimento
1380 1301 1531 1336 aetatis.

399 1491 499 1535 895.
539 1491 601 1534 Ad
637 1491 987 1535 matrimonium
1023 1489 1276 1534 ineundum
1302 1489 1555 1548 legitimam
1583 1490 1832 1549 pubertatis
1859 1495 2056 1534 aetatem

281 1574 467 1633 requiri,
503 1579 792 1631 compertum
826 1579 910 1628 cst,
945 1587 1061 1632 quae
1098 1573 1140 1617 in
1178 1573 1275 1617 iure
1312 1572 1373 1617 ita
1409 1573 1703 1631 praefinitur,
1749 1577 1798 1617 ut
1840 1572 1875 1617 si
1912 1587 2059 1617 mares

279 1657 509 1702 decimum
529 1661 743 1716 quartum
764 1656 927 1700 aetatis
944 1670 1138 1711 annum,
1160 1655 1360 1701 feminae
1384 1656 1709 1701 duodecimum
1728 1670 1820 1700 non
1839 1656 2054 1713 habeant,

280 1741 493 1785 ineundis
525 1741 697 1800 nuptiis
732 1741 928 1799 impares
960 1741 1067 1785 sint.
1109 1740 1287 1785 Etenim
1325 1740 1591 1799 plerumque
1627 1741 1710 1784 bac
1733 1744 1883 1785 aetate
1911 1741 2056 1785 mino-

281 1839 365 1882 res,
405 1840 551 1884 neque
587 1824 870 1869 matrimonii
907 1825 999 1869 vim
1038 1824 1325 1882 intelligunt,
1375 1838 1523 1882 neque
1570 1824 1757 1882 physica
1800 1824 2058 1884 aptitudine
2141 1802 2176 1877 l!

279 1910 331 1954 ad
367 1909 567 1968 coniugii
603 1923 734 1954 usum
772 1910 956 1967 pollent.
1009 1908 1126 1962 Quin
1164 1909 1256 1953 imo
1290 1908 1513 1953 eiusmodi
1545 1914 1702 1963 aetas,
1750 1908 1835 1953 nisi
1877 1913 2058 1954 constet

281 1992 501 2038 malitiam
536 1993 817 2051 supplevisse
851 1997 1069 2047 aetatem,
1106 1992 1331 2048 completa
1366 2004 1462 2036 esse
1497 1991 1646 2046 debet,
1683 1996 1733 2035 ut
1767 1991 1916 2036 valide
1950 2006 2055 2037 con·
2142 1994 2176 2041 «ξ

281 2077 396 2120 trabi
433 2076 587 2134 possit.
622 2080 715 2120 Iam
750 2076 1018 2132 contingere
1054 2078 1201 2132 potest
1224 2075 1342 2134 quod
1367 2075 1521 2133 aliqua
1544 2075 1697 2132 gravis
1718 2088 1852 2118 causa
1879 2079 2053 2132 urgeat,

278 2164 328 2203 ut
362 2173 473 2218 puer
506 2160 578 2204 vel
614 2159 758 2218 puella
795 2158 1145 2203 matrimonium
1180 2162 1289 2202 ante
1321 2162 1521 2202 aetatem
1556 2172 1579 2201 a
1626 2157 1767 2202 sacris
1805 2157 2056 2202 canonibus

278 2241 598 2300 praestitutam
633 2242 771 2286 ineat.
809 2245 948 2286 Porro
980 2241 1221 2286 deficiente
1259 2240 1451 2285 rationis
1484 2240 1759 2284 discretione
1801 2239 1856 2283 ad
1892 2239 2056 2284 intelli-

277 2330 471 2386 gendam
510 2327 603 2372 vim
640 2327 922 2372 matrimonii
957 2332 1003 2371 et
1037 2325 1349 2371 indissolubile
1386 2326 1652 2378 vinculum,
1698 2339 1722 2369 a
1764 2325 1887 2370 nulla
1932 2330 2054 2384 pote-

276 2416 394 2457 state
428 2412 630 2456 humana
656 2411 822 2469 poterit
843 2409 1111 2469 dispensari.
1150 2409 1190 2454 Si
1218 2409 1464 2468 praecessit
1489 2409 1700 2453 habilitas
1724 2407 1923 2463 moralis,
1949 2407 2055 2452 licet

276 2495 425 2539 adbuc
458 2495 518 2539 sit
551 2494 774 2551 impubes,
812 2492 1044 2537 Pontificis
1079 2496 1201 2537 Max.
1239 2497 1310 2537 est
1343 2491 1607 2550 dispensare
1638 2493 1694 2535 ad
1728 2489 1992 2535 nubendum
2019 2490 2048 2534 ¹.

277 2577 319 2622 Si
353 2578 550 2636 denique
583 2582 776 2636 utraque
808 2575 1033 2634 aptitudo,
1070 2575 1254 2620 moralis
1288 2589 1455 2634 nempe
1492 2579 1538 2619 et
1567 2574 1772 2632 physica,
1800 2585 2051 2631 praecesse·
2113 2562 2115 2567 ¹

277 2661 351 2716 rit,
388 2660 636 2720 requiritur
667 2659 915 2704 declaratio
948 2658 1072 2704 Sedis
1107 2658 1390 2716 Apostolicae
1428 2657 1496 2702 vel
1531 2655 1776 2702 Ordinarii.

392 2745 495 2790 894.
534 2744 920 2802 [mpedimentum
953 2741 1118 2787 aetatis
1150 2742 1262 2786 iuris
1296 2740 1597 2786 ecclesiastici
1629 2745 1713 2796 est,
1749 2739 1856 2784 binc
1895 2737 2050 2784 matri-

276 2829 431 2874 monia
464 2827 719 2872 infidelium
751 2830 990 2871 contracta
1023 2829 1132 2870 ante
1166 2823 1494 2884 praescriptam
1527 2828 1745 2879 aetatem,
1782 2822 2048 2882 praesertim
2100 2886 2103 2890 ἡ

393 2995 401 3014 ¹
431 2995 565 3032 Bened.
592 2994 689 3038 XIV,
716 2993 840 3031 Const.
866 2993 1021 3040 Maqnae
1045 2993 1147 3029 nobis
1171 2992 1217 3029 29
1244 2991 1336 3029 iunii
1366 2990 1468 3028 1748.
