<?xml version="1.0" encoding="UTF-8"?>
<!DOCTYPE html PUBLIC "-//W3C//DTD XHTML 1.0 Transitional//EN"
    "http://www.w3.org/TR/xhtml1/DTD/xhtml1-transitional.dtd">
<html xmlns="http://www.w3.org/1999/xhtml" xml:lang="en" lang="en">
 <head>
  <title>
</title>
<meta http-equiv="Content-Type" content="text/html;charset=utf-8" />
  <meta name='ocr-system' content='tesseract 3.04.00' />
  <meta name='ocr-capabilities' content='ocr_page ocr_carea ocr_par ocr_line ocrx_word'/>
</head>
<body>
  <div class='ocr_page' id='page_1' title='image "apparatus00ziteuoft_0228.png"; bbox 0 0 2176 3386; ppageno 0'>
   <div class='ocr_carea' id='block_1_1' title="bbox 617 0 2176 159">
    <p class='ocr_par' dir='ltr' id='par_1_1' title="bbox 617 0 2176 159">
     <span class='ocr_line' id='line_1_1' title="bbox 617 0 2176 159; baseline 0 3227"><span class='ocrx_word' id='word_1_1' title='bbox 617 0 2176 159; x_wconf 95' lang='lat' dir='ltr'> </span> 
     </span>
    </p>
   </div>
   <div class='ocr_carea' id='block_1_2' title="bbox 245 160 1384 218">
    <p class='ocr_par' dir='ltr' id='par_1_2' title="bbox 245 160 1384 218">
     <span class='ocr_line' id='line_1_2' title="bbox 245 160 1384 218; baseline 0.001 -18"><span class='ocrx_word' id='word_1_2' title='bbox 245 160 325 200; x_wconf 87' lang='grc'>216</span> <span class='ocrx_word' id='word_1_3' title='bbox 550 204 553 206; x_wconf 54' lang='grc'>,</span> <span class='ocrx_word' id='word_1_4' title='bbox 650 217 653 218; x_wconf 9' lang='grc'><em>7</em></span> <span class='ocrx_word' id='word_1_5' title='bbox 889 170 1000 201; x_wconf 81' lang='lat' dir='ltr'>PARS</span> <span class='ocrx_word' id='word_1_6' title='bbox 1029 172 1053 199; x_wconf 94' lang='lat'>1.</span> <span class='ocrx_word' id='word_1_7' title='bbox 1089 171 1145 199; x_wconf 85' lang='lat' dir='ltr'>DE</span> <span class='ocrx_word' id='word_1_8' title='bbox 1173 171 1384 201; x_wconf 80' lang='lat' dir='ltr'>PERSONJS</span> 
     </span>
    </p>
   </div>
   <div class='ocr_carea' id='block_1_3' title="bbox 225 279 2028 2422">
    <p class='ocr_par' dir='ltr' id='par_1_3' title="bbox 225 279 2028 2422">
     <span class='ocr_line' id='line_1_3' title="bbox 247 279 2027 339; baseline 0.002 -16"><span class='ocrx_word' id='word_1_9' title='bbox 247 280 319 323; x_wconf 86' lang='lat' dir='ltr'>vel</span> <span class='ocrx_word' id='word_1_10' title='bbox 353 292 501 334; x_wconf 89' lang='lat' dir='ltr'>secus,</span> <span class='ocrx_word' id='word_1_11' title='bbox 537 283 672 338; x_wconf 87' lang='lat' dir='ltr'>prout</span> <span class='ocrx_word' id='word_1_12' title='bbox 705 279 868 324; x_wconf 86' lang='lat' dir='ltr'>melius</span> <span class='ocrx_word' id='word_1_13' title='bbox 901 279 1190 335; x_wconf 87' lang='lat' dir='ltr'>iudicaverit,</span> <span class='ocrx_word' id='word_1_14' title='bbox 1215 283 1261 324; x_wconf 93' lang='lat' dir='ltr'>et</span> <span class='ocrx_word' id='word_1_15' title='bbox 1282 280 1466 339; x_wconf 89' lang='lat' dir='ltr'>quidem</span> <span class='ocrx_word' id='word_1_16' title='bbox 1505 280 1763 326; x_wconf 86' lang='lat' dir='ltr'>adhibendo</span> <span class='ocrx_word' id='word_1_17' title='bbox 1794 281 2027 327; x_wconf 87' lang='lat' dir='ltr'>limitatio-</span> 
     </span>
     <span class='ocr_line' id='line_1_4' title="bbox 247 364 2024 423; baseline 0.002 -15"><span class='ocrx_word' id='word_1_18' title='bbox 247 377 329 408; x_wconf 85' lang='lat' dir='ltr'>nes</span> <span class='ocrx_word' id='word_1_19' title='bbox 360 377 474 423; x_wconf 85' lang='lat' dir='ltr'>quas</span> <span class='ocrx_word' id='word_1_20' title='bbox 506 367 787 422; x_wconf 82' lang='lat' dir='ltr'>opportunas</span> <span class='ocrx_word' id='word_1_21' title='bbox 818 365 1020 420; x_wconf 88' lang='lat' dir='ltr'>duxerit,</span> <span class='ocrx_word' id='word_1_22' title='bbox 1056 377 1161 408; x_wconf 91' lang='lat' dir='ltr'>cum</span> <span class='ocrx_word' id='word_1_23' title='bbox 1197 364 1415 408; x_wconf 81' lang='lat' dir='ltr'><strong>facultate</strong></span> <span class='ocrx_word' id='word_1_24' title='bbox 1449 364 1697 409; x_wconf 88' lang='lat' dir='ltr'>revocandi</span> <span class='ocrx_word' id='word_1_25' title='bbox 1737 365 1794 410; x_wconf 90' lang='lat' dir='ltr'>ad</span> <span class='ocrx_word' id='word_1_26' title='bbox 1826 380 2024 411; x_wconf 82' lang='lat' dir='ltr'>examen</span> 
     </span>
     <span class='ocr_line' id='line_1_5' title="bbox 245 446 2024 507; baseline -0.001 -14"><span class='ocrx_word' id='word_1_27' title='bbox 245 447 322 507; x_wconf 89' lang='lat' dir='ltr'>qui</span> <span class='ocrx_word' id='word_1_28' title='bbox 343 448 579 506; x_wconf 87' lang='lat' dir='ltr'>approbati</span> <span class='ocrx_word' id='word_1_29' title='bbox 605 448 809 502; x_wconf 92' lang='lat' dir='ltr'>fuerunt,</span> <span class='ocrx_word' id='word_1_30' title='bbox 834 447 1082 492; x_wconf 92' lang='lat' dir='ltr'>dummodo</span> <span class='ocrx_word' id='word_1_31' title='bbox 1113 461 1234 491; x_wconf 90' lang='lat' dir='ltr'>nova</span> <span class='ocrx_word' id='word_1_32' title='bbox 1257 460 1392 492; x_wconf 80' lang='lat' dir='ltr'>causa</span> <span class='ocrx_word' id='word_1_33' title='bbox 1423 446 1695 503; x_wconf 84' lang='lat' dir='ltr'>intercedat,</span> <span class='ocrx_word' id='word_1_34' title='bbox 1720 448 1758 493; x_wconf 92' lang='lat' dir='ltr'>si</span> <span class='ocrx_word' id='word_1_35' title='bbox 1789 448 2024 506; x_wconf 85' lang='lat' dir='ltr'>approbati</span> 
     </span>
     <span class='ocr_line' id='line_1_6' title="bbox 245 530 2025 590; baseline 0 -14"><span class='ocrx_word' id='word_1_36' title='bbox 245 530 419 576; x_wconf 90' lang='lat' dir='ltr'>fuerint</span> <span class='ocrx_word' id='word_1_37' title='bbox 452 545 477 576; x_wconf 92' lang='lat' dir='ltr'>a</span> <span class='ocrx_word' id='word_1_38' title='bbox 511 530 773 590; x_wconf 85' lang='lat' dir='ltr'>semetipso,</span> <span class='ocrx_word' id='word_1_39' title='bbox 809 531 887 576; x_wconf 92' lang='lat' dir='ltr'>sed</span> <span class='ocrx_word' id='word_1_40' title='bbox 919 531 1060 575; x_wconf 90' lang='lat' dir='ltr'>etiam</span> <span class='ocrx_word' id='word_1_41' title='bbox 1097 531 1196 574; x_wconf 91' lang='lat' dir='ltr'>sine</span> <span class='ocrx_word' id='word_1_42' title='bbox 1231 543 1351 574; x_wconf 82' lang='lat' dir='ltr'>nova</span> <span class='ocrx_word' id='word_1_43' title='bbox 1384 543 1545 586; x_wconf 88' lang='lat' dir='ltr'>causa,</span> <span class='ocrx_word' id='word_1_44' title='bbox 1582 530 1618 575; x_wconf 93' lang='lat' dir='ltr'>si</span> <span class='ocrx_word' id='word_1_45' title='bbox 1652 544 1677 575; x_wconf 88' lang='lat' dir='ltr'>a</span> <span class='ocrx_word' id='word_1_46' title='bbox 1713 531 2025 589; x_wconf 80' lang='lat' dir='ltr'>praedecesso-</span> 
     </span>
     <span class='ocr_line' id='line_1_7' title="bbox 246 612 2027 671; baseline 0.001 -13"><span class='ocrx_word' id='word_1_47' title='bbox 246 614 369 659; x_wconf 83' lang='lat' dir='ltr'>ribus</span> <span class='ocrx_word' id='word_1_48' title='bbox 401 614 430 657; x_wconf 61' lang='grc' dir='ltr'>ί.</span> <span class='ocrx_word' id='word_1_49' title='bbox 490 614 727 671; x_wconf 78' lang='lat' dir='ltr'>Excipitur</span> <span class='ocrx_word' id='word_1_50' title='bbox 767 614 802 658; x_wconf 92' lang='lat' dir='ltr'>si</span> <span class='ocrx_word' id='word_1_51' title='bbox 846 614 934 658; x_wconf 88' lang='lat' dir='ltr'>alio</span> <span class='ocrx_word' id='word_1_52' title='bbox 968 613 1102 658; x_wconf 91' lang='lat' dir='ltr'>modo</span> <span class='ocrx_word' id='word_1_53' title='bbox 1149 612 1298 657; x_wconf 91' lang='lat' dir='ltr'>idonei</span> <span class='ocrx_word' id='word_1_54' title='bbox 1347 612 1610 658; x_wconf 88' lang='lat' dir='ltr'>iudicentur</span> <span class='ocrx_word' id='word_1_55' title='bbox 1642 613 1783 658; x_wconf 83' lang='lat' dir='ltr'>veluti</span> <span class='ocrx_word' id='word_1_56' title='bbox 1819 613 2027 659; x_wconf 88' lang='lat' dir='ltr'>Vicarius</span> 
     </span>
     <span class='ocr_line' id='line_1_8' title="bbox 245 696 2024 755; baseline -0.001 -12"><span class='ocrx_word' id='word_1_57' title='bbox 245 698 504 752; x_wconf 80' lang='lat' dir='ltr'>Generalis,</span> <span class='ocrx_word' id='word_1_58' title='bbox 543 698 782 755; x_wconf 82' lang='lat' dir='ltr'>parochus,</span> <span class='ocrx_word' id='word_1_59' title='bbox 819 697 1077 742; x_wconf 90' lang='lat' dir='ltr'>Canonicus</span> <span class='ocrx_word' id='word_1_60' title='bbox 1101 696 1487 741; x_wconf 87' lang='lat' dir='ltr'>Poenitentiarius</span> <span class='ocrx_word' id='word_1_61' title='bbox 1509 697 1539 741; x_wconf 79' lang='lat'>².</span> <span class='ocrx_word' id='word_1_62' title='bbox 1576 699 1618 754; x_wconf 75' lang='lat'>9.)</span> <span class='ocrx_word' id='word_1_63' title='bbox 1649 697 2024 742; x_wconf 84' lang='lat' dir='ltr'>Reservationem</span> 
     </span>
     <span class='ocr_line' id='line_1_9' title="bbox 246 779 2027 837; baseline 0.001 -13"><span class='ocrx_word' id='word_1_64' title='bbox 246 793 453 835; x_wconf 86' lang='lat' dir='ltr'>casuum,</span> <span class='ocrx_word' id='word_1_65' title='bbox 490 779 533 824; x_wconf 90' lang='lat' dir='ltr'>id</span> <span class='ocrx_word' id='word_1_66' title='bbox 566 785 635 824; x_wconf 89' lang='lat' dir='ltr'>est</span> <span class='ocrx_word' id='word_1_67' title='bbox 668 779 967 824; x_wconf 84' lang='lat' dir='ltr'>absolutionis</span> <span class='ocrx_word' id='word_1_68' title='bbox 999 794 1023 823; x_wconf 88' lang='lat' dir='ltr'>a</span> <span class='ocrx_word' id='word_1_69' title='bbox 1058 779 1195 823; x_wconf 88' lang='lat' dir='ltr'>certis</span> <span class='ocrx_word' id='word_1_70' title='bbox 1227 779 1401 837; x_wconf 81' lang='lat' dir='ltr'>aliquot</span> <span class='ocrx_word' id='word_1_71' title='bbox 1433 779 1720 836; x_wconf 85' lang='lat' dir='ltr'>gravioribus</span> <span class='ocrx_word' id='word_1_72' title='bbox 1755 779 2027 825; x_wconf 84' lang='lat' dir='ltr'>criminibus</span> 
     </span>
     <span class='ocr_line' id='line_1_10' title="bbox 225 862 2023 923; baseline 0 -15"><span class='ocrx_word' id='word_1_73' title='bbox 225 878 380 923; x_wconf 69' lang='lat' dir='ltr'>⁴opere</span> <span class='ocrx_word' id='word_1_74' title='bbox 423 868 617 908; x_wconf 86' lang='lat' dir='ltr'>externo</span> <span class='ocrx_word' id='word_1_75' title='bbox 659 862 1056 917; x_wconf 58' lang='lat' dir='ltr'>consummatisss,</span> <span class='ocrx_word' id='word_1_76' title='bbox 1092 862 1190 907; x_wconf 90' lang='lat' dir='ltr'>sive</span> <span class='ocrx_word' id='word_1_77' title='bbox 1234 867 1365 907; x_wconf 87' lang='lat' dir='ltr'>extra</span> <span class='ocrx_word' id='word_1_78' title='bbox 1408 862 1664 920; x_wconf 87' lang='lat' dir='ltr'>synodum,</span> <span class='ocrx_word' id='word_1_79' title='bbox 1699 863 1798 908; x_wconf 92' lang='lat' dir='ltr'>sive</span> <span class='ocrx_word' id='word_1_80' title='bbox 1841 864 1960 909; x_wconf 89' lang='lat' dir='ltr'>intra</span> <span class='ocrx_word' id='word_1_81' title='bbox 1990 865 2023 919; x_wconf 77' lang='lat'>¹⁸,</span> 
     </span>
     <span class='ocr_line' id='line_1_11' title="bbox 247 945 2027 1005; baseline 0 -15"><span class='ocrx_word' id='word_1_82' title='bbox 247 947 367 1005; x_wconf 91' lang='lat' dir='ltr'>quod</span> <span class='ocrx_word' id='word_1_83' title='bbox 408 946 577 990; x_wconf 89' lang='lat' dir='ltr'>rectius</span> <span class='ocrx_word' id='word_1_84' title='bbox 622 951 715 998; x_wconf 81' lang='lat' dir='ltr'>est,</span> <span class='ocrx_word' id='word_1_85' title='bbox 759 945 954 989; x_wconf 79' lang='lat' dir='ltr'>servatis</span> <span class='ocrx_word' id='word_1_86' title='bbox 1002 950 1158 990; x_wconf 89' lang='lat' dir='ltr'>tamen</span> <span class='ocrx_word' id='word_1_87' title='bbox 1208 945 1341 1004; x_wconf 87' lang='lat' dir='ltr'>aequi</span> <span class='ocrx_word' id='word_1_88' title='bbox 1381 945 1578 1001; x_wconf 85' lang='lat' dir='ltr'>tinibus,</span> <span class='ocrx_word' id='word_1_89' title='bbox 1619 945 1680 990; x_wconf 87' lang='lat' dir='ltr'>ita</span> <span class='ocrx_word' id='word_1_90' title='bbox 1725 950 1775 990; x_wconf 90' lang='lat' dir='ltr'>ut</span> <span class='ocrx_word' id='word_1_91' title='bbox 1820 951 2027 992; x_wconf 87' lang='lat' dir='ltr'>reservet</span> 
     </span>
     <span class='ocr_line' id='line_1_12' title="bbox 246 1029 2026 1089; baseline 0.002 -16"><span class='ocrx_word' id='word_1_92' title='bbox 246 1043 407 1088; x_wconf 84' lang='lat' dir='ltr'>pauca,</span> <span class='ocrx_word' id='word_1_93' title='bbox 434 1030 478 1073; x_wconf 87' lang='lat' dir='ltr'>in</span> <span class='ocrx_word' id='word_1_94' title='bbox 504 1030 669 1088; x_wconf 89' lang='lat' dir='ltr'>quibus</span> <span class='ocrx_word' id='word_1_95' title='bbox 692 1029 808 1074; x_wconf 90' lang='lat' dir='ltr'>iusta</span> <span class='ocrx_word' id='word_1_96' title='bbox 836 1043 971 1075; x_wconf 89' lang='lat' dir='ltr'>causa</span> <span class='ocrx_word' id='word_1_97' title='bbox 997 1029 1252 1075; x_wconf 87' lang='lat' dir='ltr'>intercedat</span> <span class='ocrx_word' id='word_1_98' title='bbox 1285 1043 1358 1074; x_wconf 84' lang='lat' dir='ltr'>ex.</span> <span class='ocrx_word' id='word_1_99' title='bbox 1384 1044 1448 1085; x_wconf 81' lang='lat' dir='ltr'>gr.</span> <span class='ocrx_word' id='word_1_100' title='bbox 1485 1030 1748 1088; x_wconf 85' lang='lat' dir='ltr'>proclivitas</span> <span class='ocrx_word' id='word_1_101' title='bbox 1782 1032 1826 1075; x_wconf 91' lang='lat' dir='ltr'>in</span> <span class='ocrx_word' id='word_1_102' title='bbox 1863 1033 2026 1089; x_wconf 85' lang='lat' dir='ltr'>populo</span> 
     </span>
     <span class='ocr_line' id='line_1_13' title="bbox 244 1113 2027 1173; baseline 0.001 -16"><span class='ocrx_word' id='word_1_103' title='bbox 244 1113 297 1157; x_wconf 88' lang='lat' dir='ltr'>ad</span> <span class='ocrx_word' id='word_1_104' title='bbox 333 1127 384 1156; x_wconf 89' lang='lat' dir='ltr'>ea</span> <span class='ocrx_word' id='word_1_105' title='bbox 421 1113 738 1171; x_wconf 86' lang='lat' dir='ltr'>perpetranda.</span> <span class='ocrx_word' id='word_1_106' title='bbox 783 1115 954 1157; x_wconf 79' lang='lat' dir='ltr'>Caveat</span> <span class='ocrx_word' id='word_1_107' title='bbox 995 1117 1149 1157; x_wconf 91' lang='lat' dir='ltr'>tamen</span> <span class='ocrx_word' id='word_1_108' title='bbox 1195 1127 1251 1157; x_wconf 91' lang='lat' dir='ltr'>ne</span> <span class='ocrx_word' id='word_1_109' title='bbox 1285 1126 1416 1157; x_wconf 86' lang='lat' dir='ltr'>casus</span> <span class='ocrx_word' id='word_1_110' title='bbox 1458 1113 1557 1158; x_wconf 93' lang='lat' dir='ltr'>illos</span> <span class='ocrx_word' id='word_1_111' title='bbox 1598 1118 1828 1170; x_wconf 82' lang='lat' dir='ltr'>reservet,</span> <span class='ocrx_word' id='word_1_112' title='bbox 1862 1115 2027 1173; x_wconf 89' lang='lat' dir='ltr'>quibus</span> 
     </span>
     <span class='ocr_line' id='line_1_14' title="bbox 243 1195 2028 1256; baseline 0.001 -16"><span class='ocrx_word' id='word_1_113' title='bbox 243 1197 423 1241; x_wconf 84' lang='lat' dir='ltr'>adnexa</span> <span class='ocrx_word' id='word_1_114' title='bbox 448 1202 516 1241; x_wconf 91' lang='lat' dir='ltr'>est</span> <span class='ocrx_word' id='word_1_115' title='bbox 538 1195 961 1241; x_wconf 78' lang='lat' dir='ltr'>excommunicatio</span> <span class='ocrx_word' id='word_1_116' title='bbox 986 1195 1132 1241; x_wconf 86' lang='lat' dir='ltr'>maior</span> <span class='ocrx_word' id='word_1_117' title='bbox 1154 1211 1178 1240; x_wconf 91' lang='lat' dir='ltr'>a</span> <span class='ocrx_word' id='word_1_118' title='bbox 1202 1196 1300 1241; x_wconf 92' lang='lat' dir='ltr'>iure</span> <span class='ocrx_word' id='word_1_119' title='bbox 1326 1195 1555 1254; x_wconf 88' lang='lat' dir='ltr'>imposita,</span> <span class='ocrx_word' id='word_1_120' title='bbox 1583 1196 1668 1241; x_wconf 86' lang='lat' dir='ltr'>nisi</span> <span class='ocrx_word' id='word_1_121' title='bbox 1695 1198 1810 1241; x_wconf 90' lang='lat' dir='ltr'>forte</span> <span class='ocrx_word' id='word_1_122' title='bbox 1843 1202 2028 1256; x_wconf 83' lang='lat' dir='ltr'>propter</span> 
     </span>
     <span class='ocr_line' id='line_1_15' title="bbox 244 1278 2023 1339; baseline 0 -15"><span class='ocrx_word' id='word_1_123' title='bbox 244 1282 460 1338; x_wconf 80' lang='lat' dir='ltr'>frequens</span> <span class='ocrx_word' id='word_1_124' title='bbox 492 1279 759 1324; x_wconf 85' lang='lat' dir='ltr'>scandalum</span> <span class='ocrx_word' id='word_1_125' title='bbox 784 1284 863 1323; x_wconf 87' lang='lat' dir='ltr'>aut</span> <span class='ocrx_word' id='word_1_126' title='bbox 886 1278 1023 1323; x_wconf 87' lang='lat' dir='ltr'>aliam</span> <span class='ocrx_word' id='word_1_127' title='bbox 1057 1292 1242 1323; x_wconf 88' lang='lat' dir='ltr'>causam</span> <span class='ocrx_word' id='word_1_128' title='bbox 1274 1279 1578 1323; x_wconf 86' lang='lat' dir='ltr'>necessariam</span> <span class='ocrx_word' id='word_1_129' title='bbox 1601 1279 1630 1334; x_wconf 74' lang='grc'>5;</span> <span class='ocrx_word' id='word_1_130' title='bbox 1668 1293 1753 1323; x_wconf 83' lang='lat' dir='ltr'>nec</span> <span class='ocrx_word' id='word_1_131' title='bbox 1775 1279 2023 1339; x_wconf 85' lang='lat' dir='ltr'>quidquam</span> 
     </span>
     <span class='ocr_line' id='line_1_16' title="bbox 246 1362 2021 1423; baseline 0 -15"><span class='ocrx_word' id='word_1_132' title='bbox 246 1363 494 1422; x_wconf 87' lang='lat' dir='ltr'>praecipiat</span> <span class='ocrx_word' id='word_1_133' title='bbox 515 1364 634 1423; x_wconf 87' lang='lat' dir='ltr'>quod</span> <span class='ocrx_word' id='word_1_134' title='bbox 661 1363 911 1421; x_wconf 89' lang='lat' dir='ltr'>periculum</span> <span class='ocrx_word' id='word_1_135' title='bbox 947 1363 1117 1406; x_wconf 84' lang='lat' dir='ltr'>inferat</span> <span class='ocrx_word' id='word_1_136' title='bbox 1140 1362 1340 1406; x_wconf 85' lang='lat' dir='ltr'>violandi</span> <span class='ocrx_word' id='word_1_137' title='bbox 1375 1362 1571 1419; x_wconf 79' lang='lat' dir='ltr'>sigillum</span> <span class='ocrx_word' id='word_1_138' title='bbox 1603 1363 1920 1418; x_wconf 87' lang='lat' dir='ltr'>confessionis,</span> <span class='ocrx_word' id='word_1_139' title='bbox 1947 1378 2021 1408; x_wconf 89' lang='lat' dir='ltr'>ex.</span> 
     </span>
     <span class='ocr_line' id='line_1_17' title="bbox 244 1446 2026 1506; baseline 0.001 -15"><span class='ocrx_word' id='word_1_140' title='bbox 244 1462 307 1506; x_wconf 84' lang='lat' dir='ltr'>gr.</span> <span class='ocrx_word' id='word_1_141' title='bbox 333 1452 382 1491; x_wconf 92' lang='lat' dir='ltr'>ut</span> <span class='ocrx_word' id='word_1_142' title='bbox 400 1447 482 1492; x_wconf 90' lang='lat' dir='ltr'>sibi</span> <span class='ocrx_word' id='word_1_143' title='bbox 508 1447 553 1491; x_wconf 92' lang='lat' dir='ltr'>in</span> <span class='ocrx_word' id='word_1_144' title='bbox 579 1461 744 1504; x_wconf 80' lang='lat' dir='ltr'>genere</span> <span class='ocrx_word' id='word_1_145' title='bbox 770 1446 1092 1490; x_wconf 85' lang='lat' dir='ltr'>manifestetur</span> <span class='ocrx_word' id='word_1_146' title='bbox 1114 1459 1342 1505; x_wconf 87' lang='lat' dir='ltr'>quaenam</span> <span class='ocrx_word' id='word_1_147' title='bbox 1367 1446 1576 1503; x_wconf 81' lang='lat' dir='ltr'>graviora</span> <span class='ocrx_word' id='word_1_148' title='bbox 1602 1451 1786 1504; x_wconf 87' lang='lat' dir='ltr'>peccata</span> <span class='ocrx_word' id='word_1_149' title='bbox 1812 1446 1856 1491; x_wconf 90' lang='lat' dir='ltr'>in</span> <span class='ocrx_word' id='word_1_150' title='bbox 1875 1447 2026 1506; x_wconf 89' lang='lat' dir='ltr'>aliquo</span> 
     </span>
     <span class='ocr_line' id='line_1_18' title="bbox 244 1528 2025 1588; baseline -0.001 -13"><span class='ocrx_word' id='word_1_151' title='bbox 244 1535 369 1575; x_wconf 91' lang='lat' dir='ltr'>certo</span> <span class='ocrx_word' id='word_1_152' title='bbox 392 1531 491 1575; x_wconf 91' lang='lat' dir='ltr'>loco</span> <span class='ocrx_word' id='word_1_153' title='bbox 515 1528 801 1588; x_wconf 89' lang='lat' dir='ltr'>frequentius</span> <span class='ocrx_word' id='word_1_154' title='bbox 824 1528 1178 1574; x_wconf 80' lang='lat' dir='ltr'>committantur</span> <span class='ocrx_word' id='word_1_155' title='bbox 1195 1528 1227 1571; x_wconf 86' lang='lat'>⁶.</span> <span class='ocrx_word' id='word_1_156' title='bbox 1265 1530 1306 1584; x_wconf 80' lang='lat'>5)</span> <span class='ocrx_word' id='word_1_157' title='bbox 1338 1528 1538 1572; x_wconf 83' lang='lat' dir='ltr'>Pertinet</span> <span class='ocrx_word' id='word_1_158' title='bbox 1566 1529 1621 1573; x_wconf 85' lang='lat' dir='ltr'>ad</span> <span class='ocrx_word' id='word_1_159' title='bbox 1648 1529 1915 1587; x_wconf 87' lang='lat' dir='ltr'>Episcopum</span> <span class='ocrx_word' id='word_1_160' title='bbox 1940 1529 2025 1574; x_wconf 90' lang='lat' dir='ltr'>dis-</span> 
     </span>
     <span class='ocr_line' id='line_1_19' title="bbox 243 1611 2026 1674; baseline -0.002 -15"><span class='ocrx_word' id='word_1_161' title='bbox 243 1629 435 1674; x_wconf 87' lang='lat' dir='ltr'>pensare</span> <span class='ocrx_word' id='word_1_162' title='bbox 477 1615 522 1658; x_wconf 94' lang='lat' dir='ltr'>in</span> <span class='ocrx_word' id='word_1_163' title='bbox 558 1612 970 1670; x_wconf 81' lang='lat' dir='ltr'>irregularitatibus</span> <span class='ocrx_word' id='word_1_164' title='bbox 1012 1611 1226 1656; x_wconf 92' lang='lat' dir='ltr'>omnibus</span> <span class='ocrx_word' id='word_1_165' title='bbox 1259 1616 1305 1655; x_wconf 91' lang='lat' dir='ltr'>et</span> <span class='ocrx_word' id='word_1_166' title='bbox 1337 1612 1711 1668; x_wconf 85' lang='lat' dir='ltr'>suspensionibus</span> <span class='ocrx_word' id='word_1_167' title='bbox 1744 1626 1800 1656; x_wconf 86' lang='lat' dir='ltr'>ex</span> <span class='ocrx_word' id='word_1_168' title='bbox 1846 1612 2026 1656; x_wconf 88' lang='lat' dir='ltr'>occulto</span> 
     </span>
     <span class='ocr_line' id='line_1_20' title="bbox 243 1695 2026 1756; baseline -0.002 -13"><span class='ocrx_word' id='word_1_169' title='bbox 243 1698 409 1743; x_wconf 89' lang='lat' dir='ltr'>delicto</span> <span class='ocrx_word' id='word_1_170' title='bbox 434 1696 829 1756; x_wconf 88' lang='lat' dir='ltr'>provenientibus,</span> <span class='ocrx_word' id='word_1_171' title='bbox 856 1699 1048 1754; x_wconf 86' lang='lat' dir='ltr'>excepta</span> <span class='ocrx_word' id='word_1_172' title='bbox 1072 1710 1123 1740; x_wconf 90' lang='lat' dir='ltr'>ea</span> <span class='ocrx_word' id='word_1_173' title='bbox 1147 1709 1264 1754; x_wconf 86' lang='lat' dir='ltr'>quae</span> <span class='ocrx_word' id='word_1_174' title='bbox 1288 1696 1435 1740; x_wconf 86' lang='lat' dir='ltr'>oritur</span> <span class='ocrx_word' id='word_1_175' title='bbox 1461 1709 1519 1740; x_wconf 85' lang='lat' dir='ltr'>ex</span> <span class='ocrx_word' id='word_1_176' title='bbox 1543 1695 1790 1740; x_wconf 85' lang='lat' dir='ltr'>homicidio</span> <span class='ocrx_word' id='word_1_177' title='bbox 1816 1697 2026 1740; x_wconf 70' lang='lat' dir='ltr'>volunta·</span> 
     </span>
     <span class='ocr_line' id='line_1_21' title="bbox 245 1779 2024 1839; baseline -0.002 -13"><span class='ocrx_word' id='word_1_178' title='bbox 245 1783 311 1827; x_wconf 90' lang='lat' dir='ltr'>rio</span> <span class='ocrx_word' id='word_1_179' title='bbox 334 1787 380 1827; x_wconf 92' lang='lat' dir='ltr'>et</span> <span class='ocrx_word' id='word_1_180' title='bbox 403 1780 607 1839; x_wconf 81' lang='lat' dir='ltr'>exceptis</span> <span class='ocrx_word' id='word_1_181' title='bbox 640 1780 739 1824; x_wconf 92' lang='lat' dir='ltr'>aliis</span> <span class='ocrx_word' id='word_1_182' title='bbox 771 1780 978 1824; x_wconf 82' lang='lat' dir='ltr'>deductis</span> <span class='ocrx_word' id='word_1_183' title='bbox 1011 1779 1067 1823; x_wconf 90' lang='lat' dir='ltr'>ad</span> <span class='ocrx_word' id='word_1_184' title='bbox 1103 1780 1250 1824; x_wconf 90' lang='lat' dir='ltr'>forum</span> <span class='ocrx_word' id='word_1_185' title='bbox 1275 1779 1648 1835; x_wconf 79' lang='lat' dir='ltr'>contentiosum3</span> <span class='ocrx_word' id='word_1_186' title='bbox 1686 1783 1731 1823; x_wconf 91' lang='lat' dir='ltr'>et</span> <span class='ocrx_word' id='word_1_187' title='bbox 1765 1779 1809 1823; x_wconf 92' lang='lat' dir='ltr'>in</span> <span class='ocrx_word' id='word_1_188' title='bbox 1844 1779 2024 1838; x_wconf 85' lang='lat' dir='ltr'>quibus-</span> 
     </span>
     <span class='ocr_line' id='line_1_22' title="bbox 244 1861 2023 1924; baseline -0.003 -14"><span class='ocrx_word' id='word_1_189' title='bbox 244 1879 441 1924; x_wconf 88' lang='lat' dir='ltr'>cumque</span> <span class='ocrx_word' id='word_1_190' title='bbox 475 1865 656 1909; x_wconf 88' lang='lat' dir='ltr'>casibus</span> <span class='ocrx_word' id='word_1_191' title='bbox 689 1863 907 1918; x_wconf 84' lang='lat' dir='ltr'>occultis,</span> <span class='ocrx_word' id='word_1_192' title='bbox 949 1862 1089 1907; x_wconf 89' lang='lat' dir='ltr'>etiam</span> <span class='ocrx_word' id='word_1_193' title='bbox 1124 1862 1224 1907; x_wconf 77' lang='lat' dir='ltr'>sedi</span> <span class='ocrx_word' id='word_1_194' title='bbox 1259 1862 1545 1920; x_wconf 82' lang='lat' dir='ltr'>Apostolicae</span> <span class='ocrx_word' id='word_1_195' title='bbox 1580 1861 1847 1916; x_wconf 77' lang='lat' dir='ltr'>reservatis,</span> <span class='ocrx_word' id='word_1_196' title='bbox 1884 1862 2023 1906; x_wconf 89' lang='lat' dir='ltr'>delin-</span> 
     </span>
     <span class='ocr_line' id='line_1_23' title="bbox 243 1945 2026 2009; baseline -0.003 -15"><span class='ocrx_word' id='word_1_197' title='bbox 243 1954 437 2009; x_wconf 90' lang='lat' dir='ltr'>quentes</span> <span class='ocrx_word' id='word_1_198' title='bbox 469 1962 783 2008; x_wconf 90' lang='lat' dir='ltr'>quoscumque</span> <span class='ocrx_word' id='word_1_199' title='bbox 816 1946 897 1991; x_wconf 90' lang='lat' dir='ltr'>sibi</span> <span class='ocrx_word' id='word_1_200' title='bbox 923 1947 1126 1991; x_wconf 90' lang='lat' dir='ltr'>subditos</span> <span class='ocrx_word' id='word_1_201' title='bbox 1166 1946 1209 1990; x_wconf 90' lang='lat' dir='ltr'>in</span> <span class='ocrx_word' id='word_1_202' title='bbox 1249 1945 1444 1991; x_wconf 84' lang='lat' dir='ltr'>dioecesi</span> <span class='ocrx_word' id='word_1_203' title='bbox 1482 1960 1559 2003; x_wconf 87' lang='lat' dir='ltr'>per</span> <span class='ocrx_word' id='word_1_204' title='bbox 1591 1959 1637 1990; x_wconf 87' lang='lat' dir='ltr'>Se</span> <span class='ocrx_word' id='word_1_205' title='bbox 1671 1945 1816 2004; x_wconf 87' lang='lat' dir='ltr'>ipsos,</span> <span class='ocrx_word' id='word_1_206' title='bbox 1841 1950 1921 1990; x_wconf 89' lang='lat' dir='ltr'>aut</span> <span class='ocrx_word' id='word_1_207' title='bbox 1963 1945 2026 1989; x_wconf 87' lang='lat' dir='ltr'>vi-</span> 
     </span>
     <span class='ocr_line' id='line_1_24' title="bbox 244 2028 2028 2089; baseline -0.002 -13"><span class='ocrx_word' id='word_1_208' title='bbox 244 2033 419 2078; x_wconf 87' lang='lat' dir='ltr'>carium</span> <span class='ocrx_word' id='word_1_209' title='bbox 461 2031 516 2075; x_wconf 92' lang='lat' dir='ltr'>ad</span> <span class='ocrx_word' id='word_1_210' title='bbox 555 2031 595 2075; x_wconf 91' lang='lat' dir='ltr'>id</span> <span class='ocrx_word' id='word_1_211' title='bbox 630 2029 888 2089; x_wconf 86' lang='lat' dir='ltr'>specialiter</span> <span class='ocrx_word' id='word_1_212' title='bbox 919 2029 1260 2087; x_wconf 89' lang='lat' dir='ltr'>deputandum,</span> <span class='ocrx_word' id='word_1_213' title='bbox 1304 2028 1348 2072; x_wconf 90' lang='lat' dir='ltr'>in</span> <span class='ocrx_word' id='word_1_214' title='bbox 1395 2030 1492 2073; x_wconf 92' lang='lat' dir='ltr'>foro</span> <span class='ocrx_word' id='word_1_215' title='bbox 1535 2028 1845 2073; x_wconf 88' lang='lat' dir='ltr'>conscientiae</span> <span class='ocrx_word' id='word_1_216' title='bbox 1887 2029 2028 2086; x_wconf 83' lang='lat' dir='ltr'>gratis</span> 
     </span>
     <span class='ocr_line' id='line_1_25' title="bbox 243 2111 2027 2171; baseline -0.003 -11"><span class='ocrx_word' id='word_1_217' title='bbox 243 2115 497 2160; x_wconf 72' lang='lat' dir='ltr'>absolvere.</span> <span class='ocrx_word' id='word_1_218' title='bbox 523 2119 645 2158; x_wconf 85' lang='lat' dir='ltr'>Haec</span> <span class='ocrx_word' id='word_1_219' title='bbox 671 2128 779 2158; x_wconf 90' lang='lat' dir='ltr'>vero</span> <span class='ocrx_word' id='word_1_220' title='bbox 803 2117 1003 2170; x_wconf 90' lang='lat' dir='ltr'>potestas</span> <span class='ocrx_word' id='word_1_221' title='bbox 1025 2126 1162 2171; x_wconf 84' lang='lat' dir='ltr'>quam</span> <span class='ocrx_word' id='word_1_222' title='bbox 1189 2111 1508 2156; x_wconf 89' lang='lat' dir='ltr'>Tridentinum</span> <span class='ocrx_word' id='word_1_223' title='bbox 1532 2111 1787 2156; x_wconf 83' lang='lat' dir='ltr'>Concilium</span> <span class='ocrx_word' id='word_1_224' title='bbox 1815 2111 2027 2156; x_wconf 92' lang='lat' dir='ltr'>concedit</span> 
     </span>
     <span class='ocr_line' id='line_1_26' title="bbox 245 2193 2028 2256; baseline -0.002 -15"><span class='ocrx_word' id='word_1_225' title='bbox 245 2197 298 2242; x_wconf 91' lang='lat' dir='ltr'>iis</span> <span class='ocrx_word' id='word_1_226' title='bbox 329 2197 406 2256; x_wconf 91' lang='lat' dir='ltr'>qui</span> <span class='ocrx_word' id='word_1_227' title='bbox 442 2197 685 2255; x_wconf 89' lang='lat' dir='ltr'>episcopali</span> <span class='ocrx_word' id='word_1_228' title='bbox 721 2195 1035 2241; x_wconf 83' lang='lat' dir='ltr'>iurisdictione</span> <span class='ocrx_word' id='word_1_229' title='bbox 1071 2194 1326 2253; x_wconf 87' lang='lat' dir='ltr'>potiuntur,</span> <span class='ocrx_word' id='word_1_230' title='bbox 1362 2195 1520 2238; x_wconf 85' lang='lat' dir='ltr'>exulat</span> <span class='ocrx_word' id='word_1_231' title='bbox 1554 2193 1599 2238; x_wconf 92' lang='lat' dir='ltr'>in</span> <span class='ocrx_word' id='word_1_232' title='bbox 1634 2193 1745 2239; x_wconf 91' lang='lat' dir='ltr'>locis</span> <span class='ocrx_word' id='word_1_233' title='bbox 1779 2193 1823 2237; x_wconf 93' lang='lat' dir='ltr'>in</span> <span class='ocrx_word' id='word_1_234' title='bbox 1863 2194 2028 2253; x_wconf 88' lang='lat' dir='ltr'>quibus</span> 
     </span>
     <span class='ocr_line' id='line_1_27' title="bbox 243 2277 2026 2338; baseline -0.003 -12"><span class='ocrx_word' id='word_1_235' title='bbox 243 2280 496 2327; x_wconf 90' lang='lat' dir='ltr'>Concilium</span> <span class='ocrx_word' id='word_1_236' title='bbox 523 2280 670 2338; x_wconf 90' lang='lat' dir='ltr'>ipsum</span> <span class='ocrx_word' id='word_1_237' title='bbox 696 2293 948 2338; x_wconf 87' lang='lat' dir='ltr'>numquam</span> <span class='ocrx_word' id='word_1_238' title='bbox 974 2278 1061 2322; x_wconf 91' lang='lat' dir='ltr'>fuit</span> <span class='ocrx_word' id='word_1_239' title='bbox 1085 2283 1338 2335; x_wconf 87' lang='lat' dir='ltr'>receptum,</span> <span class='ocrx_word' id='word_1_240' title='bbox 1363 2277 1588 2336; x_wconf 86' lang='lat' dir='ltr'>siquidem</span> <span class='ocrx_word' id='word_1_241' title='bbox 1613 2291 1806 2321; x_wconf 88' lang='lat' dir='ltr'>onerum</span> <span class='ocrx_word' id='word_1_242' title='bbox 1831 2281 1877 2320; x_wconf 89' lang='lat' dir='ltr'>et</span> <span class='ocrx_word' id='word_1_243' title='bbox 1902 2277 2026 2321; x_wconf 88' lang='lat' dir='ltr'>favo·</span> 
     </span>
     <span class='ocr_line' id='line_1_28' title="bbox 245 2360 2025 2422; baseline -0.002 -14"><span class='ocrx_word' id='word_1_244' title='bbox 245 2379 346 2408; x_wconf 89' lang='lat' dir='ltr'>rum</span> <span class='ocrx_word' id='word_1_245' title='bbox 372 2378 452 2422; x_wconf 88' lang='lat' dir='ltr'>par</span> <span class='ocrx_word' id='word_1_246' title='bbox 474 2367 543 2407; x_wconf 88' lang='lat' dir='ltr'>est</span> <span class='ocrx_word' id='word_1_247' title='bbox 577 2363 707 2407; x_wconf 89' lang='lat' dir='ltr'>ratio.</span> <span class='ocrx_word' id='word_1_248' title='bbox 747 2366 846 2407; x_wconf 89' lang='lat' dir='ltr'>Non</span> <span class='ocrx_word' id='word_1_249' title='bbox 873 2362 983 2406; x_wconf 89' lang='lat' dir='ltr'>item</span> <span class='ocrx_word' id='word_1_250' title='bbox 1019 2361 1092 2405; x_wconf 91' lang='lat' dir='ltr'>ubi</span> <span class='ocrx_word' id='word_1_251' title='bbox 1121 2360 1242 2419; x_wconf 88' lang='lat' dir='ltr'>prius</span> <span class='ocrx_word' id='word_1_252' title='bbox 1277 2366 1528 2418; x_wconf 89' lang='lat' dir='ltr'>receptum,</span> <span class='ocrx_word' id='word_1_253' title='bbox 1557 2364 1710 2417; x_wconf 87' lang='lat' dir='ltr'>postea</span> <span class='ocrx_word' id='word_1_254' title='bbox 1735 2360 2025 2418; x_wconf 87' lang='lat' dir='ltr'>repudiatum</span> 
     </span>
    </p>
   </div>
   <div class='ocr_carea' id='block_1_4' title="bbox 243 2601 2028 3074">
    <p class='ocr_par' dir='ltr' id='par_1_4' title="bbox 365 2601 884 2645">
     <span class='ocr_line' id='line_1_29' title="bbox 365 2601 884 2645; baseline 0.002 -7"><span class='ocrx_word' id='word_1_255' title='bbox 365 2604 372 2622; x_wconf 87' lang='lat'><strong>¹</strong></span> <span class='ocrx_word' id='word_1_256' title='bbox 403 2603 537 2640; x_wconf 86' lang='lat' dir='ltr'>Bened.</span> <span class='ocrx_word' id='word_1_257' title='bbox 566 2602 663 2645; x_wconf 85' lang='lat' dir='ltr'>XIV,</span> <span class='ocrx_word' id='word_1_258' title='bbox 690 2602 801 2638; x_wconf 81' lang='lat' dir='ltr'>Nolis.</span> <span class='ocrx_word' id='word_1_259' title='bbox 828 2601 884 2639; x_wconf 88' lang='lat'>86.</span> 
     </span>
    </p>

    <p class='ocr_par' dir='ltr' id='par_1_5' title="bbox 363 2671 1360 2720">
     <span class='ocr_line' id='line_1_30' title="bbox 363 2671 1360 2720; baseline -0.004 -9"><span class='ocrx_word' id='word_1_260' title='bbox 363 2674 375 2692; x_wconf 75' lang='lat'>²</span> <span class='ocrx_word' id='word_1_261' title='bbox 403 2675 488 2720; x_wconf 89' lang='lat' dir='ltr'>Cap.</span> <span class='ocrx_word' id='word_1_262' title='bbox 518 2674 572 2715; x_wconf 82' lang='lat'>15,</span> <span class='ocrx_word' id='word_1_263' title='bbox 600 2674 696 2710; x_wconf 88' lang='lat' dir='ltr'>Sess.</span> <span class='ocrx_word' id='word_1_264' title='bbox 725 2673 811 2709; x_wconf 83' lang='lat' dir='ltr'>XIII</span> <span class='ocrx_word' id='word_1_265' title='bbox 839 2673 882 2709; x_wconf 89' lang='lat' dir='ltr'>de</span> <span class='ocrx_word' id='word_1_266' title='bbox 911 2672 1070 2709; x_wconf 81' lang='lat' dir='ltr'>Reform.</span> <span class='ocrx_word' id='word_1_267' title='bbox 1096 2671 1235 2708; x_wconf 89' lang='lat' dir='ltr'>Concil.</span> <span class='ocrx_word' id='word_1_268' title='bbox 1263 2672 1360 2708; x_wconf 85' lang='lat' dir='ltr'>Trid.</span> 
     </span>
    </p>

    <p class='ocr_par' dir='ltr' id='par_1_6' title="bbox 243 2741 2028 2860">
     <span class='ocr_line' id='line_1_31' title="bbox 365 2741 2028 2788; baseline -0.004 -5"><span class='ocrx_word' id='word_1_269' title='bbox 365 2747 377 2766; x_wconf 83' lang='lat'>³</span> <span class='ocrx_word' id='word_1_270' title='bbox 405 2747 438 2783; x_wconf 87' lang='lat' dir='ltr'>S.</span> <span class='ocrx_word' id='word_1_271' title='bbox 467 2746 503 2782; x_wconf 89' lang='lat' dir='ltr'>C.</span> <span class='ocrx_word' id='word_1_272' title='bbox 531 2746 605 2782; x_wconf 85' lang='lat' dir='ltr'>EE.</span> <span class='ocrx_word' id='word_1_273' title='bbox 632 2746 703 2782; x_wconf 71' lang='grc' dir='ltr'>ΒΗ.</span> <span class='ocrx_word' id='word_1_274' title='bbox 731 2744 778 2781; x_wconf 75' lang='lat'>20</span> <span class='ocrx_word' id='word_1_275' title='bbox 803 2745 893 2780; x_wconf 91' lang='lat' dir='ltr'>Nov.</span> <span class='ocrx_word' id='word_1_276' title='bbox 924 2743 1014 2780; x_wconf 80' lang='lat'>1602</span> <span class='ocrx_word' id='word_1_277' title='bbox 1042 2743 1183 2779; x_wconf 78' lang='lat' dir='ltr'>monuit</span> <span class='ocrx_word' id='word_1_278' title='bbox 1209 2743 1421 2788; x_wconf 86' lang='lat' dir='ltr'>Epipcopos</span> <span class='ocrx_word' id='word_1_279' title='bbox 1458 2747 1498 2778; x_wconf 84' lang='lat' dir='ltr'>ut</span> <span class='ocrx_word' id='word_1_280' title='bbox 1527 2751 1566 2777; x_wconf 87' lang='lat' dir='ltr'>se</span> <span class='ocrx_word' id='word_1_281' title='bbox 1592 2741 1802 2778; x_wconf 82' lang='lat' dir='ltr'>abstineant</span> <span class='ocrx_word' id='word_1_282' title='bbox 1829 2751 1850 2777; x_wconf 86' lang='lat' dir='ltr'>a</span> <span class='ocrx_word' id='word_1_283' title='bbox 1878 2741 1949 2777; x_wconf 90' lang='lat' dir='ltr'>sibi</span> <span class='ocrx_word' id='word_1_284' title='bbox 1976 2751 2028 2776; x_wconf 85' lang='lat' dir='ltr'>re-</span> 
     </span>
     <span class='ocr_line' id='line_1_32' title="bbox 243 2814 1386 2860; baseline -0.005 -5"><span class='ocrx_word' id='word_1_285' title='bbox 243 2818 434 2856; x_wconf 87' lang='lat' dir='ltr'>servandis</span> <span class='ocrx_word' id='word_1_286' title='bbox 462 2817 610 2854; x_wconf 84' lang='lat' dir='ltr'>casibus</span> <span class='ocrx_word' id='word_1_287' title='bbox 639 2826 737 2853; x_wconf 79' lang='lat' dir='ltr'>mei-e</span> <span class='ocrx_word' id='word_1_288' title='bbox 766 2816 921 2851; x_wconf 82' lang='lat' dir='ltr'>internis</span> <span class='ocrx_word' id='word_1_289' title='bbox 948 2815 1005 2851; x_wconf 90' lang='lat' dir='ltr'>vel</span> <span class='ocrx_word' id='word_1_290' title='bbox 1033 2816 1156 2860; x_wconf 86' lang='lat' dir='ltr'>Papae</span> <span class='ocrx_word' id='word_1_291' title='bbox 1179 2814 1386 2850; x_wconf 85' lang='lat' dir='ltr'>reservatis.</span> 
     </span>
    </p>

    <p class='ocr_par' dir='ltr' id='par_1_7' title="bbox 362 2886 1005 2931">
     <span class='ocr_line' id='line_1_33' title="bbox 362 2886 1005 2931; baseline -0.005 -7"><span class='ocrx_word' id='word_1_292' title='bbox 362 2888 375 2907; x_wconf 62' lang='lat'><strong><em>⁸</em></strong></span> <span class='ocrx_word' id='word_1_293' title='bbox 402 2888 563 2924; x_wconf 81' lang='lat' dir='ltr'>Trident.</span> <span class='ocrx_word' id='word_1_294' title='bbox 590 2888 687 2924; x_wconf 86' lang='lat' dir='ltr'>Sess.</span> <span class='ocrx_word' id='word_1_295' title='bbox 715 2886 812 2929; x_wconf 90' lang='lat' dir='ltr'>XIV,</span> <span class='ocrx_word' id='word_1_296' title='bbox 840 2896 919 2931; x_wconf 84' lang='lat' dir='ltr'>cap.</span> <span class='ocrx_word' id='word_1_297' title='bbox 949 2886 1005 2922; x_wconf 84' lang='lat'>11.</span> 
     </span>
    </p>

    <p class='ocr_par' dir='ltr' id='par_1_8' title="bbox 362 2955 1458 3004">
     <span class='ocr_line' id='line_1_34' title="bbox 362 2955 1458 3004; baseline -0.004 -8"><span class='ocrx_word' id='word_1_298' title='bbox 362 2960 374 2979; x_wconf 75' lang='lat'><strong>⁸</strong></span> <span class='ocrx_word' id='word_1_299' title='bbox 399 2959 533 2997; x_wconf 87' lang='lat' dir='ltr'>Bened.</span> <span class='ocrx_word' id='word_1_300' title='bbox 562 2958 660 2995; x_wconf 87' lang='lat' dir='ltr'>XIV.</span> <span class='ocrx_word' id='word_1_301' title='bbox 688 2958 740 2994; x_wconf 85' lang='lat' dir='ltr'>De</span> <span class='ocrx_word' id='word_1_302' title='bbox 767 2958 908 3004; x_wconf 71' lang='lat' dir='ltr'>synodo</span> <span class='ocrx_word' id='word_1_303' title='bbox 935 2958 1043 2994; x_wconf 82' lang='lat' dir='ltr'>dioec.</span> <span class='ocrx_word' id='word_1_304' title='bbox 1069 2956 1092 2992; x_wconf 86' lang='lat' dir='ltr'>l.</span> <span class='ocrx_word' id='word_1_305' title='bbox 1118 2955 1162 3001; x_wconf 92' lang='lat' dir='ltr'>V,</span> <span class='ocrx_word' id='word_1_306' title='bbox 1190 2956 1275 3002; x_wconf 84' lang='lat' dir='ltr'>Cap.</span> <span class='ocrx_word' id='word_1_307' title='bbox 1302 2956 1335 3000; x_wconf 74' lang='lat'>4,</span> <span class='ocrx_word' id='word_1_308' title='bbox 1362 2966 1396 2992; x_wconf 92' lang='lat' dir='ltr'>n.</span> <span class='ocrx_word' id='word_1_309' title='bbox 1424 2955 1458 2992; x_wconf 83' lang='lat'>4.</span> 
     </span>
    </p>

    <p class='ocr_par' dir='ltr' id='par_1_9' title="bbox 361 3028 904 3074">
     <span class='ocr_line' id='line_1_35' title="bbox 361 3028 904 3074; baseline -0.004 -7"><span class='ocrx_word' id='word_1_310' title='bbox 361 3030 375 3051; x_wconf 81' lang='lat'><strong>⁶</strong></span> <span class='ocrx_word' id='word_1_311' title='bbox 400 3030 537 3067; x_wconf 89' lang='lat' dir='ltr'>Bened.</span> <span class='ocrx_word' id='word_1_312' title='bbox 565 3029 663 3074; x_wconf 90' lang='lat' dir='ltr'>XIV,</span> <span class='ocrx_word' id='word_1_313' title='bbox 690 3029 712 3066; x_wconf 94' lang='grc' dir='ltr'>Ι.</span> <span class='ocrx_word' id='word_1_314' title='bbox 739 3039 782 3071; x_wconf 87' lang='lat' dir='ltr'>c.,</span> <span class='ocrx_word' id='word_1_315' title='bbox 809 3039 844 3065; x_wconf 91' lang='lat' dir='ltr'>n.</span> <span class='ocrx_word' id='word_1_316' title='bbox 871 3028 904 3065; x_wconf 82' lang='lat'>3.</span> 
     </span>
    </p>
   </div>
   <div class='ocr_carea' id='block_1_5' title="bbox 2087 2929 2176 3386">
    <p class='ocr_par' dir='ltr' id='par_1_10' title="bbox 2087 2929 2176 3386">
     <span class='ocr_line' id='line_1_36' title="bbox 2087 2929 2176 3386; baseline 0 0"><span class='ocrx_word' id='word_1_317' title='bbox 2087 2929 2176 3386; x_wconf 95' lang='lat' dir='ltr'> </span> 
     </span>
    </p>
   </div>
  </div>
 </body>
</html>
