2176 3386
211 141 289 182 130
426 191 429 194 Ι
852 152 962 182 PARS
990 153 1015 181 1.
1045 153 1102 182 DE
1130 152 1341 182 Pl-:nsoms

917 348 1149 378 AnTlcuLus
1184 349 1270 378 vul.

525 442 588 484 De
622 441 778 498 leyam
810 441 1230 485 ecclesiasticarum
1263 442 1665 498 interpretatione.

332 559 428 622 121.
466 558 579 603 Iuris
611 559 822 603 canonici
855 560 1051 603 seientia
1083 559 1140 603 ab
1173 557 1482 603 ecclesiastica
1508 559 1883 616 iarisprudentia
1917 564 1986 605 est

208 642 324 686 bene
365 641 703 699 distinguenda.
749 640 980 700 Siquidem
1024 641 1135 686 iuris
1182 640 1394 686 canonici
1434 643 1630 688 scientia
1668 648 1731 687 est
1774 661 1794 682 a
1831 643 1985 701 quam

207 723 624 768 ecclesiasticarum
664 725 879 780 monitio,
921 723 1302 780 iarisprudentia
1345 736 1453 767 vero
1494 729 1558 768 est
1601 742 1620 764 u
1647 724 1854 781 facultas
1892 727 1986 770 sive

205 805 388 851 habitus
419 806 747 850 ecclesiasticas
779 807 899 862 teyes
933 808 1294 863 interpretandi,
1330 819 1497 865 easque
1529 809 1617 852 rite
1648 808 1712 853 ad
1737 822 1984 853 oecurren-

207 895 269 933 tes
300 902 434 934 casas
466 890 745 947 applieanai
769 908 806 933 n.
847 889 1045 945 Etenim,
1091 894 1140 934 ut
1173 890 1237 934 ait
1276 890 1492 947 Zanein
1518 891 1550 947 ¹,
1591 905 1697 936 cum
1741 893 1861 950 leges
1893 891 1985 936 sint

207 973 440 1029 generales
474 972 534 1016 im
544 972 752 1031 possibile
785 978 855 1017 est
886 974 1031 1030 legem
1057 975 1175 1018 ferre
1199 973 1260 1018 ita
1279 974 1449 1019 claram
1473 979 1525 1019 ut
1546 974 1602 1019 ad
1625 975 1825 1032 singulos
1852 987 1984 1020 casus

206 1060 501 1100 occurrentes
518 1055 734 1113 applicari
760 1057 912 1100 valeat
935 1057 967 1101 ².
997 1057 1171 1114 Duplex
1194 1061 1263 1101 est
1285 1056 1810 1116 parsiurisprudentiae:
1838 1057 1983 1116 prima

206 1139 325 1195 leyes
356 1141 724 1196 interpretatur,-
759 1140 902 1184 altera
936 1140 1055 1198 leyes
1087 1140 1309 1197 applicat.
1361 1139 1487 1186 Circa
1521 1141 1671 1198 legum
1712 1141 1983 1198 applicatio-

207 1235 312 1265 nem
348 1223 527 1279 regulae
560 1222 677 1267 tradi
712 1227 962 1281 nequeunt.
1003 1227 1169 1281 Legum
1203 1223 1328 1268 enim
1382 1222 1641 1281 applicatio,
1676 1237 1792 1283 quae
1830 1225 1981 1281 legum

205 1305 421 1348 obiectiva
455 1307 780 1363 interpretatio
814 1306 970 1350 vocari
1006 1310 1171 1362 posset,
1207 1320 1232 1351 a
1266 1319 1456 1351 casuum
1490 1305 1756 1351 diversitate
1796 1307 1977 1365 pendet.

205 1387 343 1432 Nobis
377 1387 516 1446 igitur
548 1392 617 1433 est
649 1389 877 1446 agendum
913 1389 967 1433 de
1002 1390 1151 1448 legum
1186 1392 1575 1447 interpretatione
1604 1392 1796 1447 proprie
1838 1391 1979 1444 dieta,

204 1483 283 1515 seu
316 1470 370 1515 de
404 1474 790 1528 interpretatione
825 1473 1088 1528 sztbiectiva‚
1125 1473 1179 1517 de
1211 1486 1299 1532 qua
1347 1472 1593 1531 praemissa
1635 1472 1903 1517 definitione
1936 1476 1983 1517 et

204 1552 431 1598 divisione
465 1555 642 1613 regulas
674 1554 1070 1613 interpretationis
1091 1556 1380 1611 exhibemus,
1410 1560 1506 1600 tum
1530 1555 1740 1613 generice
1762 1560 1862 1599 tum
1885 1569 1982 1614 spe-

207 1636 335 1682 cifice
369 1652 533 1696 nempe
568 1639 708 1683 relate
743 1639 798 1683 ad
833 1639 1077 1684 nonnullas
1111 1640 1245 1697 leges.

371 1765 389 1809 ξ
416 1765 447 1799 1.
476 1783 517 1788 -
547 1764 605 1799 De
632 1765 763 1809 Ieyum
791 1763 1150 1799 ecclesiasticarwn
1179 1763 1508 1810 interpretatione
1535 1763 1573 1799 in
1602 1763 1816 1799 conununi.

324 1862 579 1907 Videndum
614 1868 682 1907 est
725 1866 771 1920 a)
805 1863 912 1922 quid
945 1862 1005 1908 sit
1037 1868 1084 1908 et
1114 1863 1342 1922 quomodo
1375 1862 1696 1921 interpretatio
1728 1862 1978 1918 dividatur,

203 1949 250 1989 et
281 1944 384 1989 dein
419 1946 458 2000 b)
494 1959 722 2004 quaenam
756 1946 848 1991 sint
897 1946 1168 2005 praecipuae
1218 1946 1398 2004 regulae
1445 1945 1711 1991 doctrinalis
1758 1945 1978 2004 interpre—

202 2027 408 2072 tationis.

532 2158 568 2197 a)
597 2174 639 2178 —
665 2154 724 2189 De
752 2154 1092 2200 interpretationis
1118 2154 1348 2200 delinitione
1375 2156 1409 2189 et
1447 2153 1651 2189 divisione.

326 2256 422 2300 172.
462 2256 783 2313 interpretatio
817 2255 926 2313 legis
958 2253 1136 2299 definiri
1172 2259 1320 2312 potest
1370 2274 1389 2295 a
1417 2255 1670 2299 voluntatis
1710 2252 1981 2312 legislatoris

204 2339 250 2383 in
284 2353 332 2383 re
350 2318 555 2384 obscura
589 2339 782 2396 diligens
815 2339 1110 2397 iiixestigatio
1135 2358 1154 2379 n
1182 2339 1195 2362 ²
1234 2338 1304 2383 vel
1341 2358 1360 2378 ιι
1381 2337 1574 2383 alicuius
1607 2337 1716 2396 legis
1756 2337 1974 2382 obscurae

203 2422 277 2467 vel
299 2422 539 2480 ambiguae
562 2422 826 2480 explanatio
849 2441 866 2461 n
893 2423 919 2467 ².
950 2422 1270 2481 Interpretatio
1293 2421 1534 2480 tripliciter
1549 2426 1620 2466 est
1636 2421 1975 2478 distinguenda:

201 2505 289 2550 alia
323 2519 488 2563 nempe
521 2510 590 2550 est
623 2505 910 2562 authentica,
946 2506 1034 2551 alia
1066 2506 1249 2551 usualis
1270 2511 1316 2550 et
1338 2505 1425 2550 alia
1448 2505 1737 2550 doctrinalis.
1776 2504 1980 2549 Authen·

201 2589 292 2634 tica
327 2595 396 2634 est
431 2609 450 2629 a
474 2602 593 2648 quae
624 2589 675 2647 fit
708 2603 737 2633 a
772 2590 1034 2646 leyislotore
1066 2603 1160 2648 qua
1194 2590 1293 2644 tati,
1328 2589 1398 2633 vel
1420 2589 1478 2634 ab
1499 2590 1597 2633 eius
1617 2600 1884 2641 successore,
1908 2587 1979 2631 vet

199 2675 439 2731 superiore
459 2691 498 2716 n.
538 2672 713 2717 Dicitur
734 2673 874 2717 etiam
898 2672 1216 2730 interpretatio
1239 2672 1502 2730 legislativa
1525 2685 1631 2716 cum
1657 2670 1751 2716 vim
1771 2670 1880 2728 legis
1902 2670 1979 2715 ha-

323 2804 331 2822 ¹
360 2804 520 2850 Princip.
548 2805 615 2841 iur.
642 2803 733 2841 eccl.
760 2807 782 2839 t.
812 2803 846 2846 1,
869 2814 903 2850 q.
930 2803 963 2846 2,
981 2814 1013 2840 c.
1042 2803 1073 2839 5.

322 2876 334 2894 ²
359 2875 398 2911 L.
420 2875 473 2920 10,
503 2875 557 2918 12,
585 2875 622 2911 h.
644 2880 665 2911 ι.
692 2875 741 2912 Cf.
762 2876 802 2911 D.
823 2875 889 2911 Th.
913 2876 943 2918 1,
969 2874 1002 2918 2,
1021 2885 1055 2921 q.
1075 2875 1131 2919 96,
1151 2875 1184 2911 6.

321 2946 333 2966 ³
360 2947 411 2984 ct.
437 2948 478 2984 D.
506 2947 571 2984 Th.
598 2946 631 2991 2,
658 2946 691 2992 2,
720 2946 797 2989 120,
827 2947 858 2989 1,
883 2946 931 2983 ad
956 2946 989 2982 5.

322 3019 336 3038 ⁸
363 3019 487 3056 Clean.
513 3018 534 3055 Ι.
558 3018 576 3054 1
604 3018 648 3055 de
674 3018 748 3055 div.

2164 1784 2176 1846 tvm·
2162 1572 2176 1773 κη’-ι*
2165 1465 2176 1552 ‘-
2164 1091 2176 1450 ——fi—d-——na-
2159 1061 2176 1079 A
2173 1030 2176 1034 .
