<?xml version="1.0" encoding="UTF-8"?>
<!DOCTYPE html PUBLIC "-//W3C//DTD XHTML 1.0 Transitional//EN"
    "http://www.w3.org/TR/xhtml1/DTD/xhtml1-transitional.dtd">
<html xmlns="http://www.w3.org/1999/xhtml" xml:lang="en" lang="en">
 <head>
  <title>
</title>
<meta http-equiv="Content-Type" content="text/html;charset=utf-8" />
  <meta name='ocr-system' content='tesseract 3.04.00' />
  <meta name='ocr-capabilities' content='ocr_page ocr_carea ocr_par ocr_line ocrx_word'/>
</head>
<body>
  <div class='ocr_page' id='page_1' title='image "apparatus00ziteuoft_0194.png"; bbox 0 0 2176 3386; ppageno 0'>
   <div class='ocr_carea' id='block_1_1' title="bbox 283 220 1422 259">
    <p class='ocr_par' dir='ltr' id='par_1_1' title="bbox 283 220 1422 259">
     <span class='ocr_line' id='line_1_1' title="bbox 283 220 1422 259; baseline -0.003 0"><span class='ocrx_word' id='word_1_1' title='bbox 283 220 360 259; x_wconf 89' lang='lat'>182</span> <span class='ocrx_word' id='word_1_2' title='bbox 931 228 1042 258; x_wconf 83' lang='lat' dir='ltr'>PARS</span> <span class='ocrx_word' id='word_1_3' title='bbox 1070 230 1094 257; x_wconf 89' lang='lat'>1.</span> <span class='ocrx_word' id='word_1_4' title='bbox 1125 229 1181 257; x_wconf 84' lang='lat' dir='ltr'>DE</span> <span class='ocrx_word' id='word_1_5' title='bbox 1210 228 1422 257; x_wconf 77' lang='lat' dir='ltr'>PERsoms</span> 
     </span>
    </p>
   </div>
   <div class='ocr_carea' id='block_1_2' title="bbox 1008 459 1333 489">
    <p class='ocr_par' dir='ltr' id='par_1_2' title="bbox 1008 459 1333 489">
     <span class='ocr_line' id='line_1_2' title="bbox 1008 459 1333 489; baseline 0.003 -1"><span class='ocrx_word' id='word_1_6' title='bbox 1008 459 1240 489; x_wconf 73' lang='lat' dir='ltr'>AR&#39;HCULUS</span> <span class='ocrx_word' id='word_1_7' title='bbox 1273 460 1333 489; x_wconf 86' lang='lat'>111.</span> 
     </span>
    </p>
   </div>
   <div class='ocr_carea' id='block_1_3' title="bbox 843 580 1500 637">
    <p class='ocr_par' dir='ltr' id='par_1_3' title="bbox 843 580 1500 637">
     <span class='ocr_line' id='line_1_3' title="bbox 843 580 1500 637; baseline -0.002 -12"><span class='ocrx_word' id='word_1_8' title='bbox 843 585 903 625; x_wconf 85' lang='lat' dir='ltr'>De</span> <span class='ocrx_word' id='word_1_9' title='bbox 939 580 1194 637; x_wconf 76' lang='lat' dir='ltr'><em>Praefectis</em></span> <span class='ocrx_word' id='word_1_10' title='bbox 1226 581 1500 637; x_wconf 77' lang='lat' dir='ltr'>apostolicis.</span> 
     </span>
    </p>
   </div>
   <div class='ocr_carea' id='block_1_4' title="bbox 275 736 2062 3134">
    <p class='ocr_par' dir='ltr' id='par_1_4' title="bbox 281 736 2062 1136">
     <span class='ocr_line' id='line_1_4' title="bbox 402 736 2062 806; baseline 0 -14"><span class='ocrx_word' id='word_1_11' title='bbox 402 749 503 792; x_wconf 70' lang='lat'>241.</span> <span class='ocrx_word' id='word_1_12' title='bbox 556 747 811 805; x_wconf 80' lang='lat' dir='ltr'>Apostolica</span> <span class='ocrx_word' id='word_1_13' title='bbox 861 745 995 790; x_wconf 82' lang='lat' dir='ltr'>Sedes</span> <span class='ocrx_word' id='word_1_14' title='bbox 1037 744 1263 802; x_wconf 86' lang='lat' dir='ltr'>evangelii</span> <span class='ocrx_word' id='word_1_15' title='bbox 1315 759 1563 803; x_wconf 78' lang='lat' dir='ltr'>praecones</span> <span class='ocrx_word' id='word_1_16' title='bbox 1604 747 1648 790; x_wconf 93' lang='lat' dir='ltr'>in</span> <span class='ocrx_word' id='word_1_17' title='bbox 1693 736 1892 806; x_wconf 89' lang='lat' dir='ltr'>aliquam</span> <span class='ocrx_word' id='word_1_18' title='bbox 1943 747 2062 792; x_wconf 91' lang='lat' dir='ltr'>orbis</span> 
     </span>
     <span class='ocr_line' id='line_1_5' title="bbox 282 828 2061 890; baseline -0.001 -13"><span class='ocrx_word' id='word_1_19' title='bbox 282 834 513 890; x_wconf 83' lang='lat' dir='ltr'>regionem</span> <span class='ocrx_word' id='word_1_20' title='bbox 553 831 756 884; x_wconf 88' lang='lat' dir='ltr'>mittens,</span> <span class='ocrx_word' id='word_1_21' title='bbox 792 843 950 874; x_wconf 78' lang='lat' dir='ltr'>eorum</span> <span class='ocrx_word' id='word_1_22' title='bbox 985 842 1130 872; x_wconf 88' lang='lat' dir='ltr'>unum</span> <span class='ocrx_word' id='word_1_23' title='bbox 1154 828 1319 872; x_wconf 87' lang='lat' dir='ltr'>ceteris</span> <span class='ocrx_word' id='word_1_24' title='bbox 1353 828 1598 886; x_wconf 87' lang='lat' dir='ltr'>praeficere</span> <span class='ocrx_word' id='word_1_25' title='bbox 1621 831 1866 875; x_wconf 89' lang='lat' dir='ltr'>consuevit</span> <span class='ocrx_word' id='word_1_26' title='bbox 1893 831 2061 875; x_wconf 88' lang='lat' dir='ltr'>eidem-</span> 
     </span>
     <span class='ocr_line' id='line_1_6' title="bbox 281 911 2061 975; baseline -0.001 -16"><span class='ocrx_word' id='word_1_27' title='bbox 281 930 368 975; x_wconf 88' lang='lat' dir='ltr'>que</span> <span class='ocrx_word' id='word_1_28' title='bbox 402 920 681 973; x_wconf 86' lang='lat' dir='ltr'>opportunas</span> <span class='ocrx_word' id='word_1_29' title='bbox 714 913 955 957; x_wconf 79' lang='lat' dir='ltr'>facultates</span> <span class='ocrx_word' id='word_1_30' title='bbox 988 911 1238 956; x_wconf 78' lang='lat' dir='ltr'>concedere</span> <span class='ocrx_word' id='word_1_31' title='bbox 1262 925 1366 956; x_wconf 93' lang='lat' dir='ltr'>cum</span> <span class='ocrx_word' id='word_1_32' title='bbox 1391 912 1702 957; x_wconf 86' lang='lat' dir='ltr'>sacerdotibus</span> <span class='ocrx_word' id='word_1_33' title='bbox 1735 914 1816 957; x_wconf 92' lang='lat' dir='ltr'>sibi</span> <span class='ocrx_word' id='word_1_34' title='bbox 1846 913 2061 958; x_wconf 89' lang='lat' dir='ltr'>subiectis</span> 
     </span>
     <span class='ocr_line' id='line_1_7' title="bbox 285 993 2059 1055; baseline 0.001 -16"><span class='ocrx_word' id='word_1_35' title='bbox 285 1011 361 1055; x_wconf 85' lang='lat' dir='ltr'>pro</span> <span class='ocrx_word' id='word_1_36' title='bbox 404 1011 483 1041; x_wconf 90' lang='lat' dir='ltr'>suo</span> <span class='ocrx_word' id='word_1_37' title='bbox 517 996 704 1039; x_wconf 85' lang='lat' dir='ltr'>arbitrio</span> <span class='ocrx_word' id='word_1_38' title='bbox 738 1000 783 1039; x_wconf 92' lang='lat' dir='ltr'>et</span> <span class='ocrx_word' id='word_1_39' title='bbox 817 1008 895 1052; x_wconf 90' lang='lat' dir='ltr'>pro</span> <span class='ocrx_word' id='word_1_40' title='bbox 933 993 994 1037; x_wconf 87' lang='lat' dir='ltr'>rei</span> <span class='ocrx_word' id='word_1_41' title='bbox 1030 993 1302 1038; x_wconf 81' lang='lat' dir='ltr'>necessitate</span> <span class='ocrx_word' id='word_1_42' title='bbox 1353 993 1789 1049; x_wconf 84' lang='lat' dir='ltr'>communicandas,</span> <span class='ocrx_word' id='word_1_43' title='bbox 1825 1009 1914 1054; x_wconf 92' lang='lat' dir='ltr'>quo</span> <span class='ocrx_word' id='word_1_44' title='bbox 1956 996 2059 1040; x_wconf 89' lang='lat' dir='ltr'>mis-</span> 
     </span>
     <span class='ocr_line' id='line_1_8' title="bbox 281 1077 1059 1136; baseline -0.006 -12"><span class='ocrx_word' id='word_1_45' title='bbox 281 1079 422 1124; x_wconf 84' lang='lat' dir='ltr'>sionis</span> <span class='ocrx_word' id='word_1_46' title='bbox 456 1077 742 1136; x_wconf 74' lang='lat' dir='ltr'>prosperitati</span> <span class='ocrx_word' id='word_1_47' title='bbox 776 1078 1059 1121; x_wconf 87' lang='lat' dir='ltr'>consulatur.</span> 
     </span>
    </p>

    <p class='ocr_par' dir='ltr' id='par_1_5' title="bbox 280 1160 2062 1384">
     <span class='ocr_line' id='line_1_9' title="bbox 402 1160 2061 1219; baseline -0.001 -14"><span class='ocrx_word' id='word_1_48' title='bbox 402 1166 536 1206; x_wconf 87' lang='lat' dir='ltr'>Porro</span> <span class='ocrx_word' id='word_1_49' title='bbox 572 1161 810 1206; x_wconf 88' lang='lat' dir='ltr'>missiones</span> <span class='ocrx_word' id='word_1_50' title='bbox 851 1161 991 1215; x_wconf 90' lang='lat' dir='ltr'>istae,</span> <span class='ocrx_word' id='word_1_51' title='bbox 1028 1160 1304 1216; x_wconf 75' lang='lat' dir='ltr'>apostolicae</span> <span class='ocrx_word' id='word_1_52' title='bbox 1342 1160 1593 1217; x_wconf 83' lang='lat' dir='ltr'>appellatae</span> <span class='ocrx_word' id='word_1_53' title='bbox 1633 1165 1770 1216; x_wconf 88' lang='lat' dir='ltr'>sunt,</span> <span class='ocrx_word' id='word_1_54' title='bbox 1806 1161 1974 1219; x_wconf 91' lang='lat' dir='ltr'>quique</span> <span class='ocrx_word' id='word_1_55' title='bbox 2007 1160 2061 1205; x_wconf 90' lang='lat' dir='ltr'>iis</span> 
     </span>
     <span class='ocr_line' id='line_1_10' title="bbox 283 1242 2062 1304; baseline -0.001 -15"><span class='ocrx_word' id='word_1_56' title='bbox 283 1246 566 1304; x_wconf 83' lang='lat' dir='ltr'>praesidebat</span> <span class='ocrx_word' id='word_1_57' title='bbox 601 1244 861 1287; x_wconf 86' lang='lat' dir='ltr'>Praefectus</span> <span class='ocrx_word' id='word_1_58' title='bbox 894 1242 1168 1300; x_wconf 88' lang='lat' dir='ltr'>apostolicae</span> <span class='ocrx_word' id='word_1_59' title='bbox 1204 1242 1432 1286; x_wconf 85' lang='lat' dir='ltr'>missionis</span> <span class='ocrx_word' id='word_1_60' title='bbox 1471 1242 1620 1286; x_wconf 92' lang='lat' dir='ltr'>dictus</span> <span class='ocrx_word' id='word_1_61' title='bbox 1653 1247 1749 1297; x_wconf 89' lang='lat' dir='ltr'>est,</span> <span class='ocrx_word' id='word_1_62' title='bbox 1786 1243 1860 1301; x_wconf 92' lang='lat' dir='ltr'>qui</span> <span class='ocrx_word' id='word_1_63' title='bbox 1898 1243 2062 1301; x_wconf 87' lang='lat' dir='ltr'>paulla-</span> 
     </span>
     <span class='ocr_line' id='line_1_11' title="bbox 280 1324 1931 1384; baseline -0.001 -12"><span class='ocrx_word' id='word_1_64' title='bbox 280 1329 362 1372; x_wconf 81' lang='lat' dir='ltr'>tim</span> <span class='ocrx_word' id='word_1_65' title='bbox 400 1326 638 1371; x_wconf 85' lang='lat' dir='ltr'>brevitatis</span> <span class='ocrx_word' id='word_1_66' title='bbox 670 1326 832 1384; x_wconf 85' lang='lat' dir='ltr'>gratia,</span> <span class='ocrx_word' id='word_1_67' title='bbox 872 1326 1132 1369; x_wconf 77' lang='lat' dir='ltr'>Praefectus</span> <span class='ocrx_word' id='word_1_68' title='bbox 1164 1324 1438 1382; x_wconf 87' lang='lat' dir='ltr'>apostolicus</span> <span class='ocrx_word' id='word_1_69' title='bbox 1473 1326 1729 1383; x_wconf 86' lang='lat' dir='ltr'>nuncupari</span> <span class='ocrx_word' id='word_1_70' title='bbox 1768 1326 1931 1383; x_wconf 88' lang='lat' dir='ltr'>coepit.</span> 
     </span>
    </p>

    <p class='ocr_par' dir='ltr' id='par_1_6' title="bbox 279 1408 2062 2220">
     <span class='ocr_line' id='line_1_12' title="bbox 403 1408 2062 1466; baseline -0.001 -11"><span class='ocrx_word' id='word_1_71' title='bbox 403 1412 648 1455; x_wconf 79' lang='lat' dir='ltr'>Enimvero</span> <span class='ocrx_word' id='word_1_72' title='bbox 683 1408 905 1453; x_wconf 83' lang='lat' dir='ltr'>Praefecti</span> <span class='ocrx_word' id='word_1_73' title='bbox 933 1408 1174 1466; x_wconf 78' lang='lat' dir='ltr'>Apostolici</span> <span class='ocrx_word' id='word_1_74' title='bbox 1210 1408 1418 1465; x_wconf 83' lang='lat' dir='ltr'>regiones</span> <span class='ocrx_word' id='word_1_75' title='bbox 1452 1408 1771 1464; x_wconf 88' lang='lat' dir='ltr'>utplurimum</span> <span class='ocrx_word' id='word_1_76' title='bbox 1798 1409 1918 1452; x_wconf 92' lang='lat' dir='ltr'>nacti</span> <span class='ocrx_word' id='word_1_77' title='bbox 1953 1413 2062 1453; x_wconf 90' lang='lat' dir='ltr'>sunt</span> 
     </span>
     <span class='ocr_line' id='line_1_13' title="bbox 282 1493 2058 1556; baseline -0.002 -16"><span class='ocrx_word' id='word_1_78' title='bbox 282 1497 327 1541; x_wconf 94' lang='lat' dir='ltr'>in</span> <span class='ocrx_word' id='word_1_79' title='bbox 361 1497 524 1556; x_wconf 81' lang='lat' dir='ltr'>quibus</span> <span class='ocrx_word' id='word_1_80' title='bbox 574 1496 724 1539; x_wconf 89' lang='lat' dir='ltr'>nullus</span> <span class='ocrx_word' id='word_1_81' title='bbox 766 1498 865 1538; x_wconf 85' lang='lat' dir='ltr'>crat</span> <span class='ocrx_word' id='word_1_82' title='bbox 906 1495 1174 1552; x_wconf 86' lang='lat' dir='ltr'>Episcopus,</span> <span class='ocrx_word' id='word_1_83' title='bbox 1210 1493 1484 1551; x_wconf 77' lang='lat' dir='ltr'>quandoque</span> <span class='ocrx_word' id='word_1_84' title='bbox 1531 1507 1638 1537; x_wconf 86' lang='lat' dir='ltr'>vcro</span> <span class='ocrx_word' id='word_1_85' title='bbox 1684 1494 1755 1537; x_wconf 76' lang='lat' dir='ltr'>vel</span> <span class='ocrx_word' id='word_1_86' title='bbox 1801 1494 2058 1537; x_wconf 88' lang='lat' dir='ltr'>Praelatum</span> 
     </span>
     <span class='ocr_line' id='line_1_14' title="bbox 280 1577 2058 1640; baseline -0.002 -15"><span class='ocrx_word' id='word_1_87' title='bbox 280 1582 478 1640; x_wconf 87' lang='lat' dir='ltr'>aliquem</span> <span class='ocrx_word' id='word_1_88' title='bbox 504 1581 618 1625; x_wconf 81' lang='lat' dir='ltr'>ritus</span> <span class='ocrx_word' id='word_1_89' title='bbox 640 1579 875 1624; x_wconf 88' lang='lat' dir='ltr'>orientalis</span> <span class='ocrx_word' id='word_1_90' title='bbox 900 1579 968 1622; x_wconf 76' lang='lat' dir='ltr'>vel</span> <span class='ocrx_word' id='word_1_91' title='bbox 1005 1578 1196 1622; x_wconf 89' lang='lat' dir='ltr'>subinde</span> <span class='ocrx_word' id='word_1_92' title='bbox 1224 1578 1494 1635; x_wconf 79' lang='lat' dir='ltr'>Episcopum</span> <span class='ocrx_word' id='word_1_93' title='bbox 1528 1577 1658 1621; x_wconf 79' lang='lat' dir='ltr'>latini</span> <span class='ocrx_word' id='word_1_94' title='bbox 1684 1578 1797 1622; x_wconf 88' lang='lat' dir='ltr'>ritus</span> <span class='ocrx_word' id='word_1_95' title='bbox 1832 1579 2058 1636; x_wconf 87' lang='lat' dir='ltr'>propriam</span> 
     </span>
     <span class='ocr_line' id='line_1_15' title="bbox 279 1659 2059 1718; baseline -0.002 -10"><span class='ocrx_word' id='word_1_96' title='bbox 279 1663 523 1708; x_wconf 87' lang='lat' dir='ltr'>dioecesim</span> <span class='ocrx_word' id='word_1_97' title='bbox 558 1662 832 1715; x_wconf 83' lang='lat' dir='ltr'>habentem,</span> <span class='ocrx_word' id='word_1_98' title='bbox 869 1664 949 1705; x_wconf 90' lang='lat' dir='ltr'>aut</span> <span class='ocrx_word' id='word_1_99' title='bbox 982 1660 1246 1714; x_wconf 85' lang='lat' dir='ltr'>titularem,</span> <span class='ocrx_word' id='word_1_100' title='bbox 1282 1659 1526 1717; x_wconf 89' lang='lat' dir='ltr'>apostolica</span> <span class='ocrx_word' id='word_1_101' title='bbox 1572 1663 1726 1704; x_wconf 90' lang='lat' dir='ltr'>tamen</span> <span class='ocrx_word' id='word_1_102' title='bbox 1770 1659 1940 1704; x_wconf 90' lang='lat' dir='ltr'>vicaria</span> <span class='ocrx_word' id='word_1_103' title='bbox 1984 1674 2059 1718; x_wconf 92' lang='lat' dir='ltr'>po·</span> 
     </span>
     <span class='ocr_line' id='line_1_16' title="bbox 280 1743 2057 1802; baseline -0.001 -12"><span class='ocrx_word' id='word_1_104' title='bbox 280 1751 444 1790; x_wconf 87' lang='lat' dir='ltr'>testate</span> <span class='ocrx_word' id='word_1_105' title='bbox 478 1745 776 1802; x_wconf 84' lang='lat' dir='ltr'>insignitum,</span> <span class='ocrx_word' id='word_1_106' title='bbox 814 1745 1121 1798; x_wconf 66' lang='lat' dir='ltr'>invenerunt,</span> <span class='ocrx_word' id='word_1_107' title='bbox 1157 1743 1321 1801; x_wconf 91' lang='lat' dir='ltr'>quibus</span> <span class='ocrx_word' id='word_1_108' title='bbox 1359 1743 1545 1787; x_wconf 85' lang='lat' dir='ltr'>demum</span> <span class='ocrx_word' id='word_1_109' title='bbox 1579 1756 1811 1787; x_wconf 87' lang='lat' dir='ltr'>accessere</span> <span class='ocrx_word' id='word_1_110' title='bbox 1859 1743 2057 1801; x_wconf 87' lang='lat' dir='ltr'>Delegati</span> 
     </span>
     <span class='ocr_line' id='line_1_17' title="bbox 280 1825 2058 1886; baseline -0.002 -12"><span class='ocrx_word' id='word_1_111' title='bbox 280 1829 529 1886; x_wconf 85' lang='lat' dir='ltr'>apostolici.</span> <span class='ocrx_word' id='word_1_112' title='bbox 567 1830 683 1872; x_wconf 87' lang='lat' dir='ltr'>Hinc</span> <span class='ocrx_word' id='word_1_113' title='bbox 715 1828 881 1885; x_wconf 83' lang='lat' dir='ltr'>duplex</span> <span class='ocrx_word' id='word_1_114' title='bbox 917 1828 1259 1871; x_wconf 76' lang='lat' dir='ltr'>l’raefectoruin</span> <span class='ocrx_word' id='word_1_115' title='bbox 1296 1825 1659 1884; x_wconf 73' lang='lat' dir='ltr'>Apostolicorum</span> <span class='ocrx_word' id='word_1_116' title='bbox 1693 1825 1867 1882; x_wconf 91' lang='lat' dir='ltr'>species</span> <span class='ocrx_word' id='word_1_117' title='bbox 1899 1826 2058 1870; x_wconf 85' lang='lat' dir='ltr'>distin-</span> 
     </span>
     <span class='ocr_line' id='line_1_18' title="bbox 279 1908 2057 1970; baseline -0.001 -16"><span class='ocrx_word' id='word_1_118' title='bbox 279 1913 453 1970; x_wconf 86' lang='lat' dir='ltr'>guenda</span> <span class='ocrx_word' id='word_1_119' title='bbox 490 1917 572 1956; x_wconf 75' lang='lat' dir='ltr'>cst.</span> <span class='ocrx_word' id='word_1_120' title='bbox 611 1913 725 1954; x_wconf 82' lang='lat' dir='ltr'>Sunt</span> <span class='ocrx_word' id='word_1_121' title='bbox 747 1910 871 1955; x_wconf 90' lang='lat' dir='ltr'>enim</span> <span class='ocrx_word' id='word_1_122' title='bbox 895 1911 989 1969; x_wconf 81' lang='lat' dir='ltr'>qui,</span> <span class='ocrx_word' id='word_1_123' title='bbox 1015 1923 1120 1954; x_wconf 91' lang='lat' dir='ltr'>cum</span> <span class='ocrx_word' id='word_1_124' title='bbox 1151 1909 1434 1954; x_wconf 87' lang='lat' dir='ltr'>territorium</span> <span class='ocrx_word' id='word_1_125' title='bbox 1462 1909 1692 1967; x_wconf 89' lang='lat' dir='ltr'>proprium</span> <span class='ocrx_word' id='word_1_126' title='bbox 1719 1909 1933 1964; x_wconf 86' lang='lat' dir='ltr'>babeant,</span> <span class='ocrx_word' id='word_1_127' title='bbox 1962 1908 2057 1953; x_wconf 86' lang='lat' dir='ltr'>veri</span> 
     </span>
     <span class='ocr_line' id='line_1_19' title="bbox 280 1992 2058 2052; baseline -0.001 -13"><span class='ocrx_word' id='word_1_128' title='bbox 280 1995 508 2040; x_wconf 89' lang='lat' dir='ltr'>missionis</span> <span class='ocrx_word' id='word_1_129' title='bbox 542 1995 803 2052; x_wconf 85' lang='lat' dir='ltr'>Superiores</span> <span class='ocrx_word' id='word_1_130' title='bbox 835 1999 960 2048; x_wconf 83' lang='lat' dir='ltr'>sunt,</span> <span class='ocrx_word' id='word_1_131' title='bbox 995 2007 1075 2038; x_wconf 82' lang='lat' dir='ltr'>seu</span> <span class='ocrx_word' id='word_1_132' title='bbox 1109 1993 1195 2038; x_wconf 93' lang='lat' dir='ltr'>loci</span> <span class='ocrx_word' id='word_1_133' title='bbox 1228 1994 1356 2052; x_wconf 87' lang='lat' dir='ltr'>quasi</span> <span class='ocrx_word' id='word_1_134' title='bbox 1391 1992 1636 2048; x_wconf 84' lang='lat' dir='ltr'>ordinarii,</span> <span class='ocrx_word' id='word_1_135' title='bbox 1674 2007 1868 2052; x_wconf 90' lang='lat' dir='ltr'>quorum</span> <span class='ocrx_word' id='word_1_136' title='bbox 1903 1998 2058 2038; x_wconf 90' lang='lat' dir='ltr'>aucto-</span> 
     </span>
     <span class='ocr_line' id='line_1_20' title="bbox 280 2076 2053 2137; baseline 0 -15"><span class='ocrx_word' id='word_1_137' title='bbox 280 2079 389 2123; x_wconf 82' lang='lat' dir='ltr'>ritas</span> <span class='ocrx_word' id='word_1_138' title='bbox 420 2079 582 2137; x_wconf 88' lang='lat' dir='ltr'>quibus</span> <span class='ocrx_word' id='word_1_139' title='bbox 625 2077 790 2122; x_wconf 80' lang='lat' dir='ltr'>finibus</span> <span class='ocrx_word' id='word_1_140' title='bbox 838 2076 1158 2130; x_wconf 77' lang='lat' dir='ltr'>contineatur,</span> <span class='ocrx_word' id='word_1_141' title='bbox 1197 2076 1359 2120; x_wconf 89' lang='lat' dir='ltr'>litteris</span> <span class='ocrx_word' id='word_1_142' title='bbox 1407 2078 1502 2120; x_wconf 87' lang='lat' dir='ltr'>Sac.</span> <span class='ocrx_word' id='word_1_143' title='bbox 1540 2076 1914 2134; x_wconf 86' lang='lat' dir='ltr'>Congregationis</span> <span class='ocrx_word' id='word_1_144' title='bbox 1961 2076 2053 2122; x_wconf 85' lang='lat' dir='ltr'>Fid.</span> 
     </span>
     <span class='ocr_line' id='line_1_21' title="bbox 282 2160 803 2220; baseline -0.006 -14"><span class='ocrx_word' id='word_1_145' title='bbox 282 2166 410 2220; x_wconf 88' lang='lat' dir='ltr'>Prop.</span> <span class='ocrx_word' id='word_1_146' title='bbox 447 2166 513 2206; x_wconf 87' lang='lat' dir='ltr'>est</span> <span class='ocrx_word' id='word_1_147' title='bbox 547 2160 803 2204; x_wconf 87' lang='lat' dir='ltr'>definitum.</span> 
     </span>
    </p>

    <p class='ocr_par' dir='ltr' id='par_1_7' title="bbox 277 2243 2057 2888">
     <span class='ocr_line' id='line_1_22' title="bbox 397 2243 2057 2303; baseline 0.001 -14"><span class='ocrx_word' id='word_1_148' title='bbox 397 2248 510 2290; x_wconf 87' lang='lat' dir='ltr'>Sunt</span> <span class='ocrx_word' id='word_1_149' title='bbox 543 2245 618 2289; x_wconf 90' lang='lat' dir='ltr'>alii</span> <span class='ocrx_word' id='word_1_150' title='bbox 653 2259 847 2303; x_wconf 89' lang='lat' dir='ltr'>quorum</span> <span class='ocrx_word' id='word_1_151' title='bbox 895 2245 1181 2301; x_wconf 83' lang='lat' dir='ltr'>praefectura</span> <span class='ocrx_word' id='word_1_152' title='bbox 1219 2243 1447 2287; x_wconf 87' lang='lat' dir='ltr'>territorio</span> <span class='ocrx_word' id='word_1_153' title='bbox 1481 2244 1749 2288; x_wconf 88' lang='lat' dir='ltr'>continetur</span> <span class='ocrx_word' id='word_1_154' title='bbox 1787 2244 1920 2288; x_wconf 88' lang='lat' dir='ltr'>alicui</span> <span class='ocrx_word' id='word_1_155' title='bbox 1960 2247 2057 2303; x_wconf 91' lang='lat' dir='ltr'>Epi-</span> 
     </span>
     <span class='ocr_line' id='line_1_23' title="bbox 279 2326 2056 2386; baseline -0.001 -11"><span class='ocrx_word' id='word_1_156' title='bbox 279 2344 414 2386; x_wconf 88' lang='lat' dir='ltr'>scopo</span> <span class='ocrx_word' id='word_1_157' title='bbox 461 2328 690 2383; x_wconf 83' lang='lat' dir='ltr'>subiecto,</span> <span class='ocrx_word' id='word_1_158' title='bbox 725 2342 813 2386; x_wconf 89' lang='lat' dir='ltr'>quo</span> <span class='ocrx_word' id='word_1_159' title='bbox 847 2327 893 2372; x_wconf 91' lang='lat' dir='ltr'>in</span> <span class='ocrx_word' id='word_1_160' title='bbox 928 2341 1035 2372; x_wconf 89' lang='lat' dir='ltr'>casu</span> <span class='ocrx_word' id='word_1_161' title='bbox 1079 2327 1281 2384; x_wconf 84' lang='lat' dir='ltr'>Episcopi</span> <span class='ocrx_word' id='word_1_162' title='bbox 1327 2326 1465 2384; x_wconf 86' lang='lat' dir='ltr'>ipsius</span> <span class='ocrx_word' id='word_1_163' title='bbox 1507 2341 1706 2384; x_wconf 90' lang='lat' dir='ltr'>congrua</span> <span class='ocrx_word' id='word_1_164' title='bbox 1749 2328 1862 2372; x_wconf 84' lang='lat' dir='ltr'>ratio</span> <span class='ocrx_word' id='word_1_165' title='bbox 1902 2329 2056 2374; x_wconf 89' lang='lat' dir='ltr'>baberi</span> 
     </span>
     <span class='ocr_line' id='line_1_24' title="bbox 279 2410 2053 2469; baseline -0.001 -12"><span class='ocrx_word' id='word_1_166' title='bbox 279 2426 463 2458; x_wconf 89' lang='lat' dir='ltr'>necesse</span> <span class='ocrx_word' id='word_1_167' title='bbox 504 2411 589 2456; x_wconf 92' lang='lat' dir='ltr'>fuit</span> <span class='ocrx_word' id='word_1_168' title='bbox 623 2411 667 2455; x_wconf 92' lang='lat' dir='ltr'>in</span> <span class='ocrx_word' id='word_1_169' title='bbox 703 2411 996 2455; x_wconf 88' lang='lat' dir='ltr'>facultatibus</span> <span class='ocrx_word' id='word_1_170' title='bbox 1027 2424 1144 2469; x_wconf 89' lang='lat' dir='ltr'>quae</span> <span class='ocrx_word' id='word_1_171' title='bbox 1177 2410 1347 2454; x_wconf 87' lang='lat' dir='ltr'>eisdem</span> <span class='ocrx_word' id='word_1_172' title='bbox 1386 2411 1631 2454; x_wconf 82' lang='lat' dir='ltr'>Praefectis</span> <span class='ocrx_word' id='word_1_173' title='bbox 1665 2411 1855 2456; x_wconf 90' lang='lat' dir='ltr'>concedi</span> <span class='ocrx_word' id='word_1_174' title='bbox 1889 2412 2053 2468; x_wconf 84' lang='lat' dir='ltr'>solent,</span> 
     </span>
     <span class='ocr_line' id='line_1_25' title="bbox 277 2492 2057 2553; baseline -0.001 -12"><span class='ocrx_word' id='word_1_175' title='bbox 277 2501 357 2542; x_wconf 86' lang='lat' dir='ltr'>aut</span> <span class='ocrx_word' id='word_1_176' title='bbox 389 2497 549 2540; x_wconf 89' lang='lat' dir='ltr'>saltem</span> <span class='ocrx_word' id='word_1_177' title='bbox 586 2497 631 2539; x_wconf 93' lang='lat' dir='ltr'>in</span> <span class='ocrx_word' id='word_1_178' title='bbox 666 2509 824 2539; x_wconf 91' lang='lat' dir='ltr'>eorum</span> <span class='ocrx_word' id='word_1_179' title='bbox 857 2492 1093 2538; x_wconf 89' lang='lat' dir='ltr'>exercitio.</span> <span class='ocrx_word' id='word_1_180' title='bbox 1132 2497 1191 2537; x_wconf 91' lang='lat' dir='ltr'>De</span> <span class='ocrx_word' id='word_1_181' title='bbox 1219 2492 1287 2537; x_wconf 91' lang='lat' dir='ltr'>bis</span> <span class='ocrx_word' id='word_1_182' title='bbox 1320 2498 1507 2550; x_wconf 85' lang='lat' dir='ltr'>agentes</span> <span class='ocrx_word' id='word_1_183' title='bbox 1540 2493 1827 2553; x_wconf 83' lang='lat' dir='ltr'>inquiremus</span> <span class='ocrx_word' id='word_1_184' title='bbox 1864 2496 1902 2551; x_wconf 89' lang='lat'>1)</span> <span class='ocrx_word' id='word_1_185' title='bbox 1929 2510 1986 2540; x_wconf 88' lang='lat' dir='ltr'>an</span> <span class='ocrx_word' id='word_1_186' title='bbox 2010 2499 2057 2540; x_wconf 89' lang='lat' dir='ltr'>et</span> 
     </span>
     <span class='ocr_line' id='line_1_26' title="bbox 277 2570 2054 2639; baseline 0 -16"><span class='ocrx_word' id='word_1_187' title='bbox 277 2584 505 2639; x_wconf 89' lang='lat' dir='ltr'>quatenus</span> <span class='ocrx_word' id='word_1_188' title='bbox 555 2577 772 2622; x_wconf 86' lang='lat' dir='ltr'>Praefecti</span> <span class='ocrx_word' id='word_1_189' title='bbox 818 2576 1059 2635; x_wconf 76' lang='lat' dir='ltr'>Apostolici</span> <span class='ocrx_word' id='word_1_190' title='bbox 1105 2577 1149 2620; x_wconf 93' lang='lat' dir='ltr'>in</span> <span class='ocrx_word' id='word_1_191' title='bbox 1185 2577 1479 2621; x_wconf 88' lang='lat' dir='ltr'>facultatibus</span> <span class='ocrx_word' id='word_1_192' title='bbox 1526 2577 1801 2621; x_wconf 86' lang='lat' dir='ltr'>exercendis</span> <span class='ocrx_word' id='word_1_193' title='bbox 1851 2570 2054 2636; x_wconf 79' lang='lat' dir='ltr'>Episcopi</span> 
     </span>
     <span class='ocr_line' id='line_1_27' title="bbox 278 2659 2055 2720; baseline -0.001 -13"><span class='ocrx_word' id='word_1_194' title='bbox 278 2676 502 2708; x_wconf 88' lang='lat' dir='ltr'>consensu</span> <span class='ocrx_word' id='word_1_195' title='bbox 538 2661 804 2719; x_wconf 82' lang='lat' dir='ltr'>indigeant3</span> <span class='ocrx_word' id='word_1_196' title='bbox 850 2662 891 2716; x_wconf 72' lang='lat'>2)</span> <span class='ocrx_word' id='word_1_197' title='bbox 927 2661 1091 2720; x_wconf 90' lang='lat' dir='ltr'>quibus</span> <span class='ocrx_word' id='word_1_198' title='bbox 1123 2659 1344 2704; x_wconf 87' lang='lat' dir='ltr'>limitibus</span> <span class='ocrx_word' id='word_1_199' title='bbox 1386 2660 1626 2704; x_wconf 82' lang='lat' dir='ltr'>facultates</span> <span class='ocrx_word' id='word_1_200' title='bbox 1659 2660 1781 2718; x_wconf 86' lang='lat' dir='ltr'>ipsae</span> <span class='ocrx_word' id='word_1_201' title='bbox 1814 2674 2055 2706; x_wconf 83' lang='lat' dir='ltr'>coercean-</span> 
     </span>
     <span class='ocr_line' id='line_1_28' title="bbox 277 2743 2052 2804; baseline -0.001 -14"><span class='ocrx_word' id='word_1_202' title='bbox 277 2750 372 2803; x_wconf 80' lang='lat' dir='ltr'>tur3</span> <span class='ocrx_word' id='word_1_203' title='bbox 424 2747 466 2802; x_wconf 78' lang='lat'>5)</span> <span class='ocrx_word' id='word_1_204' title='bbox 502 2760 561 2790; x_wconf 92' lang='lat' dir='ltr'>an</span> <span class='ocrx_word' id='word_1_205' title='bbox 595 2749 642 2790; x_wconf 92' lang='lat' dir='ltr'>et</span> <span class='ocrx_word' id='word_1_206' title='bbox 672 2749 901 2804; x_wconf 88' lang='lat' dir='ltr'>quatenus</span> <span class='ocrx_word' id='word_1_207' title='bbox 949 2758 1109 2789; x_wconf 86' lang='lat' dir='ltr'>earum</span> <span class='ocrx_word' id='word_1_208' title='bbox 1144 2744 1415 2788; x_wconf 89' lang='lat' dir='ltr'>facultatum</span> <span class='ocrx_word' id='word_1_209' title='bbox 1466 2756 1574 2787; x_wconf 88' lang='lat' dir='ltr'>usus</span> <span class='ocrx_word' id='word_1_210' title='bbox 1614 2743 1672 2787; x_wconf 91' lang='lat' dir='ltr'>ab</span> <span class='ocrx_word' id='word_1_211' title='bbox 1711 2744 1940 2802; x_wconf 88' lang='lat' dir='ltr'>Episcopis</span> <span class='ocrx_word' id='word_1_212' title='bbox 1980 2744 2052 2788; x_wconf 90' lang='lat' dir='ltr'>de-</span> 
     </span>
     <span class='ocr_line' id='line_1_29' title="bbox 283 2829 494 2888; baseline -0.005 -15"><span class='ocrx_word' id='word_1_213' title='bbox 283 2829 494 2888; x_wconf 87' lang='lat' dir='ltr'>pendeat.</span> 
     </span>
    </p>

    <p class='ocr_par' dir='ltr' id='par_1_8' title="bbox 275 2906 2053 3134">
     <span class='ocr_line' id='line_1_30' title="bbox 398 2906 2052 2971; baseline -0.003 -14"><span class='ocrx_word' id='word_1_214' title='bbox 398 2915 653 2971; x_wconf 46' lang='lat' dir='ltr'>⁴antequam</span> <span class='ocrx_word' id='word_1_215' title='bbox 687 2912 742 2956; x_wconf 86' lang='lat' dir='ltr'>ad</span> <span class='ocrx_word' id='word_1_216' title='bbox 779 2912 974 2970; x_wconf 90' lang='lat' dir='ltr'>primum</span> <span class='ocrx_word' id='word_1_217' title='bbox 1009 2916 1146 2969; x_wconf 88' lang='lat' dir='ltr'>caput</span> <span class='ocrx_word' id='word_1_218' title='bbox 1181 2910 1438 2965; x_wconf 84' lang='lat' dir='ltr'>veniamus,</span> <span class='ocrx_word' id='word_1_219' title='bbox 1464 2925 1488 2955; x_wconf 87' lang='lat' dir='ltr'>e</span> <span class='ocrx_word' id='word_1_220' title='bbox 1523 2925 1569 2955; x_wconf 91' lang='lat' dir='ltr'>re</span> <span class='ocrx_word' id='word_1_221' title='bbox 1601 2910 1689 2955; x_wconf 91' lang='lat' dir='ltr'>erit</span> <span class='ocrx_word' id='word_1_222' title='bbox 1723 2909 1806 2954; x_wconf 89' lang='lat' dir='ltr'>tria</span> <span class='ocrx_word' id='word_1_223' title='bbox 1832 2906 2052 2968; x_wconf 88' lang='lat' dir='ltr'>principia</span> 
     </span>
     <span class='ocr_line' id='line_1_31' title="bbox 276 2990 2053 3054; baseline -0.002 -15"><span class='ocrx_word' id='word_1_224' title='bbox 276 2994 576 3054; x_wconf 89' lang='lat' dir='ltr'>praestituere</span> <span class='ocrx_word' id='word_1_225' title='bbox 611 2994 762 3038; x_wconf 88' lang='lat' dir='ltr'>bacin</span> <span class='ocrx_word' id='word_1_226' title='bbox 786 2995 1053 3053; x_wconf 88' lang='lat' dir='ltr'>quaestione</span> <span class='ocrx_word' id='word_1_227' title='bbox 1090 3007 1194 3050; x_wconf 88' lang='lat' dir='ltr'>prae</span> <span class='ocrx_word' id='word_1_228' title='bbox 1227 2992 1370 3037; x_wconf 91' lang='lat' dir='ltr'>oculis</span> <span class='ocrx_word' id='word_1_229' title='bbox 1403 2992 1629 3037; x_wconf 90' lang='lat' dir='ltr'>habenda.</span> <span class='ocrx_word' id='word_1_230' title='bbox 1669 2991 1871 3037; x_wconf 88' lang='lat' dir='ltr'>Primum</span> <span class='ocrx_word' id='word_1_231' title='bbox 1895 2995 1980 3046; x_wconf 89' lang='lat' dir='ltr'>est,</span> <span class='ocrx_word' id='word_1_232' title='bbox 2005 2990 2053 3036; x_wconf 93' lang='lat' dir='ltr'>in</span> 
     </span>
     <span class='ocr_line' id='line_1_32' title="bbox 275 3075 2052 3134; baseline -0.002 -12"><span class='ocrx_word' id='word_1_233' title='bbox 275 3078 518 3124; x_wconf 87' lang='lat' dir='ltr'>collatione</span> <span class='ocrx_word' id='word_1_234' title='bbox 553 3078 713 3122; x_wconf 87' lang='lat' dir='ltr'>barum</span> <span class='ocrx_word' id='word_1_235' title='bbox 739 3078 1009 3122; x_wconf 89' lang='lat' dir='ltr'>facultatum</span> <span class='ocrx_word' id='word_1_236' title='bbox 1039 3081 1294 3121; x_wconf 78' lang='lat' dir='ltr'>Romanum</span> <span class='ocrx_word' id='word_1_237' title='bbox 1322 3075 1587 3120; x_wconf 86' lang='lat' dir='ltr'>Pontificem</span> <span class='ocrx_word' id='word_1_238' title='bbox 1622 3088 1864 3134; x_wconf 86' lang='lat' dir='ltr'>supremae</span> <span class='ocrx_word' id='word_1_239' title='bbox 1897 3077 2052 3118; x_wconf 89' lang='lat' dir='ltr'>aucto-</span> 
     </span>
    </p>
   </div>
   <div class='ocr_carea' id='block_1_5' title="bbox 1545 0 2176 76">
    <p class='ocr_par' dir='ltr' id='par_1_9' title="bbox 1545 0 2176 76">
     <span class='ocr_line' id='line_1_33' title="bbox 1545 0 2176 76; baseline 0 3310"><span class='ocrx_word' id='word_1_240' title='bbox 1545 0 2176 76; x_wconf 95' lang='lat' dir='ltr'> </span> 
     </span>
    </p>
   </div>
  </div>
 </body>
</html>
