2176 3386
1683 6 1690 12 '
1702 0 1716 5 ⁷
1728 0 1747 34 Ϊ
1757 0 2051 36 ζ·ἦ”’ῗ.”“,“”ἶ”,“,“”“.,

259 170 336 210 192
932 182 1041 211 PARS
1070 183 1111 211 11.
1144 182 1201 210 DE
1230 181 1369 211 REBUS

259 287 792 348 Facultas‘dispensandi
827 303 906 347 pro
939 290 1038 334 foro
1073 289 1274 345 interno,
1310 289 1384 334 vel
1418 303 1498 347 pro
1532 289 1822 348 pauperibus,
1853 290 1927 335 vel
1958 304 2039 348 pro

258 371 502 432 haereticis
535 386 628 416 non
663 372 1014 430 comprehendit
1046 372 1313 417 facultatem
1347 368 1640 430 dispensandi
1666 386 1745 430 pro
1768 373 1866 417 foro
1898 372 2039 418 etiam

259 459 471 511 externo,
507 469 587 514 pro
620 454 856 510 divitibus,
893 470 972 514 pro
995 454 1233 500 catholicis
1256 455 1286 499 ¹.
1338 457 1551 500 Ceterum
1583 454 1861 514 dispensatio
1892 456 2042 501 danda

257 544 326 585 est
359 539 403 584 in
438 540 619 598 scriptis
653 542 884 584 mentione
917 539 1047 596 facta
1080 539 1135 583 de
1168 540 1458 596 deleqatione
1497 539 1658 584 habita
1701 541 1757 585 ab
1789 541 2042 598 Apostolica

263 624 391 667 Sede.

508 767 551 810 b)
582 787 620 790 —
649 766 869 813 Episcopus
896 766 1128 813 dispensare
1150 769 1278 813 polest
1306 778 1355 802 ex
1383 767 1634 813 delegatione
1660 767 1794 803 tacita.

382 872 507 917 1028.
550 871 793 929 Episcopus
825 885 883 915 ex
917 871 1208 928 deleqatione
1241 874 1383 916 tacita
1417 886 1471 916 cx
1508 872 1841 917 consuetudine
1863 872 2041 932 dispen-

258 961 329 1001 sat
368 957 403 1012 l)
439 956 485 999 in
519 954 863 1012 impedimentis
909 953 1267 1012 impedientibus
1308 958 1357 999 R.
1396 954 1604 1000 Pontifici
1652 969 1744 1000 non
1779 958 2041 1003 reservatis.

261 1038 594 1097 Impedimenta
631 1036 926 1095 impedientia
962 1041 1168 1081 Romano
1205 1036 1410 1081 Pontifici
1448 1042 1677 1082 reservata
1713 1042 1846 1083 sunt:
1884 1041 1929 1096 α)
1960 1040 2043 1085 im-

259 1122 575 1181 pedimentum
601 1119 855 1178 impediens
878 1120 1177 1178 sponsalium,
1200 1120 1241 1171 β)
1267 1119 1649 1177 impedimentum
1675 1122 1928 1180 impediens
1950 1124 2042 1168 cul—

257 1209 331 1249 tus
352 1203 632 1262 disparitatis
657 1202 830 1246 mixtae
854 1202 1104 1259 religionis,
1142 1204 1185 1263 γ)
1214 1203 1598 1260 impedimentum
1630 1204 1854 1249 castitatis
1888 1220 2042 1264 perpe-

259 1294 381 1344 tuae,
425 1282 464 1345 δ)
497 1286 880 1345 impedimentum
919 1286 1014 1330 voti
1048 1285 1333 1343 ingrediendi
1383 1286 1647 1343 religionem
1683 1301 1788 1331 cum
1823 1287 1943 1332 votis
1975 1302 2042 1334 so-

260 1371 506 1426 lemnibus,
544 1372 579 1427 ε)
607 1369 991 1426 impedimentum
1029 1369 1260 1413 interdicti
1297 1368 1546 1425 Pontificis,
1582 1368 1620 1423 ξ)
1662 1369 2040 1428 impedimentum

258 1470 315 1500 ex
351 1454 546 1509 haeresi,
585 1458 630 1505 η)
669 1453 1052 1512 impedimentum
1087 1468 1142 1497 ex
1178 1453 1359 1498 defectu
1398 1453 1553 1510 legalis
1587 1453 1867 1512 probationis
1898 1458 2044 1499 status

260 1538 390 1583 liberi
415 1538 804 1596 nupturientium,
826 1535 865 1594 θ)
888 1536 1270 1595 impedimentum
1294 1551 1350 1580 ex
1370 1536 1673 1594 prohibitione
1696 1536 2041 1581 solemnitatum

259 1622 527 1680 nuptiarum
576 1624 784 1679 tempore
830 1619 1007 1664 feriato.
1059 1623 1208 1672 Quare
1251 1621 1495 1677 Episcopus
1542 1619 1804 1677 dispensare
1838 1624 1986 1678 potest
2017 1634 2042 1664 a

259 1706 380 1750 votis
412 1704 695 1763 simplicibus
731 1708 779 1748 R.
820 1708 947 1748 Pont.
984 1717 1076 1747 non
1114 1702 1358 1747 reservatis
1393 1702 1541 1760 prouti
1585 1703 1630 1758 a)
1667 1717 1691 1747 a
1726 1707 1835 1747 voto
1869 1707 2041 1761 tempo-

258 1802 398 1833 raneo
432 1787 675 1842 castitatis,
716 1788 755 1843 b)
783 1801 806 1831 a
835 1791 942 1830 voto
977 1791 1195 1844 perpetuo
1228 1785 1453 1830 castitatis
1487 1785 1797 1830 conditionale
1831 1786 1903 1830 vel
1939 1800 2043 1845 poe-

260 1872 379 1927 nale,
414 1872 452 1927 ο)
479 1885 503 1915 a
525 1875 633 1915 voto
658 1884 749 1914 non
776 1869 995 1922 nubendi,
1030 1870 1075 1925 cl)
1103 1883 1126 1913 a
1148 1874 1256 1914 voto
1274 1867 1550 1927 suscipiendi
1573 1868 1770 1913 ordines.
1811 1868 2044 1927 Excipitur

258 1959 357 1998 tum
391 1960 546 1998 votam
579 1953 776 2009 simplem
802 1954 1028 1997 castitatis
1060 1952 1353 1995 alumnorum
1389 1950 1622 1995 societatis
1666 1955 1764 1995 lesu
1802 1964 1856 1995 ac
1887 1957 2040 1995 vocum

256 2040 482 2082 eastitatis
513 2039 731 2080 eirtissum
767 2037 823 2080 ab
856 2050 1015 2091 umore,
1051 2049 1139 2095 qua
1172 2035 1511 2090 consentiente,
1549 2034 1620 2079 vir
1659 2034 1715 2079 ad
1748 2034 1931 2079 ordines
1974 2048 2042 2079 sa-

258 2133 359 2165 cros
393 2124 629 2178 promotus
671 2124 754 2163 est.
808 2123 930 2163 Haec
964 2122 1070 2163 vota
1121 2117 1481 2176 aequiparantur
1514 2117 1635 2162 votis
1682 2117 1962 2161 solemnibus
1997 2121 2043 2160 et
2139 2147 2176 2215 ς

258 2203 504 2261 perpetuis.
543 2206 784 2249 Caeterum
810 2202 1005 2246 facultas
1027 2200 1319 2259 dispensandi
1342 2201 1490 2259 quoad
1525 2204 1633 2245 vota
1667 2204 1900 2244 reservata
1934 2213 2044 2244 con-.
2171 2182 2176 2223 ἶ

259 2299 383 2330 cessa
419 2299 511 2329 non
549 2284 819 2341 intelligitur
853 2284 938 2328 nisi
971 2285 1026 2328 de
1060 2298 1111 2329 ea
1144 2296 1359 2341 expressa
1384 2283 1558 2328 mentio
1593 2283 1685 2328 [iat.
1722 2287 1837 2328 Item
1866 2282 2040 2340 Episco-

260 2382 341 2427 pus
373 2368 660 2426 delegatione
695 2366 834 2412 tacita
868 2366 1102 2426 dispensat
1134 2367 1191 2411 ab
1231 2367 1559 2423 impedimento
1605 2366 1742 2410 dubio
1785 2379 1879 2409 non
1921 2368 2042 2410 iuris

256 2451 335 2494 sed
367 2451 498 2507 facti,
533 2455 582 2495 et
613 2450 846 2508 dispensat
874 2464 962 2507 pro
995 2456 1188 2508 utroque
1211 2449 1315 2506 foro
1338 2449 1519 2494 etiamsi
1551 2454 1706 2508 postea
1739 2448 2041 2504 impedimen·

257 2538 357 2578 tum
390 2540 569 2577 eertum
604 2540 849 2590 appareat.

381 2617 508 2660 1029.
545 2617 587 2672 2)
625 2615 696 2660 Fit
727 2616 934 2674 quaestio
967 2615 1085 2673 apud
1112 2616 1322 2659 doctores
1344 2629 1404 2659 an
1429 2614 1675 2673 Episcopus
1707 2614 1776 2658 ius
1803 2613 2039 2673 acquirere

257 2697 400 2756 possit
430 2696 723 2756 dispensandi
758 2698 815 2742 ab
848 2697 1191 2756 impedimentis
1232 2695 1554 2741 dirimentibus
1587 2697 1821 2754 leyicimae
1853 2709 2040 2741 eonsue-

259 2782 438 2826 tudinis
481 2795 634 2826 causa.
687 2781 874 2826 Etiamsi
908 2780 967 2826 sit
998 2781 1244 2826 dicendum
1278 2780 1396 2840 quod
1432 2793 1579 2839 neque
1613 2794 1671 2825 ex
1704 2779 2038 2825 consuetudine

256 2865 503 2923 Episcopus
535 2866 798 2924 dispensare
833 2864 972 2923 possit
1009 2867 1114 2909 iure
1148 2867 1341 2921 proprio
1379 2867 1426 2908 et
1469 2864 1718 2909 ordinario
1759 2863 1816 2908 ab
1849 2862 2039 2922 impedi-

378 3043 387 3062 ¹
416 3043 505 3079 Pius
524 3043 575 3079 IX
601 3043 725 3080 Const.
751 3042 879 3079 Multis
902 3043 1131 3089 gravissimis
1156 3042 1202 3079 26
1227 3052 1302 3089 apr.
1331 3043 1435 3079 1873.
