2176 3386
0 170 33 283 ,uffi'

536 172 664 200 {ABER
694 172 717 200 1.
750 171 805 198 DE
836 167 974 199 nunus
1004 169 1240 198 eccm-:snus
1268 167 1598 197 spisslTUALIBUS
1884 156 1962 196 109

180 289 296 339 tant,
320 286 458 342 atque
491 280 842 326 eucharisticam
867 278 1247 325 communionem
1280 277 1550 336 suscipiant,
1586 279 1659 322 vel
1697 277 1860 322 Missae
1887 291 1960 322 ce-

179 367 357 411 lebrent
389 365 662 410 sacrificium
692 384 729 408 v.

296 450 398 494 831.
435 449 592 503 Quoad
626 462 736 493 vero
771 448 953 492 titulum
992 446 1221 492 Missionis
1254 446 1403 491 notari
1438 446 1573 490 dehet
1595 446 1725 506 ⁴quod
1763 445 1809 489 in
1843 448 1963 491 Con·

176 532 440 591 gregatione
474 531 673 589 generali
707 531 760 576 de
799 534 922 589 Prop.
960 529 1064 574 Fide
1097 529 1168 574 die
1204 530 1230 574 4.
1260 529 1371 574 febr.
1406 525 1555 573 *1875'1
1590 529 1818 588 proposita
1853 534 1962 574 sunt

177 615 311 660 dubia
346 614 614 674 sequentia:
652 617 683 659 Ι.
723 616 789 657 An
823 617 870 658 et
902 614 1131 673 quomodo
1164 613 1490 657 declarandum
1525 611 1599 666 sit⁷
1625 612 1885 656 sacerdotes
1909 611 1962 655 ti-

178 700 273 744 tulo
310 698 537 743 missionis
575 698 834 752 ordinatos,
872 697 949 756 qui
984 696 1194 754 indignos
1237 709 1284 740 se
1317 695 1616 740 reddiderunt
1648 695 1704 739 ad
1738 708 1960 739 exercen—

181 783 289 826 dum
325 795 506 826 sacrum
543 780 882 836 ministerium,
920 780 1125 838 privatos
1159 793 1398 823 remanere
1442 778 1602 823 eodem
1641 778 1771 822 titulo
1804 782 1850 822 et
1883 780 1963 822 Or·

180 865 384 910 dinarios
418 878 510 909 non
543 864 731 922 obligari
764 865 820 908 ad
854 863 1239 909 sustentationem
1292 862 1603 921 praebendam
1638 861 1724 905 illis
1757 861 1869 905 nihil
1906 862 1965 905 la-

188 948 481 993 borantibus?
517 951 565 992 ΙΙ.
593 951 640 991 ln
670 961 861 991 numero
886 946 1087 991 secundo
1112 945 1429 989 instructionis
1452 944 1620 989 dicitur
1642 944 1810 989 amisso
1836 943 1967 988 titulo

185 1032 416 1077 missionis
448 1031 713 1076 ordinarios
747 1030 893 1075 teneri
928 1030 1200 1088 compellere
1249 1029 1483 1073 ordinatos
1515 1028 1571 1073 ad
1605 1028 1794 1072 alterius
1844 1027 1967 1072 tituli

183 1114 570 1172 subrogationem.
608 1113 853 1166 Quaeritur
886 1127 945 1157 an
979 1112 1032 1156 ad
1070 1112 1154 1156 hoc
1188 1113 1460 1169 compellere
1503 1111 1701 1155 debeant
1732 1110 1829 1155 illos
1866 1110 1967 1155 Mis-

180 1198 426 1244 ssionarios
450 1198 493 1241 in
520 1211 626 1241 casu
653 1196 899 1254 praedicto,
926 1196 971 1240 in
996 1210 1086 1254 quo
1118 1195 1408 1240 missionibus
1432 1208 1524 1239 non
1551 1199 1741 1252 possunt
1764 1194 1975 1254 praefici„

184 1282 510 1341 patrimonium
537 1295 628 1326 non
650 1282 835 1336 babent,
858 1279 1076 1326 beneficia
1097 1294 1189 1324 non
1213 1279 1437 1334 existunt,
1458 1278 1568 1338 quin
1594 1283 1639 1322 et
1663 1277 1837 1335 indigni
1862 1282 1970 1321 sunt

182 1366 348 1425 quihus
380 1366 654 1411 heneficium
680 1364 1024 1409 committatur?
1061 1368 1129 1410 [lt.
1157 1364 1197 1408 Si
1222 1363 1432 1408 sacerdos
1465 1363 1686 1421 regularis
1708 1362 1968 1421 egrediatur

182 1451 238 1494 de
272 1449 633 1507 Congregalione
658 1462 755 1503 sua,
781 1448 916 1492 debet
949 1462 1004 1491 ue
1033 1447 1277 1505 Episcopus
1310 1447 1416 1490 dare
1441 1446 1481 1490 ei
1509 1446 1691 1490 titulum
1721 1444 1966 1500 missionis,

184 1538 349 1578 exacto
387 1534 663 1586 iuramento,
688 1540 938 1590 antequam
973 1546 1078 1575 eum
1107 1530 1323 1574 admittat
1355 1530 1410 1574 ad
1445 1543 1627 1575 sacrum
1661 1527 1970 1572 ministerium

187 1619 230 1662 iu
268 1632 346 1662 sua
382 1617 608 1673 dioecesi3
646 1617 718 1660 xel
753 1616 787 1659 si
823 1615 934 1659 velit
971 1615 1215 1673 Episcopus
1252 1614 1374 1672 prius
1406 1613 1603 1672 experiri
1638 1618 1793 1656 utrum
1823 1626 1970 1656 sacer-

190 1704 270 1748 dos
304 1702 376 1747 ille
410 1702 601 1746 idoneus
648 1701 703 1745 sit
756 1700 1047 1745 missionibus
1080 1700 1203 1754 suis,
1242 1703 1390 1758 potest
1424 1712 1480 1743 ue
1514 1712 1620 1742 eum
1670 1697 1872 1755 recipere
1915 1698 1971 1740 ad

185 1792 397 1845 tempus,
434 1791 478 1830 et
514 1785 777 1830 missionem
821 1785 860 1828 ei
896 1784 1223 1829 committere?
1268 1786 1339 1827 IV.
1378 1783 1418 1827 Si
1453 1783 1663 1827 sacerdos
1699 1796 1756 1826 ex
1791 1795 1881 1825 una
1915 1781 1972 1825 ad

187 1873 382 1916 alteram
417 1869 658 1916 dioecesim
694 1869 888 1913 transire
923 1868 1050 1922 velit,
1086 1866 1367 1926 approbante
1401 1866 1642 1911 ordinario
1677 1879 1774 1919 suo,
1811 1870 1880 1910 est
1914 1878 1971 1909 ne

189 1967 402 2007 necesse,
440 1957 490 1996 ut
522 1953 706 1997 emittat
754 1966 835 1996 nox
851 1965 929 1996 um
979 1951 1327 2006 iuramentum,
1364 1955 1410 1995 et
1442 1951 1497 1994 ad
1534 1951 1621 1994 tale
1657 1949 1971 1993 iuramentum

190 2051 302 2081 num
339 2033 584 2095 requiritur
616 2049 737 2079 noxa
762 2035 996 2079 concessio
1021 2038 1214 2079 Sanctae
1250 2034 1403 2078 Sedis?
1439 2036 1488 2078 V.
1530 2037 1605 2077 Est
1634 2046 1690 2077 ne
1715 2032 1971 2077 necessaria

194 2118 377 2163 licentia
414 2121 574 2162 Sacrae
596 2117 971 2175 congregationis
994 2121 1044 2160 ut
1067 2117 1277 2161 sacerdos
1310 2116 1548 2161 ordinatus
1583 2116 1714 2160 titulo
1746 2115 1974 2160 missionis

190 2203 301 2262 quin
338 2203 650 2247 iuramentum
687 2202 991 2260 praestiterit,
1029 2202 1169 2259 possit
1201 2202 1258 2245 ab
1292 2201 1363 2245 illa
1398 2201 1626 2255 dioecesi,
1664 2214 1743 2258 pro
1780 2214 1868 2258 qua
1904 2214 1973 2243 or-

193 2285 379 2330 dinatus
413 2287 515 2340 fuit,
550 2286 606 2330 ad
639 2285 774 2329 aliam
814 2285 1033 2330 transire?

310 2370 411 2415 852.
445 2370 616 2423 Quibus
649 2370 796 2414 dubiis
832 2384 1098 2428 responsum
1132 2376 1215 2415 est.
1257 2370 1320 2414 Ad
1358 2371 1411 2413 1¹¹¹
1439 2370 1485 2414 in
1521 2383 1645 2424 casu,
1673 2375 1806 2427 prout
1838 2383 1975 2427 expo·

194 2453 336 2509 nitur,
364 2453 547 2511 praetia
572 2453 879 2498 declaratione
904 2453 1126 2498 eiusmodi
1151 2453 1383 2499 Sacerdoti
1405 2454 1462 2497 ab
1495 2453 1713 2512 Episcopo
1747 2452 1973 2507 facienda,

194 2541 240 2580 et
271 2536 487 2595 quamdiu
523 2537 781 2595 praedictus
816 2538 1034 2582 Sacerdos
1066 2537 1112 2581 in
1137 2551 1215 2582 sua
1251 2552 1392 2595 praxa
1418 2537 1607 2581 xix-endi
1642 2536 1975 2581 consuetudine

196 2633 346 2678 persei
361 2625 488 2675 eret,
526 2620 701 2664 nullum
752 2620 976 2665 exhibens
1009 2621 1214 2665 sincerae
1248 2620 1592 2678 resipiscentiae
1626 2620 1806 2678 signum
1829 2602 1843 2675 ’-
1879 2620 1976 2678 Epi-

194 2718 383 2761 scopum
418 2717 509 2748 non
545 2703 690 2748 teneri
723 2703 779 2747 ad
813 2704 1198 2748 sustentationem
1250 2705 1310 2748 illi
1361 2704 1685 2762 praebendam.
1724 2703 1977 2749 Seiunctim

196 2791 352 2832 autem
387 2802 412 2831 a
449 2787 724 2831 resolutione
757 2786 998 2831 dubiorum
1025 2801 1102 2845 per
1135 2786 1375 2844 epistolam
1410 2786 1693 2843 significetur
1715 2786 1975 2841 ordinario,

194 2874 245 2914 ut
279 2870 333 2915 ad
370 2870 539 2914 dictam
574 2869 930 2915 declarationem
967 2883 1058 2913 nou
1093 2869 1328 2924 dexeniat,
1366 2869 1451 2914 nisi
1486 2873 1730 2928 postquam
1776 2869 1979 2927 paternis

316 3052 323 3069 ¹
355 3050 503 3088 Collect.
530 3060 568 3086 n.
597 3050 699 3086 1180.
