2176 3386
243 176 322 217 282
889 186 999 216 PARS
1028 187 1051 215 1.
1088 187 1146 216 DE
1173 187 1385 216 PEnsoms

241 296 376 342 debet
408 298 456 340 in
488 295 621 341 altari
654 295 903 355 septimum
937 295 1282 350 candelabrum,
1317 309 1403 340 nec
1435 295 1605 340 debent
1636 295 1871 343 Canonici.
1893 310 2024 342 acce-

242 380 348 424 dere
381 379 437 424 ad
469 378 665 424 circulos
697 383 804 423 ante
838 392 962 434 eum,
1006 377 1083 437 qui
1126 377 1298 437 pariter
1338 377 1498 437 nequit
1539 377 1660 423 inter
1701 378 2022 425 celebrandum

244 462 311 507 uti
347 463 510 507 Baculo
542 461 815 507 Pontificali.
853 464 995 506 Decet
1026 465 1183 505 autem
1217 465 1267 504 ut
1301 459 1347 505 in
1381 460 1471 505 fine
1507 460 1671 506 missae
1706 463 1868 520 populo
1890 461 2025 508 bene-

243 545 366 590 dicat
385 547 414 590 ¹.
1540 593 1542 595 ,

364 630 467 674 526.
504 628 568 673 Ad
603 628 741 672 baec:
782 641 887 671 cum
924 628 1171 685 Episcopus
1192 627 1507 684 suffraganeus
1539 641 1631 671 non
1656 627 1824 672 habeat
1855 627 2029 673 exerci-

243 711 361 756 tium
397 711 741 766 iurisdictionis,
777 724 870 755 non
898 714 1046 769 potest
1077 710 1247 769 absque
1284 709 1467 768 speciali
1505 709 1789 767 delegatione
1821 715 1868 755 et
1900 725 2027 756 man-

243 797 350 839 dato
376 793 580 852 Episcopi
615 793 803 838 visitare
837 793 1096 837 clausuram
1133 791 1402 837 monialium
1426 793 1456 836 ².
1495 796 1588 838 Nec
1627 797 1776 850 potest
1796 794 1894 839 sine
1928 793 2027 852 Epi-

243 878 366 936 scopi
399 877 583 923 licentia
618 878 780 935 populo
814 876 1084 921 benedicere
1117 877 1225 921 dum
1263 890 1340 935 per
1371 876 1610 922 civitatem
1634 877 1854 923 incedit⁸.

353 962 508 1016 Quoad
533 961 799 1020 Episcopum
821 960 1069 1005 Titum-em
1089 960 1370 1006 Canonicum
1391 962 1586 1007 sufficiat
1604 966 1801 1006 notasse:
1827 961 2026 1020 l)ipsum

243 1045 457 1089 assistere
491 1044 656 1088 debere
689 1044 829 1088 choro
856 1043 900 1086 in
927 1042 1086 1087 habitu
1109 1042 1362 1099 ordinario3
1399 1044 1441 1100 2)
1469 1043 1514 1087 in
1539 1043 1744 1102 capitulo
1771 1044 1938 1088 habere
1961 1043 2030 1088 ius

243 1127 443 1186 suffragii
478 1127 597 1172 sicut
629 1127 770 1171 ceteri
803 1125 1022 1172 Canonici
1040 1144 1064 1170 ι·
1085 1126 1126 1182 5)
1149 1126 1332 1170 subesse
1356 1140 1461 1170 cum
1492 1126 1592 1171 aliis
1615 1127 1851 1172 canonicis
1872 1127 2028 1172 visita-

244 1212 359 1257 tioni
393 1212 461 1257 sui
500 1211 754 1270 Episcopi¹⁸.
791 1211 834 1267 4)
864 1213 897 1255 Α
932 1210 1082 1255 missis
1114 1210 1168 1254 de
1202 1215 1339 1254 turno
1362 1210 1591 1254 abstinere
1623 1211 1805 1266 debere,
1842 1225 1898 1255 ne
1931 1211 2029 1256 sine

245 1295 494 1354 pontificali
534 1294 689 1339 babitu
725 1307 801 1339 eas
834 1308 1001 1338 canere
1034 1294 1272 1351 cogatur5.

365 1379 406 1423 Si
441 1378 616 1423 absita
651 1380 790 1422 choro
837 1382 1088 1436 occupatus
1131 1377 1177 1420 in
1219 1377 1488 1422 exercendis
1536 1376 1891 1436 pontificalibus,
1936 1392 2029 1422 non

245 1462 450 1523 lucratur
481 1461 845 1517 distributioneS‚
882 1460 967 1505 nisi
1003 1461 1078 1505 vel
1116 1460 1351 1518 privilegio
1398 1460 1630 1505 Pontilicis
1672 1461 1746 1505 vel
1787 1464 2029 1505 eonsuetu-

244 1545 350 1589 dine
385 1545 586 1602 legitime
622 1543 916 1602 praescripta,
956 1544 1028 1588 vel
1061 1547 1233 1588 statuto
1266 1557 1291 1587 a
1327 1542 1546 1588 Pontifice
1580 1542 1852 1588 confirmato
1882 1542 2030 1588 eidem

243 1629 571 1673 concedantur.

994 1832 1171 1877 CAPUT
1214 1834 1283 1876 ΙΙΙ.

793 1986 853 2020 DE
882 1984 1125 2023 EPISCOPIS
1153 1984 1492 2022 REGULARIBUS.

365 2129 466 2172 527.
512 2128 756 2185 Episcopus
789 2126 1008 2185 regularis
1040 2126 1318 2171 considerari
1353 2131 1502 2184 potest
1537 2128 1576 2183 1)
1606 2126 1746 2170 relate
1778 2125 1834 2170 ad
1867 2125 2031 2170 emissa

249 2216 372 2268 vota3
409 2214 450 2268 2)
479 2212 620 2256 relate
643 2212 699 2255 ad
724 2212 926 2269 regulam
961 2210 1155 2268 religiosi
1189 2209 1375 2255 ordinis.
1412 2209 1692 2267 Principium
1726 2208 1937 2266 gener-'ale
1964 2212 2034 2253 est

245 2296 387 2356 quod:
426 2295 659 2354 Regularis
682 2299 918 2353 promotus
950 2295 1004 2339 ad
1044 2283 1362 2352 Episcopatum
1381 2296 1568 2337 tenetur
1593 2294 1648 2337 ad
1682 2291 1837 2336 omnia
1869 2290 2032 2351 quibus

247 2380 527 2440 professione
548 2378 754 2436 religiosa
778 2377 1079 2435 adstringitur
1095 2381 1323 2436 quatenus
1341 2376 1453 2420 haec
1476 2374 1689 2433 componi
1714 2377 1904 2433 possunt
1925 2387 2031 2418 curn

248 2462 501 2508 Pontificali
534 2462 701 2507 officio.
738 2462 856 2506 Hinc
882 2460 1150 2518 Episcopum
1183 2459 1437 2517 regularem
1472 2457 1761 2502 considerare
1795 2468 2033 2515 possumus

252 2547 290 2603 l)
318 2545 458 2590 relate
491 2544 546 2589 ad
582 2548 691 2588 vota
725 2543 889 2588 emissa
914 2541 1211 2601 paupertatis,
1238 2541 1526 2587 obedientiae
1549 2545 1595 2585 et
1614 2539 1863 2597 castitati83
1900 2540 1942 2596 2)
1965 2553 2031 2584 re·

367 2773 375 2791 ¹
406 2773 580 2809 BARBOSA
607 2771 745 2808 Collect.
775 2771 853 2807 DD.
885 2772 923 2807 in
960 2770 1061 2808 Came.
1093 2770 1152 2806 Tr.
1179 2768 1271 2813 286;
1307 2768 1513 2805 GAVAN‘rus
1548 2767 1592 2804 V.
1627 2766 1824 2804 Coadiutor
1854 2765 2031 2812 Episcopi.

369 2844 382 2862 ¹
409 2844 624 2888 Qumumn
642 2843 680 2879 in
708 2843 802 2879 Add.
828 2842 873 2879 V.
900 2842 1065 2888 Archiep.

368 2915 380 2935 ³
407 2916 442 2952 S.
469 2915 604 2961 Congr.
632 2915 743 2952 Cone.
770 2914 808 2950 in
841 2914 978 2951 Vilnen.
1003 2912 1050 2949 22
1076 2912 1182 2949 Febr.
1211 2911 1314 2948 1651.

367 2988 380 3007 ³
407 2987 611 3024 GAVANTus
637 2987 682 3023 V.
709 2986 916 3022 coadiutor.

366 3058 379 3078 ³
406 3057 441 3095 S.
468 3058 538 3094 Rit.
566 3057 700 3104 Congr.
727 3057 766 3093 in
790 3056 975 3093 Asculana
1003 3054 1047 3092 10
1073 3055 1160 3101 Apr.
1188 3053 1290 3092 1728.

2120 2545 2147 2639 ε
