2176 3386
565 188 694 217 LIBER
723 189 748 217 1.
779 188 835 216 DE
865 188 1003 217 REBUS
1031 187 1269 217 ECCLEslAE
1297 188 1625 218 SPIRITUALIBUS
1913 178 1985 218 181

200 296 342 352 resis,
379 310 459 355 per
487 309 627 356 quam
661 296 932 354 intelligitur
978 296 1129 341 omnis
1160 296 1387 354 apostasia
1421 311 1446 341 a
1480 296 1568 342 fide
1599 298 1657 342 ab
1687 297 1833 344 altero
1879 313 1986 344 con-

201 379 303 438 iuge
337 380 458 424 facta
483 380 514 422 ¹.
571 381 613 437 Ιι)
651 384 823 434 Quarta
856 384 926 424 est
957 379 1152 439 quodvis
1202 380 1455 437 periculum
1504 375 1645 437 gra‘ve
1683 381 1755 426 vel
1803 381 1988 427 animae

201 465 273 510 vel
307 465 524 524 corporis.
576 469 674 509 Huc
708 464 908 523 pertinet
951 464 1220 510 scandalum
1263 464 1394 510 alteri
1439 465 1497 509 ab
1527 465 1672 510 altero
1707 465 1885 510 illatum
1931 465 1988 509 ad

200 550 484 608 peccandum
518 549 748 594 lethaliter
772 548 802 593 ².
839 553 934 594 Hoc
967 553 1122 593 autem
1158 549 1204 593 in
1239 562 1346 594 casu
1380 549 1515 593 debet
1547 549 1785 594 admoneri
1815 550 1987 594 coniux

199 638 251 678 ut
282 634 487 678 desistat.
539 637 636 677 Huc
670 633 810 678 etiam
860 632 1061 689 pertinet
1110 633 1362 691 periculum
1396 647 1567 691 grave,
1603 633 1723 692 quod
1762 632 1891 677 alteri
1930 632 1988 677 ab

198 718 343 762 altero
377 716 620 762 immineat
642 716 674 773 ³,
709 731 768 761 ex
800 731 864 774 gr.
902 717 938 760 si
973 717 1088 761 alter
1120 716 1308 761 alterius
1348 716 1471 761 vitae
1513 716 1702 761 insidias
1743 715 1983 772 struxerit,

198 800 235 845 si
269 801 428 846 morbo
462 801 728 858 contagioso
760 801 951 855 laboret,
987 800 1023 845 si
1058 814 1165 845 eum
1198 803 1404 858 graviter
1435 800 1613 855 caedat,
1650 800 1685 844 si
1719 812 1860 844 sanae
1907 799 1985 844 ali-

200 890 356 930 menta
381 886 622 943 negaverit
645 886 716 930 vel
741 884 953 930 infirmae
977 885 1300 930 medicamina.
1328 888 1440 930 Cum
1465 899 1577 930 vero
1594 886 1734 930 etiam
1761 884 1815 928 iis
1836 885 1987 930 causis

202 969 521 1025 militantibus,
558 983 649 1014 non
674 982 856 1027 semper
901 968 1077 1013 licitum
1126 968 1379 1013 divortium
1413 970 1497 1023 sit,
1533 969 1589 1013 ad
1622 968 1984 1026 dignoscendum

197 1054 492 1114 quandonam
541 1053 717 1098 licitum
753 1053 843 1109 sit,
882 1053 953 1098 vel
988 1067 1113 1108 non,
1150 1053 1263 1098 haec
1297 1067 1404 1110 prae
1437 1053 1580 1098 oculis
1623 1053 1830 1098 habenda
1876 1057 1986 1097 sunt

199 1137 446 1196 principia:
496 1138 541 1196 1)
576 1137 618 1181 Si
652 1136 903 1181 divortium
947 1136 1004 1182 ob
1036 1136 1312 1181 adulterium
1348 1136 1424 1191 fit,
1460 1140 1529 1181 est
1566 1136 1771 1191 licitum,
1806 1136 1986 1196 quoties

198 1219 313 1265 alter
344 1223 414 1264 est
446 1219 686 1276 innocens,
713 1225 759 1265 et
792 1234 884 1265 non
919 1220 1203 1265 condonavit
1234 1219 1472 1275 delictum,
1499 1220 1598 1264 sive
1630 1233 1860 1279 expresse,
1885 1220 1984 1264 sive

198 1303 354 1358 tacite,
391 1317 435 1348 v.
473 1318 537 1361 gr.
575 1318 679 1349 cum
716 1318 769 1349 eo
802 1309 964 1362 sponte
998 1305 1208 1362 copulam
1244 1304 1444 1360 habens,
1482 1304 1556 1349 vel
1589 1304 1671 1362 ipsi
1707 1304 1983 1348 familiarem

197 1400 244 1432 se
277 1389 515 1433 exhibens.
550 1392 649 1433 Non
686 1390 808 1444 licet,
844 1402 948 1433 cum
985 1388 1093 1433 illud
1127 1388 1360 1433 commisit
1394 1388 1716 1433 consentiente
1754 1387 1843 1432 alio
1876 1402 1984 1432 con·

199 1471 360 1529 muge,
396 1471 493 1516 sive
526 1486 736 1529 expresse
768 1472 866 1516 sixe
901 1475 1060 1527 tacite,
1100 1473 1171 1516 xel
1205 1473 1251 1516 vi
1285 1476 1365 1517 aut
1398 1472 1526 1527 dolo,
1564 1473 1637 1516 vel
1670 1486 1776 1516 cum
1810 1472 1984 1516 adulte-

199 1555 316 1600 rium
354 1557 590 1601 materiale
622 1560 805 1601 tantum
842 1557 945 1611 fuit,
982 1571 1055 1601 ex.
1083 1572 1147 1614 gr.
1185 1557 1221 1601 si
1255 1571 1336 1614 per
1369 1557 1464 1600 vim
1500 1556 1771 1611 fornicetur,
1800 1555 1872 1599 vel
1896 1557 1984 1600 for-

199 1639 380 1684 nicetur
412 1640 662 1697 prudenter
693 1646 861 1698 putans
893 1654 1029 1686 suum
1062 1642 1306 1699 coniugem
1355 1641 1545 1696 obiisse,
1581 1645 1661 1686 aut
1694 1641 1888 1699 coniuge
1921 1641 1986 1685 in-

197 1723 513 1768 continentiae
561 1725 851 1770 occasionem
902 1726 1180 1783 praebente,
1219 1727 1291 1771 vel
1325 1726 1361 1771 si
1396 1740 1489 1770 non
1538 1726 1596 1771 sit
1642 1727 1897 1784 perfectum
1938 1730 1984 1770 et

197 1813 588 1854 consummatum.
627 1811 668 1866 2)
706 1809 748 1854 Si
783 1809 834 1854 fit
855 1810 912 1854 ob
945 1811 1189 1864 haeresim,
1225 1811 1272 1855 in
1306 1825 1393 1869 qua
1429 1825 1521 1856 non
1546 1812 1682 1856 datur
1714 1825 1983 1870 compensa-

198 1892 260 1937 tio
293 1893 582 1948 delictorum,
620 1894 693 1938 vel
727 1893 778 1938 fit
810 1893 868 1939 ob
899 1894 1193 1949 scandalum,
1229 1894 1406 1939 licitum
1449 1899 1517 1940 est
1548 1909 1784 1955 quousque
1826 1910 1983 1940 emen-

196 1976 319 2020 datio
353 1990 446 2020 non
480 1976 611 2021 adsit.
650 1977 692 2031 5)
731 1976 772 2021 si
807 1976 886 2021 fiat
919 1977 976 2021 ob
1011 1977 1294 2035 periculum,
1330 1992 1387 2022 ex
1422 1991 1486 2035 gr.
1524 1978 1581 2022 ob
1618 1977 1861 2022 saevitiam
1911 1978 1982 2023 vel

195 2058 317 2103 aliud
352 2057 536 2113 vitium,
572 2059 645 2102 vel
679 2072 819 2116 grave
854 2059 1026 2103 malum
1062 2058 1105 2102 in
1141 2060 1272 2103 bonis
1305 2059 1507 2117 corporis
1542 2059 1613 2104 vel
1651 2060 1896 2115 fortunae,
1935 2060 1982 2103 li-

196 2143 338 2187 citum
374 2146 443 2187 est
473 2142 652 2202 quoties
685 2143 837 2188 cautio
875 2157 967 2187 non
1003 2147 1259 2201 praestetur
1294 2144 1364 2188 vel
1403 2158 1482 2201 per
1534 2143 1871 2200 fideiussorem,
1912 2145 1982 2189 vel

198 2240 277 2284 per
310 2226 514 2284 pignora,
542 2227 614 2271 vel
650 2240 728 2285 per
760 2225 847 2271 alia
882 2225 1031 2271 media
1066 2241 1090 2271 a
1125 2226 1272 2271 iudice
1306 2227 1618 2272 ecclesiastico
1654 2228 1902 2285 probanda,
1937 2233 1984 2272 et

196 2323 431 2369 quousque
464 2310 718 2368 periculum
751 2310 900 2355 durat.

316 2477 325 2497 ¹
354 2477 442 2524 Cap.
470 2478 604 2515 Mulier
630 2478 675 2514 de
701 2487 868 2514 convers.
896 2478 1057 2524 coniug.‚
1084 2488 1163 2524 cap.
1192 2479 1386 2522 Quaesivit,
1415 2482 1450 2515 et
1476 2487 1555 2523 cap.
1583 2478 1604 2514 4
1632 2479 1673 2515 cle
1698 2479 1820 2515 divort

316 2549 328 2566 ²
354 2549 440 2585 Can.
468 2549 683 2586 Idololatria
708 2549 765 2593 28,
792 2559 825 2595 q.
853 2549 886 2585 2.

316 2620 329 2639 ³
354 2620 440 2667 Cap.
466 2621 623 2658 Litteras
649 2622 692 2658 de
719 2626 804 2659 rest.
832 2622 1006 2668 expoliat.
1033 2622 1071 2658 in
1098 2622 1181 2658 fine.
