<?xml version="1.0" encoding="UTF-8"?>
<!DOCTYPE html PUBLIC "-//W3C//DTD XHTML 1.0 Transitional//EN"
    "http://www.w3.org/TR/xhtml1/DTD/xhtml1-transitional.dtd">
<html xmlns="http://www.w3.org/1999/xhtml" xml:lang="en" lang="en">
 <head>
  <title>
</title>
<meta http-equiv="Content-Type" content="text/html;charset=utf-8" />
  <meta name='ocr-system' content='tesseract 3.04.00' />
  <meta name='ocr-capabilities' content='ocr_page ocr_carea ocr_par ocr_line ocrx_word'/>
</head>
<body>
  <div class='ocr_page' id='page_1' title='image "apparatus00ziteuoft_0181.png"; bbox 0 0 2176 3386; ppageno 0'>
   <div class='ocr_carea' id='block_1_1' title="bbox 0 0 1246 218">
    <p class='ocr_par' dir='ltr' id='par_1_1' title="bbox 0 0 1246 218">
     <span class='ocr_line' id='line_1_1' title="bbox 0 0 1246 218; baseline 0 -177"><span class='ocrx_word' id='word_1_1' title='bbox 0 0 758 218; x_wconf 95' lang='lat' dir='ltr'> </span> <span class='ocrx_word' id='word_1_2' title='bbox 822 0 1246 41; x_wconf 95' lang='lat' dir='ltr'> </span> 
     </span>
    </p>
   </div>
   <div class='ocr_carea' id='block_1_2' title="bbox 772 177 1913 223">
    <p class='ocr_par' dir='ltr' id='par_1_2' title="bbox 772 177 1913 223">
     <span class='ocr_line' id='line_1_2' title="bbox 772 177 1913 223; baseline -0.004 0"><span class='ocrx_word' id='word_1_3' title='bbox 772 194 902 223; x_wconf 67' lang='lat' dir='ltr'>Lmen</span> <span class='ocrx_word' id='word_1_4' title='bbox 930 194 954 222; x_wconf 94' lang='lat'>1.</span> <span class='ocrx_word' id='word_1_5' title='bbox 985 193 1042 222; x_wconf 83' lang='lat' dir='ltr'>DE</span> <span class='ocrx_word' id='word_1_6' title='bbox 1072 190 1267 221; x_wconf 67' lang='lat' dir='ltr'>emmas</span> <span class='ocrx_word' id='word_1_7' title='bbox 1834 177 1913 218; x_wconf 82' lang='lat'>169</span> 
     </span>
    </p>
   </div>
   <div class='ocr_carea' id='block_1_3' title="bbox 1699 243 1911 247">
    <p class='ocr_par' dir='ltr' id='par_1_3' title="bbox 1699 243 1911 247">
     <span class='ocr_line' id='line_1_3' title="bbox 1699 243 1911 247; baseline 0 0"><span class='ocrx_word' id='word_1_8' title='bbox 1699 243 1911 247; x_wconf 95' lang='lat' dir='ltr'> </span> 
     </span>
    </p>
   </div>
   <div class='ocr_carea' id='block_1_4' title="bbox 132 242 1697 260">
    <p class='ocr_par' dir='ltr' id='par_1_4' title="bbox 132 242 1697 260">
     <span class='ocr_line' id='line_1_4' title="bbox 132 242 1697 260; baseline 0 3126"><span class='ocrx_word' id='word_1_9' title='bbox 132 242 1697 260; x_wconf 95' lang='lat' dir='ltr'> </span> 
     </span>
    </p>
   </div>
   <div class='ocr_carea' id='block_1_5' title="bbox 132 297 1924 2946">
    <p class='ocr_par' dir='ltr' id='par_1_5' title="bbox 132 297 1918 1514">
     <span class='ocr_line' id='line_1_5' title="bbox 132 297 1911 365; baseline -0.006 -14"><span class='ocrx_word' id='word_1_10' title='bbox 132 306 186 352; x_wconf 89' lang='lat' dir='ltr'>iis</span> <span class='ocrx_word' id='word_1_11' title='bbox 217 305 381 365; x_wconf 89' lang='lat' dir='ltr'>quibus</span> <span class='ocrx_word' id='word_1_12' title='bbox 412 304 573 349; x_wconf 86' lang='lat' dir='ltr'>eadem</span> <span class='ocrx_word' id='word_1_13' title='bbox 606 306 702 348; x_wconf 89' lang='lat' dir='ltr'>Sac.</span> <span class='ocrx_word' id='word_1_14' title='bbox 726 305 889 360; x_wconf 84' lang='lat' dir='ltr'>Congr.</span> <span class='ocrx_word' id='word_1_15' title='bbox 916 315 994 346; x_wconf 90' lang='lat' dir='ltr'>eos</span> <span class='ocrx_word' id='word_1_16' title='bbox 1025 299 1287 354; x_wconf 88' lang='lat' dir='ltr'>subiecerit‚</span> <span class='ocrx_word' id='word_1_17' title='bbox 1315 298 1537 344; x_wconf 90' lang='lat' dir='ltr'>nimirum</span> <span class='ocrx_word' id='word_1_18' title='bbox 1571 297 1764 343; x_wconf 88' lang='lat' dir='ltr'>Vicariis</span> <span class='ocrx_word' id='word_1_19' title='bbox 1799 301 1911 356; x_wconf 80' lang='lat' dir='ltr'>Apo-</span> 
     </span>
     <span class='ocr_line' id='line_1_6' title="bbox 132 371 1909 440; baseline -0.005 -6"><span class='ocrx_word' id='word_1_20' title='bbox 132 389 317 434; x_wconf 88' lang='lat' dir='ltr'>stolicis.</span> <span class='ocrx_word' id='word_1_21' title='bbox 366 390 497 432; x_wconf 75' lang='lat' dir='ltr'>Anno</span> <span class='ocrx_word' id='word_1_22' title='bbox 545 388 655 431; x_wconf 77' lang='lat'>1702</span> <span class='ocrx_word' id='word_1_23' title='bbox 696 387 1004 430; x_wconf 86' lang='lat' dir='ltr'>instauratum</span> <span class='ocrx_word' id='word_1_24' title='bbox 1047 388 1116 428; x_wconf 90' lang='lat' dir='ltr'>est</span> <span class='ocrx_word' id='word_1_25' title='bbox 1152 384 1389 429; x_wconf 89' lang='lat' dir='ltr'>decretum</span> <span class='ocrx_word' id='word_1_26' title='bbox 1423 371 1695 440; x_wconf 88' lang='lat' dir='ltr'>iampridem</span> <span class='ocrx_word' id='word_1_27' title='bbox 1735 382 1909 436; x_wconf 87' lang='lat' dir='ltr'>latum,</span> 
     </span>
     <span class='ocr_line' id='line_1_7' title="bbox 132 463 1912 532; baseline -0.005 -16"><span class='ocrx_word' id='word_1_28' title='bbox 132 486 222 532; x_wconf 90' lang='lat' dir='ltr'>quo</span> <span class='ocrx_word' id='word_1_29' title='bbox 257 470 531 517; x_wconf 86' lang='lat' dir='ltr'>Missionarii</span> <span class='ocrx_word' id='word_1_30' title='bbox 565 469 795 528; x_wconf 81' lang='lat' dir='ltr'>regulares</span> <span class='ocrx_word' id='word_1_31' title='bbox 820 470 865 512; x_wconf 91' lang='lat' dir='ltr'>in</span> <span class='ocrx_word' id='word_1_32' title='bbox 888 472 1286 514; x_wconf 86' lang='lat' dir='ltr'>sacramentorum</span> <span class='ocrx_word' id='word_1_33' title='bbox 1312 465 1714 510; x_wconf 74' lang='lat' dir='ltr'>administratione</span> <span class='ocrx_word' id='word_1_34' title='bbox 1746 469 1793 508; x_wconf 93' lang='lat' dir='ltr'>et</span> <span class='ocrx_word' id='word_1_35' title='bbox 1814 463 1912 508; x_wconf 93' lang='lat' dir='ltr'>ani-</span> 
     </span>
     <span class='ocr_line' id='line_1_8' title="bbox 132 547 1914 610; baseline -0.005 -11"><span class='ocrx_word' id='word_1_36' title='bbox 132 568 314 599; x_wconf 87' lang='lat' dir='ltr'>marum</span> <span class='ocrx_word' id='word_1_37' title='bbox 351 567 461 598; x_wconf 86' lang='lat' dir='ltr'>cura</span> <span class='ocrx_word' id='word_1_38' title='bbox 497 551 687 597; x_wconf 86' lang='lat' dir='ltr'>Vicariis</span> <span class='ocrx_word' id='word_1_39' title='bbox 722 550 988 610; x_wconf 74' lang='lat' dir='ltr'>Apostolicis</span> <span class='ocrx_word' id='word_1_40' title='bbox 1027 549 1348 594; x_wconf 82' lang='lat' dir='ltr'>subiiciuntur.</span> <span class='ocrx_word' id='word_1_41' title='bbox 1397 551 1530 593; x_wconf 80' lang='lat' dir='ltr'>Anno</span> <span class='ocrx_word' id='word_1_42' title='bbox 1567 547 1678 592; x_wconf 71' lang='lat'>1848</span> <span class='ocrx_word' id='word_1_43' title='bbox 1719 551 1914 603; x_wconf 80' lang='lat' dir='ltr'>Congre-</span> 
     </span>
     <span class='ocr_line' id='line_1_9' title="bbox 132 631 1914 695; baseline -0.004 -13"><span class='ocrx_word' id='word_1_44' title='bbox 132 638 254 695; x_wconf 82' lang='lat' dir='ltr'>gatio</span> <span class='ocrx_word' id='word_1_45' title='bbox 289 635 575 695; x_wconf 87' lang='lat' dir='ltr'>particularis</span> <span class='ocrx_word' id='word_1_46' title='bbox 607 649 686 693; x_wconf 87' lang='lat' dir='ltr'>pro</span> <span class='ocrx_word' id='word_1_47' title='bbox 720 636 853 679; x_wconf 86' lang='lat' dir='ltr'>rebus</span> <span class='ocrx_word' id='word_1_48' title='bbox 874 634 1135 679; x_wconf 88' lang='lat' dir='ltr'>sinensibus</span> <span class='ocrx_word' id='word_1_49' title='bbox 1167 645 1382 691; x_wconf 77' lang='lat' dir='ltr'>expresse</span> <span class='ocrx_word' id='word_1_50' title='bbox 1405 631 1658 676; x_wconf 78' lang='lat' dir='ltr'>declaravit</span> <span class='ocrx_word' id='word_1_51' title='bbox 1692 631 1914 689; x_wconf 80' lang='lat' dir='ltr'>probante</span> 
     </span>
     <span class='ocr_line' id='line_1_10' title="bbox 133 715 1914 775; baseline -0.004 -10"><span class='ocrx_word' id='word_1_52' title='bbox 133 724 321 766; x_wconf 92' lang='lat' dir='ltr'>Summo</span> <span class='ocrx_word' id='word_1_53' title='bbox 357 718 590 774; x_wconf 86' lang='lat' dir='ltr'>Pontifice,</span> <span class='ocrx_word' id='word_1_54' title='bbox 618 717 928 763; x_wconf 87' lang='lat' dir='ltr'>Missionarios</span> <span class='ocrx_word' id='word_1_55' title='bbox 963 717 1191 775; x_wconf 75' lang='lat' dir='ltr'>regulares</span> <span class='ocrx_word' id='word_1_56' title='bbox 1228 719 1304 760; x_wconf 90' lang='lat' dir='ltr'>PP.</span> <span class='ocrx_word' id='word_1_57' title='bbox 1330 719 1428 760; x_wconf 84' lang='lat' dir='ltr'>Soc..</span> <span class='ocrx_word' id='word_1_58' title='bbox 1458 719 1557 760; x_wconf 92' lang='lat' dir='ltr'>Iesu</span> <span class='ocrx_word' id='word_1_59' title='bbox 1590 715 1794 771; x_wconf 71' lang='lat' dir='ltr'>inclusis.</span> <span class='ocrx_word' id='word_1_60' title='bbox 1820 715 1914 759; x_wconf 88' lang='lat' dir='ltr'>sola</span> 
     </span>
     <span class='ocr_line' id='line_1_11' title="bbox 132 797 1914 861; baseline -0.004 -13"><span class='ocrx_word' id='word_1_61' title='bbox 132 804 314 849; x_wconf 89' lang='lat' dir='ltr'>interna</span> <span class='ocrx_word' id='word_1_62' title='bbox 347 802 584 861; x_wconf 82' lang='lat' dir='ltr'>disciplina</span> <span class='ocrx_word' id='word_1_63' title='bbox 619 802 814 860; x_wconf 81' lang='lat' dir='ltr'>regulari</span> <span class='ocrx_word' id='word_1_64' title='bbox 849 806 1068 858; x_wconf 88' lang='lat' dir='ltr'>excepta,</span> <span class='ocrx_word' id='word_1_65' title='bbox 1103 800 1251 859; x_wconf 90' lang='lat' dir='ltr'>quoad</span> <span class='ocrx_word' id='word_1_66' title='bbox 1293 798 1449 844; x_wconf 89' lang='lat' dir='ltr'>omnia</span> <span class='ocrx_word' id='word_1_67' title='bbox 1495 798 1676 856; x_wconf 81' lang='lat' dir='ltr'>negotia</span> <span class='ocrx_word' id='word_1_68' title='bbox 1711 798 1766 842; x_wconf 86' lang='lat' dir='ltr'>ad</span> <span class='ocrx_word' id='word_1_69' title='bbox 1802 797 1914 855; x_wconf 79' lang='lat' dir='ltr'>regi-</span> 
     </span>
     <span class='ocr_line' id='line_1_12' title="bbox 134 882 1915 943; baseline -0.004 -11"><span class='ocrx_word' id='word_1_70' title='bbox 134 901 239 933; x_wconf 87' lang='lat' dir='ltr'>men</span> <span class='ocrx_word' id='word_1_71' title='bbox 276 886 547 932; x_wconf 87' lang='lat' dir='ltr'>Missionum</span> <span class='ocrx_word' id='word_1_72' title='bbox 580 884 834 943; x_wconf 77' lang='lat' dir='ltr'>spectantia</span> <span class='ocrx_word' id='word_1_73' title='bbox 879 884 962 928; x_wconf 84' lang='lat' dir='ltr'>sul)</span> <span class='ocrx_word' id='word_1_74' title='bbox 1002 883 1305 942; x_wconf 79' lang='lat' dir='ltr'>dependentia</span> <span class='ocrx_word' id='word_1_75' title='bbox 1347 896 1444 927; x_wconf 90' lang='lat' dir='ltr'>esse</span> <span class='ocrx_word' id='word_1_76' title='bbox 1478 882 1764 926; x_wconf 89' lang='lat' dir='ltr'>Vicariorum</span> <span class='ocrx_word' id='word_1_77' title='bbox 1802 885 1915 939; x_wconf 72' lang='lat' dir='ltr'>Apo-</span> 
     </span>
     <span class='ocr_line' id='line_1_13' title="bbox 133 965 1914 1027; baseline -0.002 -13"><span class='ocrx_word' id='word_1_78' title='bbox 133 970 425 1024; x_wconf 84' lang='lat' dir='ltr'>stolicorum,</span> <span class='ocrx_word' id='word_1_79' title='bbox 461 968 675 1027; x_wconf 83' lang='lat' dir='ltr'>additque</span> <span class='ocrx_word' id='word_1_80' title='bbox 716 968 836 1027; x_wconf 88' lang='lat' dir='ltr'>quod</span> <span class='ocrx_word' id='word_1_81' title='bbox 870 982 975 1013; x_wconf 89' lang='lat' dir='ltr'>cum</span> <span class='ocrx_word' id='word_1_82' title='bbox 1029 967 1303 1012; x_wconf 86' lang='lat' dir='ltr'>Missionarii</span> <span class='ocrx_word' id='word_1_83' title='bbox 1348 967 1579 1024; x_wconf 85' lang='lat' dir='ltr'>regulares</span> <span class='ocrx_word' id='word_1_84' title='bbox 1610 965 1779 1024; x_wconf 79' lang='lat' dir='ltr'>duplici</span> <span class='ocrx_word' id='word_1_85' title='bbox 1812 966 1914 1011; x_wconf 89' lang='lat' dir='ltr'>obe-</span> 
     </span>
     <span class='ocr_line' id='line_1_14' title="bbox 132 1049 1918 1109; baseline -0.002 -12"><span class='ocrx_word' id='word_1_86' title='bbox 132 1052 332 1097; x_wconf 89' lang='lat' dir='ltr'>dientiae</span> <span class='ocrx_word' id='word_1_87' title='bbox 379 1052 565 1097; x_wconf 89' lang='lat' dir='ltr'>vinculo</span> <span class='ocrx_word' id='word_1_88' title='bbox 607 1051 976 1109; x_wconf 73' lang='lat' dir='ltr'>obstringamur,</span> <span class='ocrx_word' id='word_1_89' title='bbox 1014 1051 1233 1095; x_wconf 91' lang='lat' dir='ltr'>nimirum</span> <span class='ocrx_word' id='word_1_90' title='bbox 1278 1064 1383 1107; x_wconf 82' lang='lat' dir='ltr'>erga</span> <span class='ocrx_word' id='word_1_91' title='bbox 1426 1054 1569 1108; x_wconf 85' lang='lat' dir='ltr'>Caput</span> <span class='ocrx_word' id='word_1_92' title='bbox 1609 1049 1840 1095; x_wconf 88' lang='lat' dir='ltr'>Missionis</span> <span class='ocrx_word' id='word_1_93' title='bbox 1871 1053 1918 1094; x_wconf 89' lang='lat' dir='ltr'>et</span> 
     </span>
     <span class='ocr_line' id='line_1_15' title="bbox 133 1133 1917 1194; baseline -0.003 -13"><span class='ocrx_word' id='word_1_94' title='bbox 133 1150 236 1194; x_wconf 82' lang='lat' dir='ltr'>erga</span> <span class='ocrx_word' id='word_1_95' title='bbox 272 1139 376 1194; x_wconf 89' lang='lat' dir='ltr'>Sup.</span> <span class='ocrx_word' id='word_1_96' title='bbox 417 1134 667 1190; x_wconf 83' lang='lat' dir='ltr'>Missionis‚</span> <span class='ocrx_word' id='word_1_97' title='bbox 704 1135 903 1193; x_wconf 90' lang='lat' dir='ltr'>primum</span> <span class='ocrx_word' id='word_1_98' title='bbox 954 1134 1317 1192; x_wconf 78' lang='lat' dir='ltr'>praeponderare</span> <span class='ocrx_word' id='word_1_99' title='bbox 1363 1137 1409 1178; x_wconf 93' lang='lat' dir='ltr'>et</span> <span class='ocrx_word' id='word_1_100' title='bbox 1454 1133 1499 1176; x_wconf 91' lang='lat' dir='ltr'>in</span> <span class='ocrx_word' id='word_1_101' title='bbox 1534 1146 1640 1178; x_wconf 89' lang='lat' dir='ltr'>casu</span> <span class='ocrx_word' id='word_1_102' title='bbox 1675 1133 1917 1177; x_wconf 70' lang='lat' dir='ltr'>conflictus</span> 
     </span>
     <span class='ocr_line' id='line_1_16' title="bbox 134 1216 1916 1277; baseline -0.002 -13"><span class='ocrx_word' id='word_1_103' title='bbox 134 1221 398 1277; x_wconf 73' lang='lat' dir='ltr'>praevalere</span> <span class='ocrx_word' id='word_1_104' title='bbox 433 1232 614 1277; x_wconf 91' lang='lat' dir='ltr'>semper</span> <span class='ocrx_word' id='word_1_105' title='bbox 645 1219 794 1263; x_wconf 87' lang='lat' dir='ltr'>debet.</span> <span class='ocrx_word' id='word_1_106' title='bbox 833 1218 1033 1262; x_wconf 78' lang='lat' dir='ltr'>Tandem</span> <span class='ocrx_word' id='word_1_107' title='bbox 1070 1221 1286 1262; x_wconf 84' lang='lat' dir='ltr'>Summus</span> <span class='ocrx_word' id='word_1_108' title='bbox 1323 1216 1533 1261; x_wconf 83' lang='lat' dir='ltr'>Pontifex</span> <span class='ocrx_word' id='word_1_109' title='bbox 1571 1221 1653 1261; x_wconf 91' lang='lat' dir='ltr'>Leo</span> <span class='ocrx_word' id='word_1_110' title='bbox 1681 1221 1778 1262; x_wconf 82' lang='lat' dir='ltr'>xm</span> <span class='ocrx_word' id='word_1_111' title='bbox 1803 1220 1916 1262; x_wconf 86' lang='lat' dir='ltr'>Con-</span> 
     </span>
     <span class='ocr_line' id='line_1_17' title="bbox 133 1299 1917 1360; baseline -0.003 -12"><span class='ocrx_word' id='word_1_112' title='bbox 133 1303 372 1348; x_wconf 86' lang='lat' dir='ltr'>stitutione</span> <span class='ocrx_word' id='word_1_113' title='bbox 422 1306 654 1348; x_wconf 65' lang='lat' dir='ltr'>Romanos</span> <span class='ocrx_word' id='word_1_114' title='bbox 701 1303 940 1360; x_wconf 75' lang='lat' dir='ltr'>Pontifices</span> <span class='ocrx_word' id='word_1_115' title='bbox 981 1315 1097 1360; x_wconf 83' lang='lat' dir='ltr'>quae</span> <span class='ocrx_word' id='word_1_116' title='bbox 1140 1301 1193 1345; x_wconf 87' lang='lat' dir='ltr'>ad</span> <span class='ocrx_word' id='word_1_117' title='bbox 1237 1314 1400 1345; x_wconf 90' lang='lat' dir='ltr'>omnes</span> <span class='ocrx_word' id='word_1_118' title='bbox 1444 1300 1683 1345; x_wconf 80' lang='lat' dir='ltr'>missiones</span> <span class='ocrx_word' id='word_1_119' title='bbox 1729 1299 1917 1344; x_wconf 81' lang='lat' dir='ltr'>extendi</span> 
     </span>
     <span class='ocr_line' id='line_1_18' title="bbox 135 1383 1916 1444; baseline -0.002 -13"><span class='ocrx_word' id='word_1_120' title='bbox 135 1399 265 1431; x_wconf 89' lang='lat' dir='ltr'>mens</span> <span class='ocrx_word' id='word_1_121' title='bbox 294 1388 395 1430; x_wconf 87' lang='lat' dir='ltr'>eius</span> <span class='ocrx_word' id='word_1_122' title='bbox 428 1391 512 1441; x_wconf 88' lang='lat' dir='ltr'>est,</span> <span class='ocrx_word' id='word_1_123' title='bbox 549 1385 846 1430; x_wconf 78' lang='lat' dir='ltr'>confirmavit</span> <span class='ocrx_word' id='word_1_124' title='bbox 877 1400 993 1444; x_wconf 82' lang='lat' dir='ltr'>quae</span> <span class='ocrx_word' id='word_1_125' title='bbox 1027 1384 1254 1429; x_wconf 88' lang='lat' dir='ltr'>anteactis</span> <span class='ocrx_word' id='word_1_126' title='bbox 1282 1384 1474 1428; x_wconf 88' lang='lat' dir='ltr'>saeculis</span> <span class='ocrx_word' id='word_1_127' title='bbox 1507 1383 1597 1428; x_wconf 89' lang='lat' dir='ltr'>lata</span> <span class='ocrx_word' id='word_1_128' title='bbox 1633 1385 1818 1428; x_wconf 82' lang='lat' dir='ltr'>fuerunt</span> <span class='ocrx_word' id='word_1_129' title='bbox 1843 1384 1916 1427; x_wconf 90' lang='lat' dir='ltr'>de·</span> 
     </span>
     <span class='ocr_line' id='line_1_19' title="bbox 133 1474 272 1514; baseline -0.007 0"><span class='ocrx_word' id='word_1_130' title='bbox 133 1474 272 1514; x_wconf 87' lang='lat' dir='ltr'>creta.</span> 
     </span>
    </p>

    <p class='ocr_par' dir='ltr' id='par_1_6' title="bbox 133 1550 1920 2281">
     <span class='ocr_line' id='line_1_20' title="bbox 251 1550 1918 1610; baseline -0.002 -13"><span class='ocrx_word' id='word_1_131' title='bbox 251 1554 351 1598; x_wconf 68' lang='lat'>2⁴25.</span> <span class='ocrx_word' id='word_1_132' title='bbox 398 1552 691 1598; x_wconf 72' lang='lat' dir='ltr'>Memoranda</span> <span class='ocrx_word' id='word_1_133' title='bbox 715 1557 783 1597; x_wconf 87' lang='lat' dir='ltr'>est</span> <span class='ocrx_word' id='word_1_134' title='bbox 815 1552 1091 1598; x_wconf 89' lang='lat' dir='ltr'>Constitutio</span> <span class='ocrx_word' id='word_1_135' title='bbox 1127 1551 1287 1596; x_wconf 84' lang='lat' dir='ltr'>Leonis</span> <span class='ocrx_word' id='word_1_136' title='bbox 1322 1555 1418 1596; x_wconf 73' lang='lat' dir='ltr'>xm</span> <span class='ocrx_word' id='word_1_137' title='bbox 1450 1565 1566 1610; x_wconf 89' lang='lat' dir='ltr'>quae</span> <span class='ocrx_word' id='word_1_138' title='bbox 1599 1552 1688 1596; x_wconf 86' lang='lat' dir='ltr'>lata</span> <span class='ocrx_word' id='word_1_139' title='bbox 1723 1550 1810 1595; x_wconf 91' lang='lat' dir='ltr'>fuit</span> <span class='ocrx_word' id='word_1_140' title='bbox 1846 1550 1918 1595; x_wconf 88' lang='lat' dir='ltr'>die</span> 
     </span>
     <span class='ocr_line' id='line_1_21' title="bbox 133 1634 1918 1694; baseline -0.001 -14"><span class='ocrx_word' id='word_1_141' title='bbox 133 1637 159 1680; x_wconf 82' lang='lat'><em>8</em></span> <span class='ocrx_word' id='word_1_142' title='bbox 193 1635 299 1682; x_wconf 80' lang='lat' dir='ltr'>Maii</span> <span class='ocrx_word' id='word_1_143' title='bbox 332 1651 405 1681; x_wconf 91' lang='lat' dir='ltr'>an.</span> <span class='ocrx_word' id='word_1_144' title='bbox 447 1636 550 1680; x_wconf 84' lang='lat'>1881</span> <span class='ocrx_word' id='word_1_145' title='bbox 591 1639 824 1680; x_wconf 79' lang='lat' dir='ltr'>Romanos</span> <span class='ocrx_word' id='word_1_146' title='bbox 859 1637 1117 1694; x_wconf 71' lang='lat' dir='ltr'>Pontifices.</span> <span class='ocrx_word' id='word_1_147' title='bbox 1154 1635 1430 1681; x_wconf 89' lang='lat' dir='ltr'>Constitutio</span> <span class='ocrx_word' id='word_1_148' title='bbox 1465 1636 1712 1680; x_wconf 91' lang='lat' dir='ltr'>nonnullas</span> <span class='ocrx_word' id='word_1_149' title='bbox 1744 1634 1918 1679; x_wconf 86' lang='lat' dir='ltr'>dirimit</span> 
     </span>
     <span class='ocr_line' id='line_1_22' title="bbox 133 1718 1920 1777; baseline -0.001 -13"><span class='ocrx_word' id='word_1_150' title='bbox 133 1719 475 1765; x_wconf 79' lang='lat' dir='ltr'>controversias</span> <span class='ocrx_word' id='word_1_151' title='bbox 508 1720 628 1764; x_wconf 91' lang='lat' dir='ltr'>inter</span> <span class='ocrx_word' id='word_1_152' title='bbox 665 1719 905 1777; x_wconf 86' lang='lat' dir='ltr'>Episcopos</span> <span class='ocrx_word' id='word_1_153' title='bbox 938 1725 983 1764; x_wconf 89' lang='lat' dir='ltr'>et</span> <span class='ocrx_word' id='word_1_154' title='bbox 1019 1719 1330 1764; x_wconf 81' lang='lat' dir='ltr'>Missionarios</span> <span class='ocrx_word' id='word_1_155' title='bbox 1376 1720 1619 1776; x_wconf 78' lang='lat' dir='ltr'>Regulares</span> <span class='ocrx_word' id='word_1_156' title='bbox 1654 1718 1840 1776; x_wconf 71' lang='lat' dir='ltr'>Angliae</span> <span class='ocrx_word' id='word_1_157' title='bbox 1874 1722 1920 1762; x_wconf 90' lang='lat' dir='ltr'>et</span> 
     </span>
     <span class='ocr_line' id='line_1_23' title="bbox 137 1802 1919 1858; baseline -0.001 -11"><span class='ocrx_word' id='word_1_158' title='bbox 137 1803 329 1858; x_wconf 87' lang='lat' dir='ltr'>Scotiae,</span> <span class='ocrx_word' id='word_1_159' title='bbox 356 1803 432 1847; x_wconf 89' lang='lat' dir='ltr'>sed</span> <span class='ocrx_word' id='word_1_160' title='bbox 464 1804 576 1846; x_wconf 81' lang='lat' dir='ltr'>haec</span> <span class='ocrx_word' id='word_1_161' title='bbox 600 1802 868 1847; x_wconf 86' lang='lat' dir='ltr'>constitutio</span> <span class='ocrx_word' id='word_1_162' title='bbox 892 1803 946 1846; x_wconf 90' lang='lat' dir='ltr'>ad</span> <span class='ocrx_word' id='word_1_163' title='bbox 971 1802 1081 1846; x_wconf 88' lang='lat' dir='ltr'>alias</span> <span class='ocrx_word' id='word_1_164' title='bbox 1115 1802 1356 1847; x_wconf 81' lang='lat' dir='ltr'>missiones</span> <span class='ocrx_word' id='word_1_165' title='bbox 1389 1807 1582 1847; x_wconf 84' lang='lat' dir='ltr'>extensa</span> <span class='ocrx_word' id='word_1_166' title='bbox 1614 1806 1697 1847; x_wconf 90' lang='lat' dir='ltr'>est.</span> <span class='ocrx_word' id='word_1_167' title='bbox 1744 1802 1919 1847; x_wconf 81' lang='lat' dir='ltr'>Consti-</span> 
     </span>
     <span class='ocr_line' id='line_1_24' title="bbox 135 1885 1920 1946; baseline -0.002 -14"><span class='ocrx_word' id='word_1_168' title='bbox 135 1888 250 1932; x_wconf 88' lang='lat' dir='ltr'>tutio</span> <span class='ocrx_word' id='word_1_169' title='bbox 276 1889 288 1911; x_wconf 86' lang='lat'>¹</span> <span class='ocrx_word' id='word_1_170' title='bbox 326 1892 414 1932; x_wconf 88' lang='lat' dir='ltr'>tres</span> <span class='ocrx_word' id='word_1_171' title='bbox 453 1888 589 1932; x_wconf 84' lang='lat' dir='ltr'>habet</span> <span class='ocrx_word' id='word_1_172' title='bbox 629 1892 803 1946; x_wconf 87' lang='lat' dir='ltr'>partes:</span> <span class='ocrx_word' id='word_1_173' title='bbox 843 1888 887 1931; x_wconf 91' lang='lat' dir='ltr'>in</span> <span class='ocrx_word' id='word_1_174' title='bbox 924 1889 1086 1943; x_wconf 76' lang='lat' dir='ltr'>prima</span> <span class='ocrx_word' id='word_1_175' title='bbox 1123 1891 1249 1944; x_wconf 88' lang='lat' dir='ltr'>parte</span> <span class='ocrx_word' id='word_1_176' title='bbox 1284 1889 1325 1930; x_wconf 81' lang='lat' dir='ltr'>S.</span> <span class='ocrx_word' id='word_1_177' title='bbox 1357 1887 1567 1931; x_wconf 81' lang='lat' dir='ltr'>Pontifex</span> <span class='ocrx_word' id='word_1_178' title='bbox 1620 1885 1818 1944; x_wconf 81' lang='lat' dir='ltr'>loquitur</span> <span class='ocrx_word' id='word_1_179' title='bbox 1865 1885 1920 1929; x_wconf 90' lang='lat' dir='ltr'>de</span> 
     </span>
     <span class='ocr_line' id='line_1_25' title="bbox 136 1968 1920 2029; baseline -0.001 -14"><span class='ocrx_word' id='word_1_180' title='bbox 136 1970 430 2029; x_wconf 81' lang='lat' dir='ltr'>exemptione</span> <span class='ocrx_word' id='word_1_181' title='bbox 464 1971 739 2015; x_wconf 76' lang='lat' dir='ltr'>familiarum</span> <span class='ocrx_word' id='word_1_182' title='bbox 779 1970 1103 2028; x_wconf 67' lang='lat' dir='ltr'>Iteligiosarum</span> <span class='ocrx_word' id='word_1_183' title='bbox 1148 1970 1194 2014; x_wconf 93' lang='lat' dir='ltr'>in</span> <span class='ocrx_word' id='word_1_184' title='bbox 1241 1970 1351 2014; x_wconf 89' lang='lat' dir='ltr'>locis</span> <span class='ocrx_word' id='word_1_185' title='bbox 1401 1969 1671 2014; x_wconf 89' lang='lat' dir='ltr'>missionum</span> <span class='ocrx_word' id='word_1_186' title='bbox 1715 1983 1739 2013; x_wconf 90' lang='lat' dir='ltr'>a</span> <span class='ocrx_word' id='word_1_187' title='bbox 1791 1968 1920 2013; x_wconf 90' lang='lat' dir='ltr'>iuris·</span> 
     </span>
     <span class='ocr_line' id='line_1_26' title="bbox 136 2051 1919 2112; baseline -0.001 -14"><span class='ocrx_word' id='word_1_188' title='bbox 136 2054 336 2099; x_wconf 90' lang='lat' dir='ltr'>dictione</span> <span class='ocrx_word' id='word_1_189' title='bbox 372 2054 725 2112; x_wconf 86' lang='lat' dir='ltr'>Episcoporum:</span> <span class='ocrx_word' id='word_1_190' title='bbox 779 2053 824 2096; x_wconf 86' lang='lat' dir='ltr'>in</span> <span class='ocrx_word' id='word_1_191' title='bbox 858 2054 1067 2098; x_wconf 70' lang='lat' dir='ltr'>secanda</span> <span class='ocrx_word' id='word_1_192' title='bbox 1100 2058 1227 2111; x_wconf 86' lang='lat' dir='ltr'>parte</span> <span class='ocrx_word' id='word_1_193' title='bbox 1263 2052 1464 2112; x_wconf 81' lang='lat' dir='ltr'>loquitur</span> <span class='ocrx_word' id='word_1_194' title='bbox 1496 2053 1550 2096; x_wconf 91' lang='lat' dir='ltr'>de</span> <span class='ocrx_word' id='word_1_195' title='bbox 1591 2051 1861 2097; x_wconf 77' lang='lat' dir='ltr'>mInisteriiS</span> <span class='ocrx_word' id='word_1_196' title='bbox 1894 2066 1919 2097; x_wconf 90' lang='lat' dir='ltr'>a</span> 
     </span>
     <span class='ocr_line' id='line_1_27' title="bbox 139 2135 1915 2194; baseline -0.002 -12"><span class='ocrx_word' id='word_1_197' title='bbox 139 2137 438 2182; x_wconf 87' lang='lat' dir='ltr'>missionariis</span> <span class='ocrx_word' id='word_1_198' title='bbox 485 2137 780 2194; x_wconf 79' lang='lat' dir='ltr'>Regularibus</span> <span class='ocrx_word' id='word_1_199' title='bbox 823 2136 1119 2181; x_wconf 85' lang='lat' dir='ltr'>exercendis:</span> <span class='ocrx_word' id='word_1_200' title='bbox 1158 2137 1202 2181; x_wconf 90' lang='lat' dir='ltr'>in</span> <span class='ocrx_word' id='word_1_201' title='bbox 1239 2139 1376 2181; x_wconf 73' lang='lat' dir='ltr'>tertia.</span> <span class='ocrx_word' id='word_1_202' title='bbox 1408 2141 1535 2194; x_wconf 91' lang='lat' dir='ltr'>parte</span> <span class='ocrx_word' id='word_1_203' title='bbox 1561 2136 1614 2180; x_wconf 91' lang='lat' dir='ltr'>de</span> <span class='ocrx_word' id='word_1_204' title='bbox 1646 2135 1777 2180; x_wconf 86' lang='lat' dir='ltr'>bonis</span> <span class='ocrx_word' id='word_1_205' title='bbox 1802 2139 1915 2180; x_wconf 88' lang='lat' dir='ltr'>tem-</span> 
     </span>
     <span class='ocr_line' id='line_1_28' title="bbox 140 2221 1512 2281; baseline -0.001 -15"><span class='ocrx_word' id='word_1_206' title='bbox 140 2221 365 2279; x_wconf 86' lang='lat' dir='ltr'>poralibus</span> <span class='ocrx_word' id='word_1_207' title='bbox 397 2227 442 2266; x_wconf 91' lang='lat' dir='ltr'>et</span> <span class='ocrx_word' id='word_1_208' title='bbox 474 2222 527 2266; x_wconf 93' lang='lat' dir='ltr'>de</span> <span class='ocrx_word' id='word_1_209' title='bbox 562 2236 645 2266; x_wconf 88' lang='lat' dir='ltr'>usu</span> <span class='ocrx_word' id='word_1_210' title='bbox 680 2222 726 2266; x_wconf 91' lang='lat' dir='ltr'>in</span> <span class='ocrx_word' id='word_1_211' title='bbox 760 2236 897 2281; x_wconf 81' lang='lat' dir='ltr'>quem</span> <span class='ocrx_word' id='word_1_212' title='bbox 935 2221 1008 2265; x_wconf 88' lang='lat' dir='ltr'>illa</span> <span class='ocrx_word' id='word_1_213' title='bbox 1043 2221 1254 2265; x_wconf 83' lang='lat' dir='ltr'>converti</span> <span class='ocrx_word' id='word_1_214' title='bbox 1289 2225 1512 2278; x_wconf 87' lang='lat' dir='ltr'>oporteat.</span> 
     </span>
    </p>

    <p class='ocr_par' dir='ltr' id='par_1_7' title="bbox 140 2302 1924 2946">
     <span class='ocr_line' id='line_1_29' title="bbox 219 2302 1917 2361; baseline -0.002 -11"><span class='ocrx_word' id='word_1_215' title='bbox 219 2350 226 2355; x_wconf 76' lang='grc'><strong>,</strong></span> <span class='ocrx_word' id='word_1_216' title='bbox 255 2307 355 2351; x_wconf 68' lang='grc'>224.</span> <span class='ocrx_word' id='word_1_217' title='bbox 383 2307 538 2360; x_wconf 83' lang='lat' dir='ltr'>Quoad</span> <span class='ocrx_word' id='word_1_218' title='bbox 570 2307 674 2350; x_wconf 66' lang='lat' dir='ltr'>lam:</span> <span class='ocrx_word' id='word_1_219' title='bbox 715 2310 763 2350; x_wconf 83' lang='lat' dir='ltr'>R.</span> <span class='ocrx_word' id='word_1_220' title='bbox 795 2305 1005 2350; x_wconf 83' lang='lat' dir='ltr'>Pontifex</span> <span class='ocrx_word' id='word_1_221' title='bbox 1030 2305 1234 2349; x_wconf 81' lang='lat' dir='ltr'>declarat</span> <span class='ocrx_word' id='word_1_222' title='bbox 1258 2304 1454 2348; x_wconf 86' lang='lat' dir='ltr'>familias</span> <span class='ocrx_word' id='word_1_223' title='bbox 1483 2303 1715 2361; x_wconf 78' lang='lat' dir='ltr'>reIIgiosas</span> <span class='ocrx_word' id='word_1_224' title='bbox 1738 2303 1783 2347; x_wconf 93' lang='lat' dir='ltr'>in</span> <span class='ocrx_word' id='word_1_225' title='bbox 1809 2302 1917 2348; x_wconf 86' lang='lat' dir='ltr'>locis</span> 
     </span>
     <span class='ocr_line' id='line_1_30' title="bbox 141 2385 1920 2447; baseline -0.002 -14"><span class='ocrx_word' id='word_1_226' title='bbox 141 2388 411 2434; x_wconf 88' lang='lat' dir='ltr'>missionum</span> <span class='ocrx_word' id='word_1_227' title='bbox 444 2393 683 2447; x_wconf 88' lang='lat' dir='ltr'>exemptas</span> <span class='ocrx_word' id='word_1_228' title='bbox 728 2402 825 2434; x_wconf 89' lang='lat' dir='ltr'>esse</span> <span class='ocrx_word' id='word_1_229' title='bbox 860 2403 883 2433; x_wconf 89' lang='lat' dir='ltr'>a</span> <span class='ocrx_word' id='word_1_230' title='bbox 919 2387 1234 2433; x_wconf 88' lang='lat' dir='ltr'>iurisdictione</span> <span class='ocrx_word' id='word_1_231' title='bbox 1280 2388 1606 2446; x_wconf 88' lang='lat' dir='ltr'>Episcoporum</span> <span class='ocrx_word' id='word_1_232' title='bbox 1641 2391 1687 2430; x_wconf 90' lang='lat' dir='ltr'>et</span> <span class='ocrx_word' id='word_1_233' title='bbox 1722 2385 1920 2430; x_wconf 86' lang='lat' dir='ltr'>Vicario-</span> 
     </span>
     <span class='ocr_line' id='line_1_31' title="bbox 142 2470 1921 2531; baseline -0.002 -15"><span class='ocrx_word' id='word_1_234' title='bbox 142 2486 241 2517; x_wconf 91' lang='lat' dir='ltr'>rum</span> <span class='ocrx_word' id='word_1_235' title='bbox 278 2473 659 2531; x_wconf 77' lang='lat' dir='ltr'>Apostolicorum,</span> <span class='ocrx_word' id='word_1_236' title='bbox 688 2472 868 2517; x_wconf 88' lang='lat' dir='ltr'>etiamsi</span> <span class='ocrx_word' id='word_1_237' title='bbox 893 2472 938 2516; x_wconf 91' lang='lat' dir='ltr'>in</span> <span class='ocrx_word' id='word_1_238' title='bbox 965 2471 1157 2529; x_wconf 68' lang='lat' dir='ltr'>prixatis</span> <span class='ocrx_word' id='word_1_239' title='bbox 1188 2470 1399 2515; x_wconf 87' lang='lat' dir='ltr'>domibus</span> <span class='ocrx_word' id='word_1_240' title='bbox 1431 2474 1791 2515; x_wconf 86' lang='lat' dir='ltr'>commorentur.</span> <span class='ocrx_word' id='word_1_241' title='bbox 1830 2472 1921 2512; x_wconf 86' lang='lat' dir='ltr'>Nec</span> 
     </span>
     <span class='ocr_line' id='line_1_32' title="bbox 140 2554 1920 2616; baseline -0.003 -16"><span class='ocrx_word' id='word_1_242' title='bbox 140 2556 287 2616; x_wconf 88' lang='lat' dir='ltr'>quoad</span> <span class='ocrx_word' id='word_1_243' title='bbox 321 2571 567 2601; x_wconf 87' lang='lat' dir='ltr'>numerum</span> <span class='ocrx_word' id='word_1_244' title='bbox 601 2561 849 2601; x_wconf 90' lang='lat' dir='ltr'>serventur</span> <span class='ocrx_word' id='word_1_245' title='bbox 881 2554 1170 2600; x_wconf 89' lang='lat' dir='ltr'>conditiones</span> <span class='ocrx_word' id='word_1_246' title='bbox 1202 2567 1319 2612; x_wconf 87' lang='lat' dir='ltr'>quae</span> <span class='ocrx_word' id='word_1_247' title='bbox 1353 2554 1604 2609; x_wconf 82' lang='lat' dir='ltr'>exiguntur</span> <span class='ocrx_word' id='word_1_248' title='bbox 1635 2566 1693 2596; x_wconf 85' lang='lat' dir='ltr'>ex</span> <span class='ocrx_word' id='word_1_249' title='bbox 1731 2555 1920 2595; x_wconf 90' lang='lat' dir='ltr'>Decreto</span> 
     </span>
     <span class='ocr_line' id='line_1_33' title="bbox 142 2634 1921 2695; baseline -0.002 -13"><span class='ocrx_word' id='word_1_250' title='bbox 142 2640 309 2684; x_wconf 77' lang='lat' dir='ltr'>[rhan.</span> <span class='ocrx_word' id='word_1_251' title='bbox 351 2644 446 2684; x_wconf 88' lang='lat' dir='ltr'>VIII</span> <span class='ocrx_word' id='word_1_252' title='bbox 479 2645 524 2684; x_wconf 91' lang='lat' dir='ltr'>et</span> <span class='ocrx_word' id='word_1_253' title='bbox 562 2639 817 2685; x_wconf 75' lang='lat' dir='ltr'>innocentii</span> <span class='ocrx_word' id='word_1_254' title='bbox 851 2642 902 2683; x_wconf 83' lang='grc' dir='ltr'>Χ.</span> <span class='ocrx_word' id='word_1_255' title='bbox 944 2642 1002 2682; x_wconf 82' lang='lat' dir='ltr'>Ea</span> <span class='ocrx_word' id='word_1_256' title='bbox 1032 2643 1195 2682; x_wconf 83' lang='lat' dir='ltr'>tamen</span> <span class='ocrx_word' id='word_1_257' title='bbox 1229 2636 1528 2695; x_wconf 86' lang='lat' dir='ltr'>excipiuntur</span> <span class='ocrx_word' id='word_1_258' title='bbox 1560 2635 1607 2679; x_wconf 90' lang='lat' dir='ltr'>in</span> <span class='ocrx_word' id='word_1_259' title='bbox 1641 2634 1804 2694; x_wconf 69' lang='lat' dir='ltr'>quilius</span> <span class='ocrx_word' id='word_1_260' title='bbox 1841 2637 1921 2678; x_wconf 86' lang='lat' dir='ltr'>Re·</span> 
     </span>
     <span class='ocr_line' id='line_1_34' title="bbox 140 2717 1922 2782; baseline -0.004 -13"><span class='ocrx_word' id='word_1_261' title='bbox 140 2724 316 2782; x_wconf 81' lang='lat' dir='ltr'>gulares</span> <span class='ocrx_word' id='word_1_262' title='bbox 361 2723 471 2769; x_wconf 90' lang='lat' dir='ltr'>iuris</span> <span class='ocrx_word' id='word_1_263' title='bbox 509 2723 806 2781; x_wconf 83' lang='lat' dir='ltr'>dispositione</span> <span class='ocrx_word' id='word_1_264' title='bbox 858 2721 1086 2781; x_wconf 84' lang='lat' dir='ltr'>Episcopis</span> <span class='ocrx_word' id='word_1_265' title='bbox 1132 2720 1441 2765; x_wconf 83' lang='lat' dir='ltr'>subiIciuntur</span> <span class='ocrx_word' id='word_1_266' title='bbox 1487 2718 1726 2777; x_wconf 87' lang='lat' dir='ltr'>speciatim</span> <span class='ocrx_word' id='word_1_267' title='bbox 1773 2717 1922 2777; x_wconf 90' lang='lat' dir='ltr'>quoad</span> 
     </span>
     <span class='ocr_line' id='line_1_35' title="bbox 142 2802 1924 2860; baseline -0.004 -9"><span class='ocrx_word' id='word_1_268' title='bbox 142 2821 298 2853; x_wconf 86' lang='lat' dir='ltr'>curam</span> <span class='ocrx_word' id='word_1_269' title='bbox 333 2809 612 2853; x_wconf 88' lang='lat' dir='ltr'>animarum.</span> <span class='ocrx_word' id='word_1_270' title='bbox 649 2806 916 2860; x_wconf 84' lang='lat' dir='ltr'>Quaesitum</span> <span class='ocrx_word' id='word_1_271' title='bbox 952 2810 1020 2850; x_wconf 89' lang='lat' dir='ltr'>est</span> <span class='ocrx_word' id='word_1_272' title='bbox 1052 2818 1109 2849; x_wconf 85' lang='lat' dir='ltr'>an</span> <span class='ocrx_word' id='word_1_273' title='bbox 1138 2803 1413 2849; x_wconf 82' lang='lat' dir='ltr'>Missionarii</span> <span class='ocrx_word' id='word_1_274' title='bbox 1441 2802 1650 2860; x_wconf 85' lang='lat' dir='ltr'>Religiosi</span> <span class='ocrx_word' id='word_1_275' title='bbox 1675 2805 1924 2845; x_wconf 87' lang='lat' dir='ltr'>teneantur</span> 
     </span>
     <span class='ocr_line' id='line_1_36' title="bbox 143 2888 1921 2946; baseline -0.003 -12"><span class='ocrx_word' id='word_1_276' title='bbox 143 2889 364 2935; x_wconf 85' lang='lat' dir='ltr'>interesse</span> <span class='ocrx_word' id='word_1_277' title='bbox 412 2890 734 2935; x_wconf 88' lang='lat' dir='ltr'>collationibus</span> <span class='ocrx_word' id='word_1_278' title='bbox 779 2903 859 2934; x_wconf 90' lang='lat' dir='ltr'>seu</span> <span class='ocrx_word' id='word_1_279' title='bbox 902 2888 1216 2935; x_wconf 86' lang='lat' dir='ltr'>conferentiis.</span> <span class='ocrx_word' id='word_1_280' title='bbox 1277 2892 1559 2946; x_wconf 83' lang='lat' dir='ltr'>Responsum</span> <span class='ocrx_word' id='word_1_281' title='bbox 1602 2891 1672 2931; x_wconf 87' lang='lat' dir='ltr'>est</span> <span class='ocrx_word' id='word_1_282' title='bbox 1707 2889 1921 2931; x_wconf 87' lang='lat' dir='ltr'>Rectores</span> 
     </span>
    </p>
   </div>
   <div class='ocr_carea' id='block_1_6' title="bbox 261 3062 612 3101">
    <p class='ocr_par' dir='ltr' id='par_1_8' title="bbox 261 3062 612 3101">
     <span class='ocr_line' id='line_1_37' title="bbox 261 3062 612 3101; baseline -0.003 -1"><span class='ocrx_word' id='word_1_283' title='bbox 261 3064 268 3083; x_wconf 89' lang='lat'><em>¹</em></span> <span class='ocrx_word' id='word_1_284' title='bbox 298 3063 446 3101; x_wconf 86' lang='lat' dir='ltr'>Collect.</span> <span class='ocrx_word' id='word_1_285' title='bbox 472 3072 506 3098; x_wconf 88' lang='lat' dir='ltr'>n.</span> <span class='ocrx_word' id='word_1_286' title='bbox 534 3062 612 3099; x_wconf 74' lang='lat'>422.</span> 
     </span>
    </p>
   </div>
  </div>
 </body>
</html>
