2176 3386
197 115 280 154 328
843 126 955 156 PARS
983 128 1008 157 1.
1042 128 1099 156 DE
1127 127 1338 157 PERSONJS

199 231 240 287 5)
279 230 321 275 Si
355 231 547 277 clericus
579 231 625 277 in
661 233 910 279 maioribus
943 235 1292 281 matrimonium
1326 236 1612 281 contraxerit
1634 236 1707 282 vel
1725 235 1904 283 delictis
1923 251 1987 284 ac

200 312 376 357 artibus
408 313 724 370 ignominiosis
755 330 804 362 se
836 317 1096 363 immisceat
1119 319 1149 363 ¹.

322 400 387 442 Ex
419 398 701 445 collectanea
735 402 776 444 S.
814 401 1187 459 Congregationis
1221 402 1541 461 propagandae
1574 402 1697 448 Fidei
1728 403 1848 462 quod
1880 417 1982 462 per-

201 478 320 524 tinet
350 480 406 524 ad
433 481 625 526 canonis
656 481 944 540 privilegium
980 484 1092 528 baec
1125 485 1326 530 notanda
1358 488 1491 530 sunt:
1532 487 1571 543 1)
1604 491 1738 530 Anno
1763 487 1891 530 1624
1923 485 1986 530 ad·

202 563 472 621 petitionem
514 566 848 626 Arcbiepiscopi
897 568 1166 614 Chiovensis
1198 572 1331 614 Sacra
1380 572 1678 628 Congregatio
1729 571 1988 616 declaravit

204 647 462 693 sacerdotes
503 653 549 693 et
582 650 770 695 clericos
823 651 1043 696 ruthenos
1077 652 1229 698 unitos
1270 653 1492 699 eiusdem·
1521 653 1743 713 privilegii
1792 654 2002 714 canonis·

205 730 423 776 videlicet
454 732 538 777 fori
574 733 883 779 immunitatis
916 736 1112 793 gaudere
1145 736 1310 796 quibus
1347 737 1605 782 sacerdotes
1643 742 1689 782 et
1735 736 1888 783 clerici
1920 737 1983 782 la·

203 813 289 858 tini
322 816 523 872 gaudent
555 821 602 862 et
636 817 889 876 potiuntur,
925 818 1146 878 iussitque
1179 819 1314 864 scribi
1359 820 1571 865 Poloniae
1620 820 1791 866 Nuntio
1824 833 1902 865 eos
1934 819 1987 864 in

205 900 543 959 praedictorum
581 902 925 961 privilegiorum
962 917 1094 948 usum
1143 904 1321 950 restitui
1366 906 1438 950 vel
1488 906 1532 949 in
1575 919 1629 950 eo
1673 904 1987 959 manuteneri,

206 984 293 1029 nisi
334 984 503 1044 aliquid
545 986 665 1044 quod
704 986 855 1031 obstat
903 987 1167 1043 rescribere,
1213 988 1269 1032 ad
1310 988 1719 1046 Congregationem
1763 987 1929 1032 babeat
1951 986 1990 1031 ²..

210 1072 274 1113 Ex
307 1063 395 1128 qua
430 1070 726 1128 responsione
762 1070 941 1116 licitum
976 1075 1045 1116 est
1091 1072 1314 1117 deducere
1366 1063 1640 1130 principium
1693 1071 1812 1131 quod
1845 1071 1990 1116 etiam
2039 1076 2042 1078 “

210 1150 273 1195 ad
305 1151 492 1195 elericos
524 1165 682 1195 omnes
715 1154 966 1197 orientales
999 1153 1237 1211 privilegia
1271 1154 1461 1198 canonis
1494 1158 1540 1198 et
1572 1152 1656 1197 fori
1690 1151 1939 1210 pei-tinent.

329 1236 463 1277 Sacra
512 1239 666 1279 autem
722 1235 1026 1293 Conyreyatio
1076 1238 1396 1281 Immu'nz'cacis
1441 1250 1570 1282 anno
1620 1235 1741 1279 1860
1788 1235 1991 1279 declara-

214 1316 282 1360 vit
313 1317 430 1375 quod
466 1317 501 1362 si
527 1317 720 1363 clericus
754 1319 958 1364 nondum
996 1319 1191 1365 maiores
1223 1319 1421 1376 suscepit
1452 1319 1646 1364 Ordines
1678 1318 1775 1363 sive
1806 1320 1863 1362 sil
1884 1331 1991 1362 eon-

214 1401 402 1457 iuyatus
432 1403 525 1445 sive
558 1415 653 1445 non
687 1416 811 1459 cum,
846 1402 994 1462 quoad
1029 1417 1080 1447 ea
1113 1417 1229 1461 quae
1280 1405 1321 1447 S.
1373 1401 1624 1447 Concilium
1669 1400 1990 1446 'tridentinum

213 1487 328 1528 sess,
365 1485 437 1539 25,
474 1498 572 1543 cap.
602 1486 644 1542 6,
684 1490 743 1530 De
778 1488 1015 1531 reformat.
1052 1486 1290 1545 disposuit,
1315 1485 1557 1543 diligenter
1589 1499 1681 1530 non
1715 1485 1990 1530 observave-

214 1566 289 1623 rit,
319 1567 606 1626 privilegium
643 1569 727 1614 fori
762 1569 950 1625 amittit,
980 1569 1217 1614 habendus
1249 1573 1317 1613 est
1349 1568 1413 1613 uti
1449 1568 1695 1613 destitutus
1727 1571 1863 1626 atque
1899 1566 2002 1625 ipso

214 1652 311 1697 iure
344 1656 391 1697 et
424 1652 518 1711 ipso
553 1654 674 1697 facto
706 1652 972 1697 destituitur
1003 1653 1218 1698 omnibus
1250 1653 1519 1698 clericorum
1566 1650 1814 1710 privilegiis
1846 1650 1907 1695 ita
1942 1653 1994 1694 ut

213 1735 369 1780 haberi
414 1737 693 1796 tractarique
738 1737 901 1781 debeat
934 1737 1176 1797 {tamquam
1227 1750 1417 1795 persona
1463 1750 1570 1780 vere
1612 1735 1726 1780 laica
1772 1734 1910 1780 etiam
1945 1734 1993 1779 in

215 1820 365 1864 causis
397 1819 713 1865 criminalibus
746 1824 791 1865 et
823 1821 878 1865 ad
912 1821 1101 1865 effectus
1135 1820 1348 1878 poenales
1378 1820 1490 1879 quin
1523 1819 1613 1864 ulla
1647 1833 1771 1864 nunc
1801 1822 1847 1863 et
1867 1817 1995 1862 dein-

216 1916 322 1962 ceps
354 1903 524 1960 triplex
557 1904 828 1959 admonitio,
865 1903 962 1948 sive
982 1902 1223 1960 peculiaris
1244 1901 1492 1947 declaratio
1510 1900 1787 1946 incidentiae
1805 1900 1851 1944 in
1876 1900 2005 1944 hanc

217 2001 412 2046 poenam
446 1988 506 2033 sit
540 1987 794 2032 necessaria
821 1988 852 2032 ³.
906 1991 954 2031 In
990 1987 1220 2046 praedicta
1262 1991 1417 2031 autem
1458 1988 1653 2030 sessione
1695 1985 1771 2039 23,
1806 1997 1909 2040 cap.
1947 1984 2001 2038 6,

218 2070 469 2116 Concilium
505 2070 824 2115 Tridentinum
851 2071 1168 2116 declaraverat
1190 2070 1309 2130 quod
1333 2068 1485 2115 clerici
1518 2066 1750 2125 coniugati
1774 2080 1866 2111 non
1891 2079 1999 2124 gau·

218 2155 329 2198 dent
370 2153 656 2199 clericalibus
702 2153 950 2212 privilegiis
998 2153 1085 2197 nisi
1137 2152 1352 2197 Boniiacii
1389 2155 1483 2198 VIII
1516 2151 1803 2196 conditiones
1843 2163 2007 2195 serva--

221 2237 406 2291 verint,
444 2251 535 2281 non
585 2236 816 2294 coniugati
862 2250 971 2281 vero
1005 2235 1050 2280 in
1092 2235 1346 2280 minoribus
1388 2233 1627 2280 constituti
1660 2236 1894 2292 nequeant
1924 2232 2001 2276 be-

222 2320 683 2365 neficium-obtinere
719 2324 827 2364 ante
859 2333 1034 2364 annum
1070 2322 1237 2364 aetates
1272 2322 1346 2373 14,
1383 2331 1435 2363 ac
1470 2317 1556 2362 nisi
1590 2317 1790 2361 habeant
1830 2314 2007 2360 benefi-

221 2405 362 2461 cium,
397 2409 477 2450 aut
509 2404 765 2450 clericalem
801 2404 1006 2448 habitum
1042 2417 1095 2449 ac
1126 2408 1363 2448 tonsuram
1397 2402 1657 2447 deferentes
1688 2401 1822 2446 alicui
1849 2402 2001 2446 Eccle-

222 2489 316 2535 siae
349 2503 406 2535 ex
445 2488 647 2547 Episcopi
684 2487 902 2532 mandato
938 2486 1211 2542 inserviant,
1247 2487 1320 2531 vel
1355 2485 1400 2530 in
1434 2484 1681 2530 seminario
1728 2483 2008 2529 clericorum·

223 2576 303 2617 aut
326 2572 370 2616 in
390 2570 539 2631 aliqua
574 2570 727 2616 schola
763 2570 834 2614 vel
876 2568 1182 2614 universitate
1224 2569 1278 2613 de
1319 2568 1503 2613 licentia
1544 2566 1750 2626 Episcopi
1790 2565 1919 2626 quasi
1953 2567 2006 2611 in

224 2654 298 2699 via
333 2655 388 2698 ad
425 2653 620 2699 maiores
654 2653 837 2698 ordines
871 2651 1184 2711 suscipiendos
1217 2654 1475 2696 versentur.

343 2835 350 2853 ¹
382 2835 611 2871 D'Annibale
641 2834 743 2870 Sum.
773 2834 799 2876 I,
827 2833 903 2870 100.

343 2906 355 2924 ²
383 2906 529 2942 Collecl.
556 2916 591 2942 n.
618 2905 698 2942 216.

346 2978 358 2997 ³
386 2978 534 3015 Collect.
565 2977 598 3014 S.
624 2978 661 3014 C.
688 2978 745 3014 Pr.
773 2977 849 3013 Fid.
876 2986 910 3012 n.
938 2977 1019 3013 252.
