2176 3386
583 431 710 459 LtBER
739 431 763 458 1.
800 430 855 458 DE
886 431 1023 459 nanus
1053 430 1288 458 ECCLESIAE
1318 430 1645 459 SPIRITUALIBUS
1957 421 2006 460 31

221 553 403 586 sumere
437 553 530 584 non
581 538 734 583 ieiuno
767 539 814 583 in
848 552 956 583 casu
989 552 1078 598 quo
1122 538 1453 597 perficiendum
1487 543 1556 584 est
1588 538 1893 596 sacrificium,
1929 554 2004 585 ex.

221 638 287 682 gr.
323 624 358 667 si
393 622 628 667 sacerdote
662 626 762 681 post
795 622 1190 667 consecrationem
1226 621 1500 676 deficiente,
1538 636 1630 667 non
1665 622 1785 667 adsit
1817 621 1905 667 nisi
1938 637 2011 668 sa-

221 707 380 752 cerdos
414 720 506 750 non
542 705 748 760 ieiunus,
784 704 860 763 qui
896 703 1003 749 illud
1037 703 1261 748 absolvat.
1318 709 1427 750 [tem
1470 705 1506 749 si
1550 705 1761 750 sacerdos
1794 705 2015 750 advertat.

221 790 266 835 in
302 789 442 834 calice
477 803 567 833 non
605 787 740 832 fuisse
775 786 860 831 nisi
894 800 1060 845 aquam
1105 786 1235 831 cuius
1283 787 1373 831 iam
1420 792 1596 845 partem
1629 788 1857 846 sumpsit,
1894 791 2012 833 tunc

219 872 344 917 enim
377 872 512 916 debet
558 884 829 916 consecrare
867 869 1053 924 vinum,
1089 874 1134 913 et
1167 875 1488 915 consecratum
1534 884 1737 915 sumere:
1782 871 1855 916 vel
1897 885 2008 915 cum

221 961 320 1014 post
367 954 763 1000 consecrationem
816 954 1081 998 recordatur
1121 966 1168 997 se
1217 967 1307 997 non
1351 967 1449 998 esse
1490 954 1719 999 ieiunum:
1767 956 1841 999 lex
1879 953 2008 999 enim

218 1037 375 1083 divina
412 1037 608 1082 faciendi
652 1035 927 1081 sacrificium
973 1037 1225 1094 perfeetum
1269 1051 1322 1081 ac
1357 1037 1612 1095 integrum,
1651 1037 1885 1096 praevalet
1919 1037 2004 1095 legi

219 1121 554 1167 ecclesiasticae
586 1121 641 1165 de
676 1119 861 1164 ieiunio.
899 1121 1026 1175 Quod
1061 1120 1095 1164 si
1120 1121 1332 1165 sacerdos
1364 1125 1472 1165 ante
1496 1120 1895 1166 consecrationem
1929 1121 2007 1164 ad-

220 1208 370 1249 vertat
403 1218 449 1249 se
484 1218 577 1248 non
611 1217 708 1248 esse
744 1203 967 1257 ieiunum,
1007 1207 1191 1247 tenetur
1224 1203 1453 1259 recedere,
1489 1204 1522 1248 si
1561 1208 1710 1262 potest
1742 1204 1841 1248 sine
1874 1204 2007 1261 gravi

217 1287 448 1332 scandalo.
485 1287 527 1344 5)
565 1287 755 1341 Quando
794 1291 891 1345 post
923 1286 1206 1330 ablutionem
1241 1286 1473 1343 supeisint
1509 1286 1724 1346 reliquiae
1753 1286 1931 1346 aliquae
1957 1287 2007 1330 in

217 1383 268 1414 ea
306 1369 439 1414 Missa
489 1374 817 1424 consecratae,
855 1369 938 1413 etsi
975 1383 1168 1426 magnae
1202 1369 1326 1423 sint,
1363 1370 1471 1414 dum
1523 1369 1657 1414 facile
1706 1369 1890 1414 recondi
1926 1384 2004 1413 ne-

215 1455 393 1511 queunt
427 1451 472 1496 in
508 1451 658 1510 pixide
692 1457 738 1496 et
771 1452 997 1497 Sacrario:
1050 1466 1156 1497 eum
1190 1453 1314 1496 euim
1350 1453 1406 1497 ad
1440 1452 1558 1496 idem
1594 1451 1871 1497 sacrificium
1904 1465 2004 1510 spe-

217 1540 375 1590 ctent,
411 1539 659 1579 sumuntur
707 1549 786 1592 per
826 1536 1013 1579 modum
1050 1535 1185 1580 unius
1219 1535 1498 1580 refectionis.
1557 1539 1654 1580 Non
1689 1534 1796 1579 lieet
1842 1539 2005 1580 tamen

218 1623 328 1663 tune
361 1632 543 1662 sumere
579 1619 826 1676 particulas
858 1618 1046 1663 alterius
1079 1618 1317 1674 sacrificii,
1353 1634 1469 1677 quae
1509 1625 1618 1664 sunt
1662 1619 1706 1663 In
1742 1618 1912 1663 ciborio
1946 1619 2003 1663 ad

218 1701 314 1745 illas
347 1701 652 1746 renovandas.
704 1703 746 1758 4)
785 1702 826 1745 Si
862 1702 1115 1760 perieulum
1157 1703 1245 1757 sit,
1283 1717 1339 1747 ne
1381 1703 1582 1762 alioquin
1630 1702 1911 1746 Eucliaristia
1945 1703 2006 1746 ab

216 1785 473 1829 infidelibus
522 1787 816 1843 profanetur,
866 1800 972 1830 nam
1007 1786 1079 1830 lex
1114 1786 1271 1830 divina
1312 1787 1480 1844 obligat
1521 1786 1574 1830 ad
1612 1785 1898 1844 impedienda
1933 1800 2002 1830 sa-

214 1867 415 1926 crilegia,
441 1883 546 1913 cum
572 1868 781 1928 impediri
808 1874 1019 1929 possunt:
1056 1875 1102 1914 et
1134 1871 1251 1929 quod
1279 1870 1323 1914 in
1350 1870 1661 1914 reverentiam
1691 1868 2004 1914 Eucharistiae

214 1957 439 1996 statutum
474 1957 559 2008 est,
597 1967 687 1998 uon
723 1954 857 1998 debet
891 1953 1089 2012 obligare
1122 1935 1176 1998 ad
1214 1968 1304 1998 nou
1341 1954 1679 2012 impediendam
1720 1953 1818 1998 eius
1851 1955 2000 2011 profa-

213 2036 448 2079 nationem
484 2040 530 2079 et
562 2036 932 2081 irreverentiam.

333 2119 433 2163 672.
471 2119 628 2172 Quoad
680 2120 987 2178 frequentiam
1040 2120 1382 2164 communionis
1431 2121 1688 2165 notandum
1738 2124 1833 2175 est,
1879 2120 2000 2179 quod

215 2200 430 2259 frequens
470 2200 561 2245 imo
604 2206 649 2245 et
690 2202 956 2261 quotidiana
998 2203 1265 2247 communio
1299 2218 1323 2248 a
1359 2206 1430 2248 SS.
1471 2202 1703 2257 Patribus,
1739 2218 1762 2247 a
1798 2203 2006 2247 Summis

217 2283 509 2328 Pontificibus
556 2290 692 2344 atque
726 2286 838 2329 adeo
871 2286 928 2330 ab
964 2286 1161 2330 Ecclesia
1210 2286 1564 2331 commendatur
1599 2286 1805 2331 fidelibus
1830 2286 1860 2330 ¹.
1915 2290 2000 2330 Re·

212 2366 409 2424 quiritur
445 2381 551 2411 xero
585 2372 631 2411 et
653 2368 926 2426 supponitur
959 2369 1002 2412 in
1033 2368 1223 2426 singulis
1255 2369 1406 2414 debita
1439 2374 1519 2413 aut
1542 2369 1828 2414 conveniens
1851 2368 2001 2426 dispo-

213 2449 342 2506 sitio,
378 2450 433 2494 ad
466 2465 603 2509 quam
640 2450 929 2496 iudicandam
966 2450 1188 2509 principia
1225 2466 1316 2496 non
1364 2457 1474 2496 sunt
1513 2452 1707 2510 petenda
1743 2451 1800 2495 ab
1833 2450 1886 2495 iis
1920 2465 1997 2495 au·

211 2533 414 2578 ctoribus
446 2534 656 2579 asceticis
695 2541 740 2579 et
775 2535 1046 2589 moralibus,
1083 2535 1129 2578 in
1163 2535 1328 2594 quibus
1369 2535 1584 2594 reliquiae
1626 2535 1768 2580 veluti
1817 2534 2002 2593 aliquae

213 2615 440 2673 rigorisini
475 2616 731 2662 ianseniaui
768 2623 1117 2673 remanserunt,
1153 2618 1230 2662 sed
1263 2632 1288 2662 a
1323 2618 1524 2677 probatis
1565 2617 1852 2674 auctoribus,
1888 2623 1938 2661 ut
1971 2631 1999 2662 a

212 2701 253 2743 S.
293 2701 522 2760 Alphonso
555 2701 686 2761 eique
721 2702 945 2747 similibus
968 2702 999 2747 ².

327 2871 338 2891 ¹
367 2872 478 2909 Conc.
505 2872 603 2909 Trid.
633 2873 728 2909 Sess.
755 2872 873 2916 XXII,
898 2883 979 2919 cap.
1006 2873 1068 2910 VI.

328 2943 340 2962 ²
367 2944 418 2979 De
445 2944 662 2989 quotidiana
687 2944 749 2981 SS.
776 2945 1031 2982 Eucharistiae
1058 2944 1267 2990 sumptione
1294 2943 1363 2980 sub
1390 2943 1449 2980 die
1475 2943 1522 2979 320
1547 2942 1753 2979 decembris
1780 2952 1877 2979 anno
1904 2942 2003 2979 1905

207 3023 231 3052 a
256 3015 291 3051 S.
317 3015 354 3052 C.
381 3015 538 3051 Concilii
564 3016 753 3052 decretum
780 3015 895 3052 latum
921 3020 978 3052 est
1003 3025 1077 3061 quo
1104 3016 1138 3052 S.
1166 3015 1203 3052 C.
1231 3015 1358 3051 statuit
1383 3024 1426 3051 ac
1452 3013 1672 3051 declaravit:

330 3087 370 3123 1⁰
396 3087 615 3125 Communio
642 3087 815 3133 frequens
841 3094 876 3125 et
902 3088 1130 3135 quotidiana,
1151 3091 1275 3133 utpote
1295 3097 1316 3123 a
1334 3087 1479 3123 Christo
1508 3087 1666 3123 Domino
1696 3091 1730 3123 et
1756 3096 1778 3122 a
1803 3086 1997 3123 Catholiea

210 3157 378 3194 Ecclesia
395 3158 636 3204 optatissima,
656 3158 831 3203 omnibus
851 3158 1158 3195 Christifidelibus
1178 3158 1343 3195 cuiusvis
1362 3158 1500 3194 ordinis
1525 3162 1588 3194 aut
1606 3157 1832 3194 conditionis
1859 3161 1998 3203 pateat,

209 3227 260 3265 ita
285 3233 325 3265 ut
349 3239 470 3272 nemo,
497 3229 560 3275 qui
588 3230 626 3265 in
651 3234 746 3266 statu
774 3230 912 3276 gratiae
939 3230 984 3266 sit
1012 3234 1046 3266 et
1072 3239 1155 3266 cum
1182 3234 1282 3266 reeta
1307 3229 1441 3275 piaque
1469 3233 1593 3266 mente
1619 3229 1665 3265 ad
1685 3229 1719 3265 S.
1738 3229 1906 3265 Mensam
1934 3237 2000 3265 ac-

207 3298 326 3342 cedat,
353 3300 538 3346 prohiberi
564 3301 611 3337 ab
637 3310 682 3337 ea
708 3301 839 3346 possit.
