2176 3386
157 195 238 235 294
833 211 942 241 PARS
972 212 1012 240 11.
1047 212 1104 240 DE
1134 213 1272 242 izi-:nus

155 312 306 371 piatur
337 314 477 359 ordo:
514 315 590 360 sed
626 330 717 361 non
751 316 887 361 debet
910 317 1026 362 ultra
1060 317 1231 363 differri
1259 319 1288 364 ².
1340 320 1382 377 5)
1420 323 1557 366 Aetas
1583 322 1797 381 idonea²‚
1831 324 1941 370 alio-

152 396 230 455 qui
264 396 447 442 collatio
479 402 548 442 est
584 398 719 444 nulla.
753 404 849 444 Hoc
881 405 1037 445 autem
1076 400 1200 446 varie
1232 401 1481 462 requiritur
1503 418 1584 462 pro
1609 406 1832 451 varietate
1866 410 1941 452 be-

156 479 441 527 neticiorum.
493 483 556 528 Ad
608 483 927 541 Episcopatum
963 484 1263 543 requiruntur
1297 486 1483 544 triginta
1516 487 1626 532 anni
1655 490 1868 548 completi
1904 490 1935 535 ⁸.

158 563 221 609 Ad
255 565 487 621 Abbatias,
522 565 785 624 dignitates,
821 572 867 612 et
889 567 1165 626 parochialia
1188 569 1409 614 beneficia
1442 584 1593 615 annus
1615 572 1671 616 25
1695 571 1940 618 inchoatus

155 645 357 704 exigitur
378 648 409 692 ⁶.
457 653 671 695 Attamen
716 650 773 695 ad
815 649 1062 706 dignitates
1109 665 1202 696 non
1245 653 1468 698 habentes
1505 653 1735 699 adnexam
1777 669 1935 700 curam

154 731 445 790 animarum,
482 732 649 778 sufficit
681 748 833 778 annus
865 736 920 779 ‘22
953 735 1234 793 completus,
1269 750 1326 780 ex
1360 739 1497 781 Cone.
1534 737 1654 782 frid.
1682 738 1711 781 ⁵.
1765 739 1828 784 Ad
1861 741 1935 783 be-

154 814 315 859 neficia
351 816 591 874 simplicia,
628 822 677 860 ut
710 821 819 861 sunt
851 818 1183 876 Cappellaniae,
1219 832 1369 863 annus
1406 820 1458 864 14
1505 819 1746 865 inchoatus
1787 822 1935 882 requi·

154 898 270 942 ritur
291 913 316 943 a
340 903 476 945 Conc.
500 901 617 944 Trid.
641 900 669 942 ⁶.
700 901 763 944 Ad
779 902 1114 946 Canonicatum
1144 902 1366 946 Ecclesiae
1389 903 1670 949 Cathedralis
1690 903 1789 949 iure
1813 920 1935 951 novo

154 985 403 1044 requiritur
435 999 585 1030 annus
618 988 689 1041 21,
726 985 831 1045 quia
855 986 1088 1030 adnexum
1125 987 1262 1031 habet
1290 987 1688 1033 subdiaconatum.
1734 993 1796 1033 Ex
1828 1004 1934 1035 con-

150 1069 395 1113 suetudine
431 1075 584 1113 tamen
619 1069 755 1114 datur
795 1070 982 1114 babenti
1021 1074 1204 1115 tantum
1239 1084 1387 1115 annos
1422 1072 1490 1116 14.
1532 1073 1574 1129 4)
1613 1073 1932 1118 immunitasa

150 1164 345 1196 censura
381 1156 426 1195 et
448 1151 785 1209 irregularitate
807 1151 946 1195 etiam
983 1153 1184 1209 occulta3
1221 1152 1283 1196 ita
1318 1159 1368 1197 ut
1411 1155 1532 1199 nulla
1567 1154 1626 1199 sit
1661 1169 1750 1200 non
1785 1157 1932 1201 solum

151 1232 334 1278 collatio
360 1233 567 1278 beneficii
591 1235 709 1278 facta
745 1234 1169 1290 excommunicato,
1196 1249 1432 1293 suspenso,
1461 1237 1533 1281 vel
1566 1236 1820 1295 irregulari,
1856 1240 1934 1283 sed

151 1315 289 1360 etiam
326 1316 528 1361 eiusdem
563 1316 741 1373 electio,
781 1317 1104 1376 praesentatio,
1130 1323 1175 1362 et
1201 1318 1446 1376 resignatio
1467 1319 1514 1364 in
1540 1320 1637 1364 eius
1667 1321 1872 1366 favorem
1899 1323 1929 1366 ⁷.

152 1400 192 1456 5)
224 1404 401 1444 Morum
426 1400 627 1458 probitas
651 1400 680 1444 ⁸.
719 1401 929 1458 Improbo
951 1405 1109 1446 tamen
1146 1403 1262 1447 faeta
1287 1402 1469 1447 collatio
1504 1417 1595 1448 non
1621 1408 1689 1448 est
1709 1403 1807 1462 ipso
1833 1404 1932 1449 iure

151 1483 297 1538 irrita,
322 1484 399 1527 sed
433 1483 673 1539 irritanda,
702 1484 787 1528 nisi
812 1484 987 1529 crimen
1013 1485 1240 1530 adnexam
1278 1487 1443 1530 babeat
1475 1500 1736 1542 censuram,
1778 1488 1851 1531 vel
1874 1486 1931 1531 ir·

149 1567 493 1625 regularitatem
519 1568 549 1612 ⁹.
599 1569 640 1623 6)
679 1567 894 1622 scientia,
921 1583 971 1613 ea
996 1568 1171 1613 scilicet
1193 1583 1309 1628 quae
1333 1570 1387 1614 ad
1413 1570 1567 1614 omnia
1605 1570 1761 1615 munia
1797 1571 1931 1616 bene-

151 1650 253 1695 ficio
275 1652 455 1695 adnexa
482 1651 566 1696 rite
589 1652 798 1696 obeunda
825 1652 1081 1697 necessaria
1106 1658 1172 1696 est
1198 1654 1245 1697 ²⁰.
1285 1657 1335 1697 Et
1358 1667 1438 1712 per
1458 1667 1506 1698 se
1531 1658 1672 1712 patet,
1698 1667 1802 1698 cum
1833 1668 1930 1712 pro-

148 1739 250 1792 pter
282 1735 356 1779 illa
390 1741 513 1780 recte
548 1737 847 1794 persolvenda
883 1736 1148 1781 institutum
1184 1743 1229 1782 et
1262 1738 1420 1782 datum
1455 1738 1514 1782 sit
1546 1738 1836 1784 beneficium.

272 1821 397 1864 1276.
437 1824 622 1865 Praeter
653 1819 763 1864 istas
795 1820 1066 1879 qualitates,
1103 1827 1293 1879 possunt
1337 1822 1687 1880 particularibus
1719 1824 1930 1869 ecclesia-

148 1917 248 1947 rum
283 1903 484 1960 statutis,
522 1903 587 1947 uti
621 1904 759 1948 etiam
804 1905 1090 1959 fundatione,
1128 1905 1283 1950 variae
1320 1906 1434 1950 aliae
1469 1907 1652 1966 requiri.

274 1987 396 2030 1277.
439 1986 658 2031 Beneficia
694 1988 863 2032 ‹Ieh‹›nt
895 1988 1118 2033 conferri:
1170 1990 1206 2045 1)
1243 1989 1399 2046 gratis,
1436 1990 1548 2035 alias
1580 1991 1761 2036 collatio
1794 1992 1929 2037 simo-

147 2068 279 2113 niaca
313 2069 401 2113 erit
433 2075 479 2113 et
514 2071 655 2125 nulla,
691 2070 915 2130 siquidem
951 2071 1086 2116 realis
1118 2072 1311 2117 simonia
1349 2073 1431 2130 sit3
1469 2076 1510 2131 2)
1538 2074 1677 2119 libere
1709 2090 1761 2120 ac
1796 2090 1928 2134 spon-

146 2157 306 2209 tanee3
359 2155 400 2210 5)
438 2154 607 2212 absque
641 2154 908 2212 obreptione
946 2156 1015 2199 vel
1052 2155 1378 2213 subreptione,
1414 2157 1630 2202 deficeret
1663 2157 1787 2202 enim
1821 2172 1928 2203 con-

144 2246 306 2277 sensus
344 2233 390 2277 iu
426 2236 722 2291 conferente,
768 2236 810 2291 4)
848 2234 1079 2292 absolute,
1115 2236 1366 2281 electiones
1406 2237 1530 2282 enim
1575 2242 1622 2282 et
1662 2238 1929 2283 collationes

266 2367 272 2383 ¹
302 2367 355 2402 Ex
383 2366 561 2404 Clement.
586 2367 632 2403 de
658 2371 766 2403 aetat.
793 2367 838 2403 de
864 2368 968 2403 elect.
995 2372 1030 2403 et
1051 2368 1161 2404 Cone.
1189 2368 1290 2404 Trid.
1318 2378 1408 2405 sess.
1438 2369 1554 2412 XXII,
1582 2381 1612 2407 c.
1640 2371 1702 2407 IV.

263 2438 274 2456 ²
301 2438 338 2474 C.
365 2438 397 2474 6.
426 2439 470 2474 de
496 2438 600 2475 elect.

263 2508 276 2527 ³
302 2509 405 2552 lhid„
431 2521 461 2546 c.
488 2509 510 2546 6
536 2510 580 2546 de
607 2510 711 2547 elect.

260 2577 274 2597 ⁴
301 2579 391 2615 Ibid.
419 2585 454 2616 et
480 2579 592 2616 Cone.
620 2579 715 2616 Trid.
743 2589 834 2617 sess.
862 2580 996 2623 XXIV,
1025 2590 1055 2616 c.
1085 2581 1165 2616 XII.

262 2648 273 2668 ⁵
302 2649 399 2686 Sess.
428 2650 561 2693 XXIV,
589 2660 619 2687 c.
647 2651 726 2687 XII.

261 2720 273 2741 ⁶
301 2721 398 2758 Sess.
427 2722 563 2764 XXIII,
591 2732 622 2758 c.
643 2723 705 2760 Vl.

259 2792 272 2811 ''
299 2793 351 2829 Ex
379 2804 410 2830 e.
439 2794 458 2830 7
485 2794 529 2830 (16
556 2794 644 2831 cler.
671 2805 867 2839 excomm,
893 2805 925 2831 c.
954 2795 977 2832 8
1003 2796 1047 2832 de
1073 2801 1180 2834 aetat.
1206 2801 1241 2834 et
1267 2807 1299 2833 c.
1324 2797 1391 2835 ult.
1418 2799 1464 2836 de
1491 2799 1576 2837 cler.
1605 2804 1796 2846 pugnant„
1824 2810 1854 2836 c.
1882 2801 1925 2837 18

139 2865 184 2901 de
210 2868 303 2901 sent.
322 2874 504 2902 excomm.
531 2866 569 2902 in
596 2866 628 2902 6.

258 2936 272 2956 ⁸
298 2937 334 2974 C.
364 2937 398 2973 7.
426 2938 470 2974 ‹le
496 2939 601 2975 elect.
629 2943 664 2975 et
691 2939 801 2976 Cone.
828 2941 925 2977 Trid.
951 2951 1042 2978 sess.
1071 2942 1206 2987 XXIII,
1233 2953 1263 2980 c.
1291 2944 1317 2980 Ι.

260 3008 273 3026 ⁹
300 3008 337 3045 C.
369 3009 410 3045 11
438 3010 482 3046 de
508 3020 650 3048 exceSS.
678 3012 827 3057 praelat.

242 3078 269 3098 '⁰
295 3080 333 3116 C.
358 3080 381 3116 8
406 3081 450 3118 de
477 3081 581 3117 elect.
608 3093 655 3119 ex
680 3082 789 3120 Conc.
818 3083 983 3129 generali
1010 3085 1128 3121 Later.
1155 3084 1188 3120 11
1213 3089 1314 3122 etex
1341 3086 1452 3123 Conc.
1480 3087 1576 3124 Trid.
