2176 3386
256 219 336 259 212
899 228 1010 259 PARS
1037 230 1063 258 1.
1098 229 1156 259 DE
1184 229 1398 259 Pssnsoms

347 340 669 386 solemnitates
699 344 830 386 sunt:
877 341 914 398 l)
948 343 1206 386 Gonscnsus
1255 339 1468 398 praeiius
1509 340 1703 399 Capituli
1745 340 2042 400 collegialiter

256 424 538 482 congregati,
573 425 609 469 si
647 424 890 483 Episcopus
937 423 1107 468 alienet
1157 422 1278 482 quod
1325 423 1381 467 ad
1421 422 1661 468 ecclesiam
1710 423 2038 482 cathedralem,

258 508 351 552 imo
384 508 524 552 etiam
559 508 615 552 ad
648 520 856 552 mensam
890 519 1020 551 suam
1053 506 1359 563 episcopalem
1385 505 1601 564 pertinet.
1639 505 1682 550 Si
1707 507 1942 551 Praelatus
1971 518 2043 551 res

257 592 476 636 ecclesiae
509 591 775 648 collegiatae
807 594 887 634 aut
919 587 1242 634 conventualis
1264 587 1505 643 distrahat,
1531 587 1816 634 necessarius
1837 592 1907 634 est
1933 601 2041 634 con-

258 687 420 720 sensus
453 674 573 719 illius
604 673 787 731 Collegii
820 677 901 717 aut
931 675 1213 718 Conventus.
1250 673 1293 728 2)
1330 670 1589 716 Auctoritas
1622 671 1889 730 Superioris,
1923 671 2043 716 seili-

260 762 334 802 cet
370 757 561 804 Romani
597 755 845 810 Pontificis‚
890 755 952 799 ita
998 755 1123 799 enim
1156 755 1401 818 *decretum
1446 759 1515 799 est
1556 768 1582 799 a
1615 754 1832 812 Gregorio
1866 758 1901 799 X
1934 757 2039 814 Cap.

265 843 603 886 Consultissimo
638 842 678 885 2.
715 840 770 884 de
805 839 895 884 reb.
929 839 1039 884 eccl.
1074 852 1168 883 non
1201 837 1432 883 alienand.
1470 837 1516 882 in
1551 839 1592 882 6.
1629 841 1676 882 et
1706 851 1731 882 a
1767 838 1902 882 Paulo
1937 840 1972 882 ΙΙ
1996 836 2043 882 in

260 925 337 970 eit.
378 930 565 969 Exti-av.
612 924 883 968 ambitiosae
924 923 953 967 ¹.
1001 921 1304 980 Excipiuntur
1350 921 1395 965 in
1441 921 1526 965 hac
1573 924 1727 966 Const.
1784 920 1948 965 locatio
1987 919 2044 965 ad

380 1074 388 1092 ¹
418 1074 459 1109 In
486 1073 729 1110 Instructione
751 1074 829 1111 Sac.
849 1072 963 1118 Cong.
984 1072 1061 1109 Fid.
1077 1072 1184 1118 Prop.
1212 1072 1283 1108 dici
1303 1071 1349 1108 50
1367 1071 1451 1109 Iulii
1474 1071 1563 1108 1867
1583 1070 1623 1117 (’)
1651 1081 1716 1117 pro
1736 1071 1960 1108 alienatione
1980 1071 2046 1107 bo-

260 1155 392 1182 norum
420 1145 758 1182 ecclesiasticorum
785 1144 978 1189 sequentia
1004 1144 1151 1180 decreta
1177 1149 1273 1180 sunt:

381 1217 410 1252 1.
437 1217 479 1252 In
507 1217 716 1253 venditione
744 1216 926 1252 bonorum
953 1214 1299 1256 ecclesiasticorum,
1327 1214 1559 1259 permittatur
1586 1213 1802 1250 eorumdem
1838 1212 2045 1250 aestimatio

260 1299 282 1325 a
309 1289 434 1334 probis
462 1289 586 1332 peritis
613 1288 750 1333 scripto
778 1287 947 1323 facienda
957 1298 965 1331 ;
1001 1287 1199 1323 audiantur
1224 1295 1352 1322 omnes
1392 1285 1569 1322 interesse
1609 1285 1806 1328 habentes;
1833 1289 1977 1321 constet
2002 1284 2046 1320 de

260 1362 419 1398 evidenti
446 1361 632 1397 Ecclesiae
661 1360 879 1396 necessitate
905 1358 963 1395 vel
992 1358 1168 1394 utilitate:
1205 1357 1411 1393 vendantur
1449 1357 1573 1392 favore
1611 1356 1762 1392 maioris
1800 1355 1978 1392 oblatoris
2012 1359 2048 1395 et

261 1443 336 1470 non
365 1433 495 1468 minori
523 1432 640 1478 pretio
667 1440 779 1477 quam
806 1430 905 1477 quod
932 1440 952 1466 a
982 1429 1175 1473 praedietis
1214 1429 1337 1474 peritis
1375 1428 1483 1465 fuerit
1521 1427 1768 1470 aestimatum3
1808 1426 1968 1471 pretium
2000 1425 2047 1461 ab

262 1509 426 1550 emptore
453 1504 594 1549 integre
620 1503 782 1539 solvatur
811 1503 847 1538 in
873 1506 957 1538 actu
985 1501 1244 1547 stipulationis,
1272 1504 1306 1536 et
1334 1499 1536 1536 collocetur
1563 1499 1599 1534 in
1626 1498 1814 1543 frugifero,
1833 1502 1911 1534 tuto
1937 1507 1979 1533 ac
2005 1497 2049 1533 li-

262 1577 334 1612 eito
363 1576 644 1619 investitnent03
672 1575 772 1621 quod
799 1575 828 1610 si
857 1583 931 1609 non
958 1574 1026 1609 erit
1052 1573 1090 1609 in
1117 1577 1300 1618 promptu,
1328 1572 1533 1617 deponatur
1563 1570 1722 1616 pretium
1758 1570 1796 1606 in
1831 1569 1956 1615 aliqua
1989 1577 2049 1604 ca-

264 1659 329 1694 psa
356 1649 513 1694 publica,
541 1648 598 1684 vel
626 1648 722 1693 apud
749 1647 912 1692 aliquam
940 1655 1136 1692 personam
1165 1649 1350 1689 spectatae
1378 1644 1571 1689 probitatis
1598 1648 1634 1679 et
1653 1642 1876 1685 idoneitatis,
1902 1646 2048 1687 recepta

263 1725 387 1757 tamen
413 1720 583 1757 cautione
611 1719 747 1764 scripto
774 1722 934 1760 exarata,
962 1727 1075 1763 penes
1104 1717 1224 1762 ipsum
1253 1715 1500 1752 patriarcham
1528 1714 1585 1751 vel
1604 1714 1831 1760 Episcopum
1857 1712 2047 1756 ecclesiae,

262 1792 309 1828 ad
336 1802 445 1838 quam
475 1792 658 1837 pertinent
687 1791 783 1826 bona
810 1789 966 1832 vendita,
994 1788 1270 1825 accuratissime
1297 1786 1549 1823 custodienda.

382 1864 415 1900 2.
443 1864 484 1899 In
513 1862 846 1909 permutationibus
874 1861 1129 1906 praemittatur
1153 1859 1360 1895 aestimatio
1388 1858 1586 1894 fundorum
1612 1867 1634 1893 a
1660 1856 1787 1902 probis
1807 1855 1934 1902 peritis
1960 1855 2051 1892 scri-

264 1940 325 1982 pto
355 1935 536 1976 facienda3
565 1934 768 1971 audiantur
795 1942 924 1969 omnes
954 1933 1132 1967 interesse
1170 1931 1358 1973 habentes;
1398 1932 1542 1966 constet
1575 1928 1619 1964 de
1661 1927 1822 1963 evidenti
1862 1926 2050 1963 Ecclesiae

264 2008 439 2051 utilitate;
471 2013 506 2043 et
533 2007 569 2041 in
594 2010 805 2043 contractus
832 2003 1070 2049 stipulatione
1097 2011 1271 2048 expresse
1298 2005 1505 2037 reservetur
1545 1999 1631 2036 hinc
1671 1998 1756 2035 inde
1785 2006 1973 2044 regressus
2005 1996 2051 2033 ad

264 2081 451 2125 primaeva
478 2079 558 2115 iura
585 2078 622 2113 in
649 2087 736 2113 casu
764 2076 968 2112 evictionis.
997 2074 1102 2118 Quod
1129 2074 1159 2110 si
1186 2073 1290 2109 valor
1316 2072 1419 2109 fundi
1446 2071 1686 2108 ecclesiastici
1707 2075 1874 2116 superest
1889 2069 2050 2106 valorem

265 2152 367 2189 fundi
394 2151 454 2196 qui
482 2151 529 2186 ab
556 2149 713 2185 ecclesia
739 2149 775 2184 in
804 2146 1109 2193 permutationem
1137 2145 1326 2190 recipitur,
1351 2154 1395 2181 ea
1422 2143 1600 2190 pecuniae
1629 2142 1683 2178 vis
1720 2152 1816 2188 quae
1846 2141 1893 2178 ad
1932 2150 2053 2186 perae-

265 2222 479 2269 quationem
506 2224 715 2257 contractus
743 2224 796 2255 est
824 2218 1045 2259 necessaria,
1073 2216 1252 2253 ecclesiae
1280 2215 1510 2261 persolvatur
1538 2215 1576 2250 in
1603 2218 1691 2250 actu
1723 2213 1982 2259 stipulationis,
2017 2216 2052 2248 et

265 2293 466 2330 collocetur
492 2293 530 2327 in
556 2292 724 2333 honeste,
751 2295 829 2327 tuto
856 2300 898 2326 ac
925 2289 1025 2326 licito
1052 2288 1324 2330 investimento;
1351 2291 1462 2332 atque
1490 2285 1633 2322 interim
1676 2285 1882 2330 deponatur
1907 2269 1961 2321 uti
1993 2293 2052 2321 su-

267 2375 332 2412 pra
358 2365 394 2400 in
420 2373 531 2410 capsa
559 2363 717 2409 publiea,
745 2362 803 2398 vel
829 2362 926 2408 apud
954 2369 1149 2406 personam
1177 2363 1363 2405 spectatae
1393 2357 1588 2404 probitatis
1614 2361 1724 2402 atque
1752 2356 1973 2392 idoneitatis.

384 2437 417 2473 5.
445 2437 487 2472 In
512 2434 763 2473 contractibus
790 2431 1075 2478 emphyteuticis
1105 2430 1274 2467 ineundis
1303 2429 1558 2474 praemittatur
1584 2427 1795 2464 aestimatio
1831 2426 2052 2472 peritorum;

265 2510 462 2547 audiantur
487 2517 615 2544 omnes
643 2509 818 2542 interesse
848 2504 1047 2546 habentes3
1075 2505 1219 2538 constet
1244 2501 1289 2537 de
1316 2499 1476 2537 evidenti
1505 2498 1696 2535 Ecclesiae
1724 2497 1903 2539 utilitate;
1931 2505 2052 2533 canon

265 2581 313 2617 ab
338 2580 578 2626 emphyteuta
604 2576 871 2623 persolvendus
899 2584 974 2611 non
1001 2574 1047 2610 sit
1073 2573 1205 2617 minor,
1233 2581 1345 2617 quam
1372 2571 1436 2617 qui
1464 2579 1485 2606 a
1512 2569 1643 2615 peritis
1672 2572 1831 2605 statutus
1852 2568 1968 2610 fuerit;
1989 2567 2052 2604 sti-

266 2651 405 2697 pulatio
431 2651 567 2696 scripto
594 2649 832 2693 consignetur
857 2646 916 2684 cui
943 2645 1140 2691 descriptio
1167 2643 1269 2681 fundi
1296 2653 1340 2679 ac
1367 2641 1639 2688 topographica
1667 2639 1835 2677 eiusdem
1854 2638 1978 2675 tabula
1992 2638 2052 2675 ad-

267 2723 422 2767 iiciatur;
453 2725 608 2768 praestet
634 2720 872 2766 emphyteuta
910 2716 1212 2763 hypothecariam
1253 2713 1532 2759 inscriptionem
1572 2721 1683 2757 super
1709 2710 1783 2746 alio
1826 2709 1959 2746 idoneo
1985 2718 2052 2746 suo

266 2794 391 2837 fundo,
418 2798 479 2831 aut
505 2793 635 2829 saltem
663 2792 733 2828 hoc
758 2790 952 2827 deficiente
978 2788 1189 2825 cautionem
1218 2787 1433 2823 idonearum
1474 2792 1720 2830 personarum
1754 2791 1818 2828 pro
1857 2779 2053 2817 securitate

266 2875 453 2902 canonum
481 2865 588 2901 trium
614 2871 807 2904 annorum;
846 2866 956 2907 atque
985 2860 1022 2896 in
1056 2859 1137 2904 ipsa
1175 2857 1413 2903 stipulatione
1446 2855 1711 2902 obligationem
1750 2853 1892 2889 emittat
1919 2860 1982 2897 pro
2013 2858 2053 2886 se

267 2938 419 2983 suisque
445 2935 644 2972 heredibus
671 2944 714 2970 ac
740 2931 1020 2970 successoribus
1047 2929 1253 2971 valituram,
1279 2936 1482 2973 numquam
1510 2925 1635 2963 utendi
1666 2909 1832 2970 qualibet
1870 2920 2053 2969 praesenti

388 3065 425 3100 (⁸)
446 3066 482 3092 ln
504 3063 722 3092 collectanea
741 3061 806 3090 sub
821 3066 971 3089 numero
993 3059 1079 3092 1629;
1101 3057 1147 3088 ct'.
1161 3056 1419 3086 collectaneam
1441 3055 1551 3091 Caput
1571 3054 1589 3082 3
1608 3053 1650 3082 de
1671 3051 1772 3082 bonis
1793 3047 2056 3080 ecclesiasticis,

268 3131 289 3153 a
311 3130 458 3152 numero
478 3123 547 3150 1610
566 3121 610 3150 ad
631 3128 664 3149 n.
686 3121 766 3149 1638.
