2176 3386
227 170 310 210 362
873 180 982 209 PARS
1012 182 1036 209 1.
1071 181 1128 209 DE
1157 181 1368 210 Pensoms

227 303 255 334 a
291 289 527 348 privilegio
562 289 836 347 Apostolico,
874 290 946 335 vel
978 305 1003 337 a
1039 292 1408 350 Metropolitano‚
1433 294 1530 355 toto
1552 292 1872 339 consentiente
1895 297 2008 341 Con·

230 371 338 418 cilio
366 372 434 417 ius
467 373 720 418 confertur.

352 455 452 518 462.
491 458 754 514 Sequuntur
775 455 972 515 denique
994 457 1082 501 duo
1105 456 1379 515 posteriores
1400 459 1581 516 gradus,
1607 458 1654 504 in
1677 460 1841 519 quibus
1863 464 2010 506 conti-

234 541 425 582 nentur:
456 538 493 594 l)
521 537 605 592 Qui
629 538 940 583 consultivnm
967 542 1149 584 tantum
1171 543 1331 584 votum
1357 540 1542 596 habent,
1566 541 1685 601 iique
1703 546 1811 587 sunt
1833 543 2010 602 Episco-

234 635 396 679 porum
431 620 735 676 coadiutores,
772 635 829 665 ne
863 620 908 664 in
943 620 1280 666 sententiarum
1313 621 1619 681 discrepantia
1652 624 1819 683 duplici
1852 627 2011 672 suffra-

232 704 305 762 gio
339 718 428 748 una
466 717 567 762 pars
598 703 819 748 adversus
851 705 1043 748 alteram
1078 708 1263 749 tueatur
1288 705 1317 762 ‘;
1353 705 1557 765 Capitula
1605 708 1906 754 Ecclesiarum
1934 712 2011 755 Ca-

232 786 508 831 thedralium
543 792 589 830 et
620 787 969 844 collegiatarum
1003 787 1129 846 quasi
1170 787 1472 847 episcopalem
1522 790 1885 837 iurisdictionem
1935 793 2013 837 ha-

234 869 462 925 bentium,
497 869 700 927 Capitula
736 869 858 914 enim
894 869 1050 915 omnia
1085 870 1355 916 Provinciae
1389 871 1458 917 ius
1501 873 1674 930 habent
1721 879 1770 918 ut
1812 874 2014 920 inviten-

234 959 326 1010 tur,
362 954 470 1000 licet
500 954 541 998 ei
575 954 730 999 adesse
766 968 856 998 non
893 958 1176 1011 t‹¹neantur;
1228 955 1431 1013 deputati
1473 958 1740 1002 eorumdem
1788 957 2011 1016 Capitulo-

236 1052 336 1082 rum
364 1038 403 1094 ²3
443 1037 654 1092 Abbates,
692 1037 775 1082 etsi
810 1042 993 1082 tantum
1028 1038 1443 1097 Commendatarii;
1480 1044 1527 1084 et
1557 1040 1834 1100 quicumque
1857 1055 1882 1085 a
1905 1054 2013 1086 con-

170 1131 172 1133 ’
231 1120 477 1164 suetudine
512 1119 581 1165 ius
616 1121 802 1174 liabent,
840 1121 911 1165 vel
945 1135 969 1164 a
1005 1120 1242 1179 privilegio
1276 1122 1400 1166 Sedis
1434 1122 1732 1180 Apostolicae,
1769 1123 1842 1168 vel
1871 1138 1896 1169 a
1922 1128 2012 1170 Me-

235 1202 530 1261 tropolitano,
566 1207 662 1246 toto
696 1203 977 1247 assentiente
1011 1202 1229 1249 Concilio.
1266 1203 1430 1265 ‘moui
1473 1205 1596 1250 nullo
1644 1205 1814 1264 pollent
1853 1205 2014 1251 suffra-

233 1285 325 1342 gio,
362 1291 485 1341 sunt,
522 1286 597 1345 qui
632 1299 679 1330 se
713 1286 857 1331 laesos
889 1285 1162 1331 existimant
1194 1291 1240 1331 et
1271 1287 1324 1331 ad
1380 1282 1603 1332 iustitiam
1654 1288 1899 1346 petendam
1942 1302 2015 1334 ac-

232 1369 421 1414 cedunt.
464 1373 595 1413 Petra
621 1368 652 1424 3,
688 1367 765 1427 qui
798 1368 922 1413 addit
960 1374 1142 1427 praeter
1181 1369 1300 1413 hanc
1342 1382 1526 1413 causam
1571 1369 1734 1426 laicos,
1770 1383 1917 1429 neque
1961 1370 2017 1415 ad

234 1453 557 1508 decidendum,
594 1466 743 1511 neque
777 1452 830 1496 ad
855 1451 1206 1507 consulendum,
1232 1451 1414 1495 admitti
1444 1452 1625 1508 debere,
1650 1452 1797 1497 allatis
1818 1467 1870 1497 ea
1893 1453 1947 1498 de
1970 1467 2018 1498 re

237 1540 279 1581 S.
303 1536 678 1594 Congregationis
709 1534 897 1580 Concilii
934 1534 1300 1580 resolutionibus.

356 1621 456 1665 465.
496 1623 706 1665 Iamvero
740 1620 794 1664 de
827 1619 1179 1677 obligationibus
1211 1618 1375 1678 quibus
1408 1619 1666 1677 praedictae
1700 1634 1919 1679 personae
1951 1625 2016 1665 te-

238 1709 426 1760 nentur,
450 1703 699 1748 videndum
719 1709 812 1748 est:
838 1718 954 1763 quae
977 1703 1086 1760 sint;
1106 1717 1165 1747 an
1184 1704 1397 1747 omnibus
1419 1717 1561 1762 aeque
1586 1703 1871 1760 incumbant;
1899 1717 2014 1763 quae

233 1802 401 1834 causac
435 1789 491 1833 ab
526 1788 578 1832 iis
610 1791 849 1832 excusent.
892 1791 984 1832 Duo
1020 1788 1168 1845 priora
1203 1786 1418 1845 expedire
1450 1787 1589 1832 breve
1622 1791 1706 1842 est,
1733 1785 2015 1846 quandoqui-

234 1873 342 1917 dem
376 1871 675 1930 obligationes
709 1871 823 1915 duae
857 1875 982 1926 sunt,
1017 1870 1262 1915 accedendi
1297 1870 1352 1915 ad
1385 1869 1656 1926 Concilium,
1681 1875 1726 1914 et
1748 1869 1806 1914 ab
1828 1883 1881 1914 eo
1905 1873 2012 1914 ante

234 1954 441 2000 eiusdem
476 1954 824 2000 dissolutionem
861 1969 950 1999 non
988 1953 1226 1998 recedendi
1252 1954 1285 2009 '⁸,
1322 1953 1404 1997 sub
1431 1967 1572 2011 poena
1601 1953 1872 2012 privationis
1895 1966 2017 1997 com·

239 2038 471 2084 munionis
503 2037 696 2082 aliorum
736 2036 1056 2095 Episcoporum
1091 2051 1233 2096 usque
1281 2036 1336 2081 ad
1383 2038 1590 2081 futurum
1635 2034 1907 2090 Concilium,
1943 2029 2017 2080 vel

236 2121 376 2166 etiam
416 2120 553 2178 (trina
591 2125 744 2165 tamen
780 2120 1034 2165 monitione
1069 2120 1333 2178 praemissa)
1368 2119 1546 2178 proprie
1579 2118 1727 2163 dictae
1752 2131 2018 2163 excommu-

239 2203 501 2258 nicationis,
537 2218 653 2263 quae
687 2218 899 2259 censura,
935 2203 970 2248 si
1004 2205 1095 2248 lata
1130 2203 1268 2248 fuerit
1300 2217 1380 2261 per
1412 2217 1668 2260 canonem,
1708 2202 1801 2247 tolli
1850 2201 2019 2260 poterit

234 2288 378 2332 etiam
413 2287 469 2331 ab
502 2286 870 2346 ArchiepiscopO,
906 2290 940 2333 si
975 2302 1054 2346 per
1086 2287 1385 2343 sententiam,
1422 2286 1603 2332 nonnisi
1654 2287 1710 2331 ab
1762 2286 1857 2344 ipso
1905 2288 2020 2331 Con-

239 2369 343 2415 cilio
367 2369 397 2415 5.
438 2370 698 2414 Praedictae
732 2384 842 2415 vero
875 2369 1173 2428 obligationes
1207 2369 1260 2414 iis
1294 2374 1476 2415 tantum
1501 2369 1793 2426 incumbunt,
1818 2369 1874 2414 ad
1906 2382 2020 2429 quos

241 2454 339 2499 iure
374 2454 552 2512 proprio
587 2453 786 2512 pertinet
819 2453 1085 2511 suffragium
1119 2453 1372 2498 decisivum
1410 2454 1526 2499 ferre
1563 2454 1633 2499 iel
1665 2454 1828 2513 quibus
1865 2466 2020 2498 neces·

236 2537 352 2582 sitas
382 2537 438 2582 ad
471 2536 724 2582 Concilium
758 2536 1003 2582 accedendi
1039 2551 1095 2581 ex
1129 2536 1462 2597 consuetudine
1495 2540 1604 2582 nata
1636 2541 1719 2582 est.
1774 2537 2019 2596 Excipiun-

241 2626 318 2666 tur
348 2625 535 2666 autem:
574 2620 820 2680 Episcopus
854 2634 945 2665 non
979 2624 1288 2675 consecratus,
1325 2619 1431 2664 licet
1465 2620 1796 2679 possessionem
1846 2619 2020 2679 episco-

362 2760 368 2777 ¹
401 2761 497 2797 Sacr.
525 2759 638 2806 Cong.
667 2759 746 2795 Fid.
776 2759 882 2805 Prop.
910 2758 993 2795 mai.
1023 2757 1124 2795 1852.

360 2831 372 2850 ⁹
401 2832 602 2868 FAGNANUS
627 2831 650 2867 l.
677 2841 719 2874 c.‚
747 2839 781 2867 11.
808 2831 841 2875 9,
860 2830 917 2867 55.

361 2902 373 2922 ³
400 2903 525 2939 PETRA
552 2903 573 2938 l.
601 2912 647 2945 c.‚
674 2913 708 2939 n.
735 2902 793 2938 45.

362 2973 375 2993 '⁶
403 2974 489 3010 Can.
511 2975 546 3010 Si
571 2974 650 3021 quis
677 2976 799 3010 autem
815 2973 975 3015 distinct.
992 2973 1051 3018 18;
1072 2973 1181 3010 Conc.
1202 2973 1364 3010 Trident.
1379 2974 1476 3010 Sess.
1492 2973 1625 3017 XXIV,
1643 2973 1730 3019 Cap.
1747 2973 1781 3010 II
1799 2974 1840 3011 de
1861 2973 2018 3020 Reform.

364 3043 376 3063 ³
407 3044 528 3080 PETRA
556 3044 578 3080 l.
605 3053 647 3086 c.‚
675 3054 713 3080 n.
743 3043 821 3080 112.
