2176 3386
530 169 880 199 suPPLEMENTUM
910 168 1190 204 QUORUMDAM
1219 168 1585 199 DOCUMENTORUM
1868 160 1947 200 317

168 277 360 323 materia
409 277 510 322 alba
541 276 853 333 adveniente,
890 289 1031 335 panes
1063 275 1319 321 conficiunt
1350 277 1471 322 ferro
1504 277 1683 335 calido,
1719 278 1854 324 modo
1902 277 1950 323 in

168 364 346 419 Europa
380 365 656 406 consueto...
707 361 866 404 Utrum
901 359 1025 404 licita
1059 358 1118 403 sit
1149 358 1409 417 supradicta
1444 360 1674 405 confectio
1708 361 1839 419 panis
1872 376 1951 420 pro

170 446 343 491 Missa?
376 472 430 477 —
468 448 516 489 R.
556 442 872 500 Affirmative;
908 445 1039 487 curet
1073 447 1246 497 lamen,
1281 441 1317 490 si
1352 441 1447 486 lieri
1484 443 1641 501 possit,
1670 444 1765 489 Vic.
1794 447 1875 503 Ap.
1901 449 1952 489 ut

169 531 458 574 frumentum
491 543 548 573 ex
580 542 670 587 quo
703 527 834 586 panis
866 525 1209 572 Eucharisticus
1240 526 1501 583 conficitur,
1522 540 1614 572 non
1639 528 1954 573 contundatur

170 612 474 668 solummodo,
499 612 576 656 sed
610 615 718 669 apto
739 610 1050 655 instrumento
1075 610 1119 654 in
1144 610 1342 654 farinam
1369 610 1614 668 redigatur,
1640 626 1755 671 quae
1789 612 1952 658 deinde

171 695 296 741 cribo
329 699 490 740 exacte
525 699 759 753 purgetur,
791 698 838 739 et
871 693 1002 754 panis
1034 708 1088 738 ex
1119 695 1278 738 eadem
1315 695 1586 739 conficiatur
1620 695 1754 740 modo
1788 696 1834 740 in
1871 700 1952 741 Eu-

171 793 278 838 ropa
314 778 482 823 usitato
513 797 551 822 n.
589 779 630 821 S.
666 781 719 822 O.
756 778 812 822 25
847 782 944 823 lun.
986 777 1112 822 1852.

1003 945 1116 998 VII.

638 1085 832 1139 Quoad
874 1085 1084 1140 Missae
1126 1087 1490 1142 binationem.

296 1228 580 1286 Propositum
617 1228 703 1273 fuit
736 1229 924 1274 dubium
960 1233 1057 1275 Sac.
1096 1230 1228 1274 [niv.
1259 1235 1355 1290 Inq.
1392 1245 1450 1275 an
1486 1233 1625 1276 etiam
1652 1233 1818 1277 Vicarii
1845 1236 1959 1292 Apo-

175 1314 320 1359 stolici
354 1313 582 1371 gaudeant
618 1313 835 1357 facultate
867 1313 1014 1372 quoad
1051 1316 1214 1358 Missae
1249 1314 1552 1369 binationem‚
1578 1330 1693 1374 quae
1732 1317 1960 1375 Episcopis

176 1397 395 1442 tribuitur
428 1398 474 1441 in
508 1397 698 1443 Constit.
741 1397 1001 1447 Declarasci
1035 1398 1198 1442 Bened.
1238 1401 1347 1443 XIV.
1395 1402 1528 1443 Porro
1572 1400 1653 1443 fer.
1692 1403 1772 1455 IV,
1808 1402 1863 1444 22
1898 1401 1960 1444 fe·

177 1482 326 1526 bruar.
356 1481 483 1535 1888,
512 1480 606 1525 Emi
634 1485 728 1539 lnq.
755 1484 918 1526 Gener.
945 1481 1305 1538 responderunt:
1345 1483 1647 1537 Affiri‘native,
1676 1484 1795 1528 facto
1821 1484 1960 1529 verbo

184 1580 288 1611 cum
325 1565 459 1609 SSiiio
494 1565 655 1609 SSmus
687 1568 842 1609 autem
877 1566 1036 1609 eadem
1070 1565 1141 1609 die
1176 1570 1336 1609 votum
1375 1566 1588 1612 Eiiiorum
1626 1571 1704 1612 PP.
1734 1568 1960 1625 probavit.

998 1746 1135 1797 VIII.

414 1885 608 1938 Quoad
648 1886 1082 1959 applicationem
1123 1885 1336 1941 Missae
1378 1910 1474 1961 pro
1519 1890 1732 1962 populO.

305 2028 341 2071 l.
382 2030 446 2070 An
484 2026 650 2070 Vicarii
679 2026 920 2084 ¹apostolici
956 2041 1009 2072 ac
1046 2028 1337 2084 Missionarii,
1368 2029 1412 2073 in
1439 2031 1602 2089 quovis
1638 2033 1770 2077 modo
1805 2047 1962 2079 curam

182 2111 444 2156 animarum
482 2109 524 2153 in
560 2114 685 2154 certo
719 2110 870 2168 aliquo
905 2111 1003 2155 loco
1037 2118 1303 2167 assumunt,
1340 2127 1502 2158 omnes
1551 2115 1818 2161 indistincte
1858 2118 1964 2162 obli-

184 2199 348 2251 gentur
394 2208 449 2237 ex
483 2195 661 2236 iustitia
709 2193 762 2236 ad
812 2192 1130 2251 applicandam
1182 2196 1367 2239 missam
1411 2211 1488 2254 pro
1533 2200 1695 2255 populo
1729 2199 1773 2243 in
1809 2200 1967 2245 diebus

186 2276 378 2320 festivis.

306 2361 346 2404 2.
386 2362 452 2404 An
488 2373 599 2403 vero
622 2360 677 2403 dc
712 2359 810 2414 illis,
846 2360 920 2418 qui
956 2374 1013 2404 ex
1049 2360 1220 2405 iustitia
1257 2375 1347 2406 non
1382 2362 1658 2420 obligantur,
1684 2365 1771 2409 dici
1804 2366 1967 2411 debeat

187 2443 345 2486 decere
377 2457 435 2486 ex
468 2442 693 2487 charitate
725 2448 804 2487 aul.
828 2446 978 2486 teneri
999 2458 1055 2487 ex
1080 2444 1305 2488 charitate
1338 2445 1393 2489 ad
1427 2446 1744 2504 applicandam
1781 2448 1965 2493 missam

188 2539 267 2583 pro
302 2526 466 2585 populo
500 2526 545 2569 in
580 2526 737 2570 diebus
771 2526 962 2571 festivis.

309 2614 516 2654 lamvero
565 2609 610 2654 in
661 2610 948 2668 generalibus
997 2611 1196 2656 comitiis
1231 2617 1270 2658 S.
1304 2616 1465 2671 Congr.
1503 2616 1595 2659 Fid.
1634 2620 1763 2674 Prop.
1803 2617 1969 2662 habitis

189 2691 261 2735 die
294 2693 350 2736 25
384 2692 535 2736 martii
576 2693 702 2748 1865,
741 2693 837 2738 Emi
874 2697 1028 2738 Patres
1062 2696 1430 2753 respondendum
1466 2705 1773 2744 censuerunt:

313 2795 331 2814 a
361 2775 422 2819 Ad
466 2781 495 2821 1.
535 2776 781 2833 Negative,
817 2777 1066 2822 dummodo
1116 2793 1207 2823 non
1251 2784 1411 2837 agatur
1458 2781 1512 2824 de
1556 2782 1690 2838 locis,
1728 2782 1773 2827 in
1807 2784 1971 2843 quibus

190 2859 319 2903 sedes
351 2859 627 2918 episcopales
658 2874 711 2904 ac
747 2860 982 2918 paroeciae
1015 2861 1238 2906 canonice
1271 2867 1452 2908 erectae
1486 2865 1577 2908 iam
1611 2864 1719 2921 sint,
1745 2870 1882 2925 atque
1916 2867 1970 2911 ad

192 2955 269 2986 eas
305 2942 468 2987 Vicarii
505 2942 748 3001 Apostolici
781 2947 827 2988 et
863 2943 1134 2989 Missionarii
1172 2945 1294 2990 missi
1330 2946 1423 2991 sint
1455 2951 1506 2991 ut
1538 2948 1847 3006 legitimorum
1892 2955 1969 2996 Pa·

193 3029 368 3070 storum
405 3027 527 3073 vices
559 3032 736 3086 gerant.
