2176 3386
707 0 726 19 s
742 15 743 18 ,
762 0 964 36 'WWTlss'f‘c-k'ss
979 0 1196 38 mrsu-W
1219 24 1227 34 ‚

274 151 354 190 218
945 162 1055 193 PARS
1082 163 1123 192 11.
1158 163 1215 192 DE
1246 163 1384 193 nanus

396 268 523 313 1095.
561 268 730 313 Eadem
773 268 829 313 de
861 281 998 314 causa
1039 267 1322 314 declaratum
1373 272 1442 314 est
1489 282 1580 314 non
1629 269 1767 315 licere
1813 269 2050 316 catholicis
2123 255 2143 267 ‘¹

271 350 319 396 in
353 351 593 410 gentilium
627 352 809 410 templis
840 365 1010 410 organa
1044 353 1119 397 vel
1165 351 1251 397 alia
1298 352 1604 398 instrumenta
1638 354 1842 412 pulsare,
1878 359 2049 401 metros

271 431 438 480 canere
471 439 551 479 aut
582 433 896 480 concinendos
928 448 1205 493 componere
1238 435 1270 491 ¹,
1307 435 1440 492 idque
1473 451 1530 482 06
1563 437 1646 482 sub
1677 442 1919 496 praetextu
1951 440 2049 500 qui-

271 521 375 565 dem
409 525 455 564 et
486 534 565 578 spe
597 533 675 564 eos
708 519 914 565 lucrandi
949 520 1004 565 ad
1038 519 1173 565 fidem
1207 521 1510 566 orthodoxam
1536 522 1564 567 ².

394 604 520 648 1096.
559 606 652 647 Nec
685 602 799 648 ritus
831 617 1051 662 usurpare
1099 603 1238 648 falsae
1278 603 1507 661 religionis
1547 605 1889 663 protestativos;
1939 621 2046 666 quo-

270 687 392 732 circa
425 686 544 731 idem
582 686 792 731 Pontifex
817 686 831 710 ⁸
866 686 1102 732 catholicis
1133 687 1343 744 prohibet
1375 687 1740 734 circumcisionis
1770 703 1903 734 usum
1954 704 2048 735 ma-

270 772 629 816 humetanorum
666 784 823 815 more:
856 771 1045 815 nomina
1086 770 1291 827 turcica,
1325 784 1520 830 quorum
1560 785 1644 817 nec
1684 786 1911 818 memores
1951 787 2048 819 esse

270 855 489 900 deberent
530 869 608 913 per
650 853 767 898 labia
800 867 907 909 sua,
942 868 1207 902 assumere.
1242 854 1549 900 abominanda
1597 855 1845 901 infidelium
1880 859 2048 915 templa

271 940 582 997 frequentare,
603 938 1016 983 ecclesiasticorum
1037 938 1314 984 ieiuniorum
1339 938 1434 983 dies
1456 940 1666 984 carnium
1684 953 1763 984 esu
1787 941 2045 998 profanare,

271 1026 317 1066 et
350 1022 462 1066 haec
495 1036 548 1067 eo
582 1021 672 1066 fine
706 1027 754 1065 ut
789 1021 1106 1066 mahumetani
1141 1022 1403 1067 credantur.
1443 1022 1584 1067 Multo
1618 1036 1728 1067 vero
1762 1024 2047 1081 magis'cum

270 1119 293 1147 a
330 1105 507 1162 publica
543 1109 765 1163 potestate
800 1104 1157 1162 interrogantur,
1186 1104 1395 1149 illicitum
1418 1119 1515 1151 esse
1538 1093 1876 1151 mahumeticae
1897 1112 2048 1152 sectae

269 1201 316 1233 se
349 1188 553 1233 addictos
589 1187 805 1247 profiteri.
847 1187 1047 1246 Denique
1081 1188 1272 1246 impium
1306 1193 1352 1232 et
1386 1188 1592 1233 illicitum
1634 1189 1834 1233 declarat
1867 1189 2045 1234 illorum

272 1271 456 1315 Sei-viae
490 1270 846 1315 christianorum
881 1271 1091 1324 abusum,
1122 1270 1198 1330 qui
1232 1285 1288 1315 ex
1316 1271 1398 1315 hac
1424 1271 1518 1315 vita
1552 1271 1789 1329 migraturi
1823 1272 2046 1316 cadavera

269 1369 349 1400 sua
383 1358 633 1400 Turcarum
668 1354 914 1413 sepulturis
948 1355 1155 1399 mandari
1198 1369 1303 1399 cum
1338 1355 1530 1400 istorum
1577 1354 1834 1400 assistentia
1870 1360 1915 1399 et
1954 1369 2047 1400 ma-

271 1437 517 1482 humetICis
549 1437 764 1482 adhibitis
798 1437 959 1481 ritibus
1009 1435 1293 1495 permittunt
1314 1442 1395 1482 aut
1427 1437 1600 1482 iubent.
1651 1438 1734 1492 Qui
1783 1442 1937 1482 autem
1971 1438 2046 1482 ob·

269 1522 426 1566 stinati
461 1522 507 1566 in
542 1521 800 1567 huiusmodi
838 1522 911 1566 via
946 1521 1191 1579 impiorum
1226 1526 1449 1579 pergunt,
1486 1522 1727 1579 incapaces
1759 1526 1867 1566 30οῑ
1898 1535 2046 1567 sacra-

269 1612 532 1652 mentorum
569 1605 614 1650 in
651 1605 744 1649 vita
778 1640 787 1660 ,
822 1610 868 1650 et
900 1605 935 1650 si
979 1605 1335 1663 impoenitentes
1381 1605 1691 1661 decesserint,
1727 1604 2044 1662 suffragiorum

268 1694 369 1749 post
418 1693 631 1734 mortem.
685 1693 739 1734 Et
769 1692 922 1734 Const.
963 1689 1082 1733 611.ἰ
1118 1688 1385 1733 mulieribus
1424 1688 1469 1732 in
1519 1702 1658 1745 regno
1707 1686 1965 1733 Madurensi
2002 1690 2047 1731 et

268 1771 477 1817 finitimis
511 1771 771 1830 regionibus
806 1772 1013 1830 prohibet
1036 1772 1213 1816 deferre
1236 1772 1351 1817 collo
1375 1784 1626 1830 appensum
1652 1770 1698 1814 10
1722 1770 1903 1828 signum
1938 1783 2045 1814 con-

266 1856 402 1900 tracti
452 1854 735 1900 matrimonii
788 1855 917 1914 Γαίῃ,
953 1855 1073 1914 quod
1125 1854 1371 1913 imaginem
1407 1855 1606 1912 praefert
1642 1852 1904 1907 'rulleiaris‚
1941 1841 2046 1896 idoli

267 1938 548 1996 nuptialibus
580 1938 883 1983 caeremoniis
916 1937 1184 1996 praepositi3
1222 1943 1321 1981 tum
1355 1935 1618 1981 christianis
1648 1935 1863 1980 omnibus
1898 1932 2046 1993 prohi-

266 2021 342 2065 bet
374 2021 553 2066 cineres
585 2036 641 2065 ex
679 2035 845 2066 vaccae
877 2026 1078 2065 stercore
1111 2021 1347 2064 confectos
1378 2024 1425 2063 et
1458 2019 1645 2078 impiam
1679 2017 1918 2076 gentilium
1942 2029 2046 2074 poe·
2116 2006 2119 2012 ’

267 2105 512 2150 nitentiam
546 2120 571 2150 a
606 2106 788 2150 Rubren
825 2105 1086 2149 institutam
1120 2105 1377 2149 redolentes
1410 2102 1679 2148 benedicere
1713 2114 1879 2160 eosque
1902 2099 2044 2144 fronti

265 2202 394 2234 sacro
442 2190 689 2234 chrismate
738 2189 954 2234 delinitae
987 2188 1272 2247 impingere,
1309 2187 1406 2232 sive
1439 2199 1756 2246 quaecumque
1798 2183 1885 2229 alia
1918 2182 2045 2241 signa

265 2271 354 2317 albi
390 2273 459 2317 vel
495 2273 620 2317 rubei
654 2272 834 2327 coloris,
870 2286 1005 2350 (1006,κ
1022 2272 1118 2317 [ndi
1155 2271 1225 2315 vel
1259 2271 1305 2315 in
1342 2271 1493 2315 fronte
1528 2270 1599 2314 vel
1649 2268 1694 2312 in
1729 2271 1929 2326 pectore,
1965 2268 2046 2310 aut
2110 2284 2112 2323 2

265 2355 311 2399 in
345 2355 433 2400 alia
460 2355 624 2415 quavis
655 2355 857 2414 corporis
890 2359 1017 2413 parte
1051 2355 1199 2399 solent
1230 2354 1423 2399 deferre.
1459 2351 1796 2398 Constitutione
1830 2365 1941 2396 vero
1974 2353 2045 2394 Ex

264 2450 351 2495 quo
381 2437 625 2494 sinyularz‘
645 2437 676 2491 ⁵,
711 2450 827 2496 quae
859 2440 929 2480 est
960 2435 1015 2480 de
1047 2435 1210 2480 ritibus
1248 2433 1534 2489 sinensibus‚
1574 2435 1856 2478 damnantur
1893 2445 2044 2477 caere·

266 2520 466 2576 moniae,
501 2520 615 2566 ritus
647 2525 693 2565 et
724 2507 1006 2576 oblationes,
1040 2533 1156 2579 quae
1204 2518 1320 2563 liunt
1367 2523 1466 2562 tum
1510 2517 1699 2575 singulis
1731 2516 1965 2561 mensibus
1997 2515 2043 2559 in

384 2676 393 2695 ¹
425 2677 557 2713 Bened.
586 2677 682 2718 XIV,
709 2676 835 2713 Const.
864 2677 1035 2712 Omnium
1062 2676 1345 2712 sollicitudinum
1371 2674 1430 2711 die
1459 2673 1502 2710 12
1528 2677 1619 2719 sept.
1648 2671 1751 2709 1744.

383 2748 395 2766 ²
423 2747 458 2784 S.
484 2747 521 2784 C.
548 2747 626 2784 Fid.
653 2748 762 2793 Prop.
789 2747 808 2782 7
837 2747 913 2783 iun.
944 2746 1046 2783 1788.

383 2817 396 2836 ³
421 2818 545 2855 Const.
571 2819 670 2855 Inter
694 2819 902 2865 omnigenas
919 2818 993 2855 diei
1011 2818 1032 2854 2
1051 2818 1139 2854 febr.
1162 2817 1266 2854 1744.
1287 2817 1437 2854 —Vide
1457 2815 1736 2852 instructionem
1755 2814 1790 2851 S.
1809 2813 1847 2850 C.
1865 2812 1910 2850 de
1935 2812 2042 2858 Prop.

263 2889 353 2942 Fide
381 2889 425 2926 15
452 2890 543 2927 10011
572 2890 674 2927 1773.
701 2890 852 2927 Collect.
877 2900 911 2926 n.
942 2888 1164 2926 1652-1651.

382 2961 396 2980 ⁸
423 2962 595 2998 Omnium
620 2961 914 2998 sollicitudinum.

382 3032 394 3052 ⁸
421 3033 502 3069 Diei
530 3033 570 3069 11
599 3032 678 3070 iulii
705 3042 762 3070 an.
791 3032 895 3070 1742.
