2176 3386
797 843 1097 913 PARS
1142 842 1246 912 Π.

736 1071 868 1124 DE
931 1068 1316 1124 REBUS.

255 1358 356 1403 610,
394 1357 608 1402 Absoluta
643 1354 921 1400 tractatione
956 1357 1019 1398 De
1055 1355 1270 1397 Personis
1301 1367 1418 1412 quae
1451 1352 1498 1397 ln
1533 1352 1643 1398 locis
1684 1365 1917 1398 sacrarum

132 1442 408 1487 Missionum
462 1438 770 1498 Apostolicum
820 1437 1128 1482 ministerium
1179 1440 1430 1492 exercent,
1481 1436 1730 1481 secundam
1786 1437 1922 1481 huius

129 1525 285 1584 operis
318 1530 494 1583 partem
529 1522 852 1581 exponendam
885 1521 1192 1579 aggredimur,
1227 1534 1345 1579 quae
1380 1524 1447 1564 est
1479 1520 1533 1564 de
1568 1520 1717 1575 rebus,
1753 1533 1832 1564 seu
1866 1522 1921 1565 de

135 1608 299 1654 mediis
330 1622 446 1667 quae
480 1607 526 1651 in
561 1605 811 1652 christiana
854 1604 1072 1650 societate
1117 1604 1327 1648 ordinata
1361 1608 1469 1648 sunt
1506 1603 1560 1669 ad
1594 1603 1921 1648 aeternitatem

134 1690 407 1736 felicitatem
441 1687 829 1747 consequendam.

257 1774 357 1818 611.
395 1775 532 1816 Porro
566 1770 716 1815 media
739 1770 903 1829 quibus
937 1769 1136 1815 Ecclesia
1169 1768 1370 1828 disponit
1392 1769 1438 1813 in
1463 1774 1556 1814 tres
1579 1773 1730 1827 partes
1762 1768 1921 1813 distin-

133 1860 355 1914 guuntur.
396 1854 621 1900 Ecclesiae
646 1853 747 1899 finis
769 1854 937 1912 duplex
961 1858 1050 1898 est:
1088 1854 1203 1898 alter
1227 1867 1391 1911 nempe
1416 1857 1636 1909 remotuS,
1671 1853 1787 1898 alter
1810 1867 1920 1898 vero

139 1937 393 1996 proximus.
432 1937 555 1982 Finis
581 1942 784 1982 remotus
804 1940 874 1982 est
896 1942 1085 1982 aeterna
1112 1937 1376 1981 animarum
1410 1936 1660 1993 beatitudo,
1685 1936 1789 1981 finis
1812 1950 1923 1981 vero

138 2020 379 2079 proximus
411 2025 479 2065 est
512 2021 774 2065 animarum
808 2020 1131 2065 sanctificatio.
1189 2020 1385 2066 Ecclesia
1419 2020 1608 2079 proinde
1654 2020 1924 2080 opportunis

142 2104 307 2148 mediis
338 2103 602 2148 animarum
635 2103 1051 2149 sanctificationem
1079 2107 1311 2162 procurat,
1347 2117 1463 2162 quae
1497 2093 1699 2148 medium
1733 2104 1923 2149 unicum

137 2187 335 2246 ideoque
371 2187 681 2231 necessarium
720 2191 790 2232 est
821 2187 875 2232 ad
910 2188 1048 2232 finem
1084 2191 1315 2232 remotum
1351 2202 1516 2246 nempe
1549 2188 1743 2233 salutem
1778 2192 1924 2233 aeter-

140 2283 250 2314 nam
284 2270 672 2329 consequendam.
728 2274 935 2315 lamvero
968 2271 1055 2315 alia
1090 2274 1199 2315 sunt
1232 2271 1380 2315 media
1414 2271 1578 2330 quibus
1610 2271 1747 2315 homo
1780 2269 1925 2315 fidelis

138 2351 332 2409 gratiam
382 2352 752 2398 sanctificantem
796 2354 1115 2413 consequitur,
1163 2354 1250 2398 alia
1297 2354 1462 2414 quihus
1510 2353 1828 2398 homotidelis
1879 2355 1924 2398 in

135 2436 304 2494 adepta
327 2436 693 2481 sanctificatione
715 2437 982 2482 continetur
1004 2437 1133 2482 iuxta
1157 2437 1303 2482 officia
1326 2451 1442 2496 quae
1466 2437 1604 2481 habet
1630 2450 1735 2494 erga
1762 2441 1922 2491 Deum,

138 2533 248 2578 erga
286 2518 502 2578 seipsum,
538 2534 644 2577 erga
676 2520 787 2565 alios
829 2521 928 2565 sive
963 2521 1095 2565 vivos
1127 2521 1226 2565 sive
1263 2520 1519 2565 defunctos.
1576 2524 1627 2564 Et
1666 2519 1924 2565 huiusmodi

142 2602 294 2648 media
327 2602 577 2661 spiritualia
609 2603 843 2648 dicuntur.

260 2688 373 2730 Cum
408 2699 519 2730 vero
555 2686 754 2732 Ecclesia
787 2687 1051 2732 hominibus
1085 2680 1416 2746 componatur,
1451 2688 1539 2733 alia
1574 2687 1722 2733 media
1756 2687 1802 2732 in
1845 2701 1925 2733 sua

141 2771 367 2826 potestate
420 2768 616 2813 Ecclesia
665 2770 803 2814 habet
838 2784 955 2830 quae
998 2770 1296 2829 temporalia,
1334 2771 1513 2831 aliaque
1560 2771 1705 2816 mixta
1739 2775 1848 2816 sunt
1880 2776 1927 2816 et

134 2850 446 2908 appellantur.
483 2855 633 2905 Quare
664 2852 933 2898 universam
967 2854 1021 2898 de
1058 2854 1192 2898 rebus
1220 2855 1546 2899 tractationem
1582 2854 1628 2899 in
1663 2858 1756 2899 tres
1789 2854 1926 2899 libros

138 2932 409 2989 dividimus,
444 2947 640 2992 quorum
674 2933 721 2979 in
756 2935 903 2992 primo
936 2935 991 2981 de
1026 2937 1174 2981 Rebus
1205 2937 1530 2993 spiritualibus
1561 2937 1754 2995 agimus,
1779 2937 1830 2996 in*
1859 2951 1925 2983 se·

136 3014 294 3060 cundo
327 3015 382 3060 de
416 3017 562 3060 Rebus
595 3019 939 3074 temporalibus,
967 3019 1014 3063 in
1048 3019 1185 3064 tertio
1210 3033 1320 3064 vero
1353 3020 1406 3064 de
1440 3021 1587 3064 Rebus
1609 3023 1766 3065 mixtis
1797 3020 1927 3066 nobis

137 3111 296 3142 sermo
329 3099 433 3144 erit.
469 3099 535 3144 Sit
566 3099 707 3158 igitur

269 3193 585 3226 Z1TELL1-Somssm.
596 3216 632 3221 -
654 3198 699 3231 11.
1785 3201 1800 3232 Ῑ
