2176 3386
1665 0 1702 10 r
1754 0 2176 147 W'wq

2159 153 2169 166 θ’

213 285 308 345 ipse
341 286 601 344 dispenset;
637 285 673 330 si
707 300 760 331 ea
794 290 981 342 careat,
1030 287 1235 331 oblatum
1268 298 1294 329 a
1330 288 1457 343 parte
1490 284 1716 330 catholica
1761 285 1998 344 petitionis

212 367 415 413 libellum
450 368 739 413 transmittat
770 368 826 413 ad
860 371 902 413 S.
940 371 1102 413 Sedem
1134 382 1240 413 cum
1279 381 1359 412 sua
1404 366 1734 413 informatione
1777 372 1825 413 et
1867 373 1995 424 voto,

214 450 492 510 dispensatio
515 450 784 495 conceditur
806 450 1056 495 dummodo
1094 451 1131 506 1)
1158 450 1306 494 iustae
1328 448 1481 495 adsint
1512 448 1868 507 dispensationis
1889 464 1996 495 cau·

215 548 307 590 sae,
342 539 422 579 aut
456 539 607 579 metus
635 534 853 578 fundatus
886 532 1190 588 matrimonii,
1227 536 1278 576 ut
1308 532 1471 588 aiunt,
1517 531 1691 587 civilis,
1727 533 1802 577 vel
1842 546 1997 579 coram

216 617 429 662 ministro
476 616 762 673 acatholico;
815 617 856 673 2)
899 616 1149 661 dummodo
1199 615 1452 674 periculum
1505 614 1812 674 perversionis
1858 616 2001 674 partis

215 165 293 205 178
888 174 998 204 PARS
1027 176 1068 203 11.
1098 175 1156 203 DE
1186 174 1324 204 Ri-:Bus

217 701 470 746 catholicae
492 715 549 745 ex
575 699 834 744 huiusmodi
859 698 1189 744 coniunctione
1224 712 1316 742 non
1350 698 1409 742 sit
1442 697 1692 756 prudenter
1719 697 1996 755 timendum,

215 789 262 829 et
294 785 336 841 5)
374 783 613 828 cautiones
650 783 747 827 iure
780 782 940 827 divino
973 787 1019 826 et
1052 780 1362 827 ecclesiastico
1401 780 1643 840 requisitas
1678 780 2000 839 nupturientes

217 868 341 927 prius
374 869 418 912 in
453 867 585 913 Curia
628 865 870 924 episcopali
905 865 1157 909 exhibeant
1190 869 1236 910 et
1267 864 1384 909 adsit
1419 864 1604 909 moralis
1651 864 1877 909 certitudo
1923 878 2002 910 eas

216 951 471 1010 implendas
503 952 613 995 fore.

334 1035 433 1079 987.
469 1038 561 1079 Hae
595 1032 834 1077 cautiones
866 1035 1001 1087 sunt,
1047 1036 1097 1075 ut
1143 1045 1244 1089 pars
1278 1031 1509 1076 haeretica
1545 1030 1786 1090 promittat
1817 1045 1864 1077 se
1899 1046 1996 1090 per-

217 1116 461 1161 missuram
495 1113 719 1172 comparti
755 1127 888 1157 usum
923 1113 1118 1158 liberum
1150 1112 1384 1170 religionis
1417 1112 1670 1157 catholicae
1703 1117 1748 1157 et
1781 1113 1998 1158 educatu-

216 1213 313 1243 ram
348 1199 394 1241 in
429 1198 589 1242 eadem
623 1209 784 1241 omnes
817 1196 982 1241 liberos
1014 1195 1251 1254 utriusque
1284 1208 1436 1240 sexus.
1474 1197 1760 1242 Contrahens
1792 1210 1901 1241 vero
1925 1211 1996 1242 ca·

215 1282 412 1326 tholicus
447 1280 647 1339 polliceri
681 1280 815 1324 debet
848 1292 895 1323 se
926 1278 1175 1324 efficaciter
1208 1283 1477 1323 curaturum
1512 1279 1867 1324 conversionem
1891 1293 1998 1325 con-

218 1364 444 1408 trahentis
477 1361 738 1408 acatholici.

337 1446 437 1491 988.
474 1446 629 1501 Quoad
671 1444 967 1489 matrimonia
1009 1444 1153 1488 mixta
1193 1445 1291 1489 sine
1333 1444 1674 1502 dispensatione
1708 1445 1838 1500 inita,
1873 1445 2001 1490 Ordi-

219 1532 376 1577 narius
409 1535 614 1587 satagere
648 1529 783 1573 ‹lebet
815 1533 866 1572 ut
900 1541 1002 1585 pars
1034 1527 1288 1572 acatholica
1322 1526 1561 1572 cautiones
1594 1531 1809 1585 praestet,
1845 1528 2001 1573 catho-

218 1616 351 1660 licam
388 1613 498 1658 facti
534 1612 782 1671 poeniteat,
819 1616 865 1656 et
898 1615 1125 1670 quatenus
1164 1610 1430 1655 universam
1465 1610 1638 1668 prolem
1674 1611 1721 1655 in
1754 1610 2001 1655 sanctitate

217 1698 471 1744 catholicae
522 1695 752 1754 religionis
799 1697 1026 1754 quantum
1061 1693 1106 1738 in
1141 1707 1189 1738 se
1223 1693 1310 1738 erit
1357 1693 1655 1737 educaturam
1705 1698 1751 1738 et
1793 1693 2000 1750 coniugis

218 1781 572 1826 couversionem
607 1778 733 1823 omni
768 1777 917 1822 studio
958 1782 1221 1821 curaturam
1267 1776 1552 1834 promiserit,
1589 1790 1689 1820 eam
1735 1790 1759 1820 a
1794 1775 2001 1821 censuris

217 1866 252 1909 si
287 1878 399 1924 quas
433 1862 678 1908 incurrerit
710 1862 933 1917 absolvat,
971 1860 1195 1919 impositis
1228 1859 1526 1918 poenitentiis
1549 1860 1823 1905 salutaribus
1855 1864 1902 1904 et
1933 1860 1999 1904 in-

217 1948 374 1992 iuncta
410 1945 699 2004 reparatione
733 1944 936 1989 scandali
970 1958 1060 2004 quo
1094 1943 1269 1988 meliori
1304 1943 1439 1988 modo
1474 1942 1569 1987 lieri
1603 1942 1786 2000 poterit.

337 2033 437 2076 989.
475 2031 630 2084 Quoad
667 2029 853 2074 modum
892 2043 1000 2074 vero
1034 2027 1292 2073 celebrandi
1337 2029 1448 2072 hacc
1497 2026 1790 2071 matrimonia
1835 2027 1999 2082 mixta,

217 2116 308 2159 lata
342 2118 409 2158 est
443 2113 514 2157 die
542 2113 593 2156 15
618 2126 725 2156 nov.
757 2112 868 2156 1858
904 2111 1145 2156 instructio
1169 2125 1193 2154 a
1218 2109 1469 2156 Secretaria
1501 2112 1676 2154 Status:
1717 2129 1736 2149 a
1767 2108 1857 2153 Etsi
1891 2112 2000 2154 San-

218 2197 450 2243 ctissimus
487 2195 707 2240 Dominus
742 2199 905 2239 Noster
939 2194 1043 2239 Pius
1078 2199 1129 2239 lx
1159 2213 1177 2233 n
1214 2199 1301 2239 etc.
1348 2198 1477 2238 Hanc
1511 2207 1621 2238 vero
1655 2192 1799 2250 ipsam
1832 2192 2000 2236 instru-

218 2280 420 2326 ctionem
469 2284 628 2324 contra
677 2278 838 2322 falsam
889 2277 1318 2335 interpretationem
1365 2275 1619 2320 vindicavit
1665 2278 1705 2320 S.
1743 2278 1905 2332 Congr.
1946 2273 2002 2318 de

220 2369 346 2422 Prop.
383 2368 428 2408 F.
468 2366 599 2406 Instr.
637 2362 739 2405 data
774 2361 846 2405 die
880 2362 935 2405 25
970 2360 1121 2405 martii
1160 2360 1285 2404 1868.
1323 2361 1388 2405 Cf.
1425 2372 1538 2417 opus
1567 2360 1622 2403 de
1644 2359 2000 2415 dispensationi-

218 2448 299 2492 bus
332 2449 540 2491 matrim.

339 2531 440 2575 990.
479 2529 543 2575 Ad
589 2528 839 2573 secundam
889 2527 1110 2583 classem,
1151 2542 1230 2572 seu
1272 2527 1326 2572 ad
1372 2525 1725 2585 prohibitionem
1769 2523 2001 2583 legitimae

219 2612 508 2658 auctoritatis
551 2611 753 2670 pertinet
804 2612 1031 2656 Ecclesiae
1078 2613 1287 2661 vetitum,
1324 2609 1488 2669 quibus
1531 2609 1682 2654 verbis
1730 2607 2003 2666 intelligitur

219 2695 428 2755 specialis
462 2694 704 2752 prohibitio
736 2697 793 2738 ab
827 2694 1184 2739 hominefacta.
1223 2698 1432 2738 Iamvero
1466 2696 1648 2750 propter
1679 2704 1866 2736 causam
1894 2689 2002 2748 legi·

219 2781 382 2825 timam
417 2779 689 2825 interdicere
724 2778 1073 2823 matrimonium
1108 2781 1299 2835 possunt
1333 2781 1564 2822 Romanus
1598 2774 1810 2819 Pontifex
1842 2778 1888 2818 et
1919 2777 2000 2818 Or-

222 2862 443 2907 dinarius.

342 2946 443 2990 991.
481 2949 631 2990 [ustae
664 2949 819 2989 autem
854 2942 1141 2988 inhibitionis
1188 2955 1353 2986 causae
1389 2940 1542 2985 variae
1574 2952 1671 2984 esse
1706 2941 1920 2998 possunt,
1956 2941 2005 2981 et

222 3028 485 3089 potissimae
518 3033 627 3073 sunt
658 3028 855 3086 suspicio
887 3026 1074 3072 latentis
1097 3025 1433 3084 impedimenti,
1468 3024 1567 3069 sive
1599 3021 1876 3078 dirimentis,
1901 3020 2002 3066 sive
