2176 3386
248 188 308 227 58
930 199 1038 228 PARS
1067 200 1107 228 11.
1139 200 1195 228 DE
1226 199 1362 228 REBUS

248 321 372 366 quae
406 321 462 351 ex
498 309 674 353 motivo
707 309 877 354 amoris
913 309 987 354 Dei
1022 324 1157 369 super
1191 309 1348 355 omnia
1377 315 1570 366 propter
1600 323 1646 354 se
1677 309 1831 355 dilecti
1880 310 2032 356 conci·

251 390 409 448 pitur,
445 392 663 438 contritio
710 393 877 438 dicitur
912 395 1139 452 perfecta,
1174 407 1291 454 quae
1325 408 1436 439 vero
1475 408 1531 438 ex
1574 394 1662 439 alio
1695 395 2030 455 supernaturali

255 476 432 519 motivo
466 481 512 520 et
545 476 822 520 nominatim
857 491 914 521 ex
950 476 1113 522 timore
1164 477 1240 522 Dei
1285 476 1519 536 punientis
1552 477 1623 522 vel
1656 492 1712 522 ex
1748 477 2031 536 turpitudine

254 556 449 615 peccati,
486 557 755 616 imperfecta
789 559 1006 604 contritio
1039 559 1125 604 dici
1161 561 1275 604 solet
1306 573 1385 604 seu
1418 559 1608 605 attritio.

375 641 479 684 712.
507 641 768 686 Notandum
795 656 905 687 vero
928 646 997 687 est
1018 643 1134 701 quod
1160 657 1266 688 cum
1290 643 1489 689 charitas
1506 643 1672 688 dicitur
1693 658 1834 701 super
1850 646 2027 700 omnia,

251 726 471 783 perfectio
494 726 778 784 significatur
801 727 1092 786 appretiativi
1116 729 1301 783 amoris,
1322 729 1435 773 adeo
1459 732 1509 772 ut
1534 733 1651 773 Deus
1672 727 1885 773 omnihus
1905 742 2029 786 prae-

248 808 428 853 feratur
449 814 495 854 et
519 810 631 854 nihil
662 815 821 854 contra
846 825 952 855 eum
977 816 1180 869 ametur,
1213 811 1311 856 sine
1334 826 1423 871 quo
1450 825 1556 856 iera
1580 810 1779 856 charitas
1811 824 1908 856 esse
1936 824 2027 855 non

252 896 399 950 potest
425 893 455 947 ¹,
494 907 585 937 non
622 907 731 938 vero
766 899 945 952 praeter
969 895 1087 939 hanc
1120 895 1411 939 essentialem
1447 895 1777 954 perfectionem
1804 893 2029 953 significa·

246 978 327 1019 tur
359 980 410 1020 ut
443 977 697 1021 necessaria
733 976 948 1022 distincta
984 977 1202 1036 perfectio
1235 978 1427 1037 affectas
1459 981 1718 1024 intensz'tas.

370 1059 469 1103 715.
508 1059 572 1103 Ad
608 1061 735 1115 haec,
772 1074 876 1105 cum
912 1060 1079 1105 dicitur
1112 1060 1294 1106 dilectio
1322 1063 1519 1117 gratuita
1558 1061 1634 1106 Dei
1663 1067 1856 1119 propter
1885 1075 1944 1116 se,
1972 1060 2028 1105 si-

243 1141 494 1199 gnificatur
527 1142 710 1201 quidem
746 1157 875 1187 amor
913 1143 988 1187 Dei
1021 1158 1157 1201 super
1189 1144 1344 1189 omnia
1378 1143 1548 1188 directe
1584 1147 1766 1202 propter
1797 1156 1927 1187 suam
1962 1141 2028 1186 in·

250 1223 429 1268 finitam
468 1223 737 1280 bonitatem,
764 1230 811 1269 at
834 1239 926 1270 non
961 1225 1222 1270 excluditur
1246 1225 1501 1270 necessario
1537 1230 1768 1284 respectus
1800 1223 1951 1269 omnis
1972 1224 2027 1269 ad

253 1311 396 1351 Deum
431 1312 660 1366 quatenus
691 1308 830 1353 etiam
865 1323 1098 1353 summum
1132 1309 1304 1354 bonum
1340 1313 1548 1354 nostrum
1582 1313 1667 1365 est,
1693 1322 1746 1353 eo
1780 1308 1875 1366 ipso
1907 1307 2028 1367 quod

247 1397 318 1436 est
355 1391 401 1436 in
435 1405 482 1436 sc
515 1406 748 1436 summum
784 1392 973 1437 bonum.

368 1475 465 1519 714.
501 1474 724 1519 Contritio
757 1475 982 1520 charitate
1025 1477 1221 1533 perfecta
1273 1476 1588 1535 poenitentem
1632 1479 1722 1520 Deo
1760 1474 2028 1521 reconciliat

247 1564 498 1618 antequam
534 1561 881 1604 Sacramentum
905 1564 1010 1604 actu
1033 1559 1324 1618 suscipiatur,
1352 1559 1483 1619 idque
1508 1574 1598 1604 non
1623 1559 1770 1604 solum
1798 1572 1904 1603 cum
1928 1571 2024 1616 gra-

246 1641 379 1686 dibus
411 1643 593 1687 intensa
627 1647 696 1687 est
728 1656 780 1687 ac
815 1643 1000 1687 ferrens
1030 1657 1082 1687 ac
1116 1643 1249 1700 longo
1272 1646 1478 1701 tempore
1510 1641 1753 1686 dominans
1785 1645 1920 1700 atque
1943 1640 2027 1685 sub

240 1726 374 1770 omni
409 1731 617 1785 respectu
658 1740 767 1784 pura
801 1731 847 1770 et
879 1727 1108 1784 gratuita,
1148 1740 1293 1786 neque
1327 1727 1473 1771 solum
1508 1739 1613 1770 cum
1647 1739 1740 1770 non
1790 1724 1917 1769 adest
1950 1726 2022 1768 Sa·

239 1808 473 1854 cramenti
507 1809 635 1868 copia
670 1815 861 1868 urgente
895 1809 1184 1865 necessitate,
1220 1824 1294 1854 ex.
1332 1823 1396 1867 gr.
1435 1808 1481 1852 in
1516 1807 1675 1853 mortis
1707 1807 1915 1863 articulo,
1954 1806 2024 1852 vel

246 1893 493 1937 accedente
528 1893 768 1951 martyrio,
804 1893 881 1938 sed
914 1893 1162 1938 dummodo
1195 1892 1242 1937 in
1276 1906 1356 1937 sua
1389 1891 1540 1950 specie
1573 1893 1773 1951 perfecta
1807 1891 1880 1948 sit,
1915 1896 2023 1937 ante

246 1976 528 2021 sacramenti
565 1976 904 2035 susceptionem
939 1975 1172 2031 iustificat,
1199 1975 1305 2020 iicet
1340 1990 1430 2022 non
1464 1975 1562 2020 sine
1586 1980 1694 2019 voto
1719 1976 2019 2020 sacramenti.

243 2059 364 2113 Quin
399 2059 490 2104 imo
517 2061 745 2117 perfectae
779 2059 1071 2104 contritionis
1104 2059 1304 2104 intensio
1328 2064 1425 2103 tum
1460 2073 1516 2103 cx
1544 2063 1671 2117 parte
1694 2058 1944 2114 charitatis,
1974 2063 2024 2103 ut

243 2144 446 2202 loquitur
478 2148 517 2189 S.
553 2144 748 2189 Thomas
772 2144 803 2198 ²,
841 2149 938 2189 tum
972 2158 1028 2189 ex
1066 2149 1192 2202 parte
1224 2144 1390 2188 doloris
1423 2143 1647 2188 sensibilis
1679 2158 1814 2203 quem
1849 2145 2022 2189 excitat

243 2227 493 2282 voluntas,
530 2228 707 2271 efficere
759 2231 906 2285 potest
946 2231 991 2270 ut
1028 2241 1119 2272 non
1163 2226 1310 2271 scium
1350 2226 1480 2285 culpa
1525 2231 1571 2270 et
1611 2240 1756 2285 poena
1804 2232 2019 2283 aeterna,

241 2310 319 2355 sed
345 2310 483 2354 etiam
519 2310 671 2354 omnis
704 2310 967 2367 temporalis
1001 2324 1145 2368 poena
1172 2324 1279 2354 curn
1306 2315 1412 2355 voto
1446 2314 1602 2355 tamen
1636 2310 1919 2355 sacramenti
1956 2324 2021 2354 re·

244 2393 466 2438 mittatur.

362 2477 462 2522 715.
499 2478 628 2531 Quod
661 2481 816 2521 autem
850 2477 1067 2521 contritio
1090 2490 1194 2520 cum
1220 2475 1503 2521 Sacramenti
1530 2481 1637 2521 voto
1670 2475 1901 2532 iustificat,
1927 2490 2019 2521 non

238 2562 306 2606 ‘ita
339 2564 408 2606 est
440 2559 789 2618 intelligendum
823 2574 876 2605 ac
909 2560 944 2605 si
981 2560 1186 2604 remissio
1219 2559 1349 2604 tieret
1368 2559 1413 2603 vi
1437 2559 1719 2603 sacramenti
1753 2559 1871 2619 quod
1908 2572 2019 2604 non·

235 2645 350 2690 dum
383 2644 558 2701 existit,
594 2645 666 2689 vel
701 2644 746 2688 vi
779 2643 963 2704 quidem
998 2643 1289 2689 contritionis
1320 2642 1398 2687 sed
1431 2642 1760 2698 conditionate,
1795 2642 1831 2688 si
1865 2644 2020 2687 Sacra-

241 2732 452 2773 mentum
486 2727 649 2773 deinde
682 2726 972 2786 suscipiatur,
1009 2727 1081 2771 vel
1117 2727 1177 2770 ita
1211 2731 1262 2770 ut
1297 2740 1374 2785 per
1396 2725 1722 2771 contritionem
1753 2725 1885 2784 culpa
1918 2730 2018 2771 tan-

216 2811 480 2856 tummodo
505 2810 784 2867 remittatur,
810 2824 955 2869 poena
982 2823 1090 2854 xero
1122 2814 1310 2854 aeterna
1336 2823 1415 2869 per
1437 2812 1786 2855 Sacramentum
1819 2809 2019 2854 tollenda

358 2998 367 3017 ¹
396 2998 430 3035 S.
457 2999 523 3035 ΤΗ.
549 2998 589 3035 2εἱ
614 2998 683 3043 2³0,
710 3005 851 3046 quaesi.
877 2999 934 3042 24,
961 3006 1027 3036 art.
1056 2999 1116 3044 12;
1143 3003 1287 3046 quaest.
1313 2999 1391 3041 184.
1417 3004 1482 3036 art.
1509 2999 1541 3036 5.

359 3069 371 3088 ¹
398 3069 460 3114 IV,
487 3070 578 3106 Dist.
605 3069 662 3114 27,
689 3074 830 3117 quaest.
857 3071 890 3114 2,
917 3075 982 3107 art.
1008 3070 1042 3107 5.
