2176 3386
561 0 610 15 r„
630 0 659 19 fi‘
735 2 756 13 ·’
785 0 811 14 ·”·
830 10 836 14 —
857 0 908 10 “”“-
929 0 988 25 Ἷῖῗῗ
1007 0 1080 21 *ff*
1116 0 1145 9 ⁴'
1177 0 1265 25 “⁴77'‘
1303 6 1311 22 t
1350 0 1455 25 ‘'s-'555
1487 19 1500 25 ,

229 150 284 190 64
874 165 984 194 PARS
1013 167 1037 195 1.
1073 167 1129 195 DE
1158 167 1368 196 Pssnsoms

231 277 530 331 exerceatur3
573 288 768 334 eamque
809 275 1068 322 doctrinam
1111 276 1250 322 totius
1295 277 1521 323 Ecclesiae
1557 278 1760 339 Episcopi
1798 281 2014 340 suffragio

231 367 314 399 suo
346 356 723 414 comprobarunt,
749 363 883 416 prout
918 359 1074 405 videre
1097 364 1166 405 est
1198 374 1258 405 ex
1280 361 1550 405 eorumdem
1585 361 1744 419 literis,
1778 377 1891 423 quas
1923 366 2014 410 col-

229 438 372 482 lectas
405 438 545 483 edidit
577 441 836 498 ephemeris
869 446 938 487 La
975 444 1138 489 Civilcci.
1177 445 1395 489 Cattolica
1428 457 1551 488 anno
1589 444 1715 490 1861.
1750 435 1753 437 ’

357 522 560 579 Dignitas
591 538 680 583 qua
714 538 926 583 suprema
949 527 1201 571 auctoritas
1222 527 1498 585 apostolicae
1533 529 1657 573 Sedis
1691 530 1834 588 fulget
1855 531 1924 575 his
1947 532 2014 575 in·

231 605 437 663 signibus
459 606 706 651 exhibetur
738 610 783 663 a)
812 610 986 653 Pedum
1005 611 1244 667 pastorale
1268 617 1444 655 rectum
1470 610 1515 655 in
1539 612 1807 658 summitate
1829 627 2012 659 crucem
2170 618 2176 655 Ι

233 688 432 745 habens,
469 690 507 741 b)
536 689 663 734 Tiara
698 703 777 734 seu
811 691 1067 749 triregnum
1090 707 1180 752 quo
1205 693 1435 738 indicatur
1471 698 1618 753 Papae
1653 700 1925 755 potestatem
1959 698 2015 742 ad
2168 657 2176 782 ξ

2170 787 2176 809 1

232 771 399 828 triplex
427 772 503 816 Dei
528 787 720 830 regnum
746 774 1030 833 pertinger0;
1068 779 1105 833 c)
1136 777 1325 821 Pallium
1348 778 1468 836 quod
1501 779 1622 823 solus
1653 780 1862 824 Pontifex
1896 794 2013 825 sem-

234 870 312 914 per
344 860 389 900 et
422 855 588 915 ubique
621 861 768 914 gestat
792 859 820 902 ¹.

986 1051 1163 1094 CAl't'T
1211 1053 1260 1094 ll.

312 1213 373 1248 DE
401 1212 677 1250 POTESTATE
706 1214 744 1249 R.
773 1213 1037 1251 PONTlFICIS
1065 1215 1113 1250 IN
1140 1215 1304 1251 SPECIE
1334 1215 1496 1258 QUOAD
1524 1216 1673 1253 LEGES
1699 1218 1931 1255 EDENDAS.

2170 1154 2176 1182 i

2165 1254 2176 1278 -1

357 1355 453 1400 101.
492 1359 541 1399 In
575 1356 790 1400 omnibus
823 1357 1038 1414 perfectis
1070 1357 1365 1402 societatibus
1396 1358 1516 1415 leges
1551 1360 1727 1416 proprie
1757 1359 1905 1404 dictae
1939 1362 2014 1405 ha·
2167 1330 2176 1436 i

230 1439 414 1495 bentur,
450 1440 548 1484 sive
581 1454 698 1499 quae
733 1443 790 1485 ab
827 1441 924 1499 ipso
959 1442 1167 1499 Principe
1204 1443 1570 1500 promulgantur,
1606 1443 1704 1488 sive
1736 1457 1853 1502 quae
1876 1444 2016 1502 ipsius
2168 1461 2176 1485 ι

234 1522 383 1580 populi
410 1523 546 1576 facto,
576 1536 740 1580 nempe
763 1537 821 1567 ex
846 1524 1198 1579 consuetudine,
1237 1525 1376 1569 tacito
1403 1525 1473 1568 vel
1500 1531 1792 1584 praesumpto
1810 1519 2073 1572 eiusdem‘
2170 1501 2176 1541 ¹

234 1605 456 1662 Principis
488 1619 715 1650 consensu
753 1606 1123 1651 introducuntur.
1160 1606 1414 1666 Aliquando
1437 1612 1593 1652 autem
1617 1610 1731 1654 aliae
1755 1615 1864 1654 sunt
1897 1610 2016 1668 leges

230 1701 347 1746 quae
380 1689 560 1733 etiamsi
598 1690 776 1746 proprie
810 1689 894 1733 sub
927 1690 1036 1747 legis
1073 1690 1263 1734 nomine
1298 1705 1391 1735 non
1426 1691 1619 1735 veniant
1667 1706 1816 1751 neque
1854 1693 1921 1736 uti
1954 1694 2014 1737 le-

230 1785 307 1829 ges
339 1773 431 1816 sint
464 1787 488 1816 a
523 1773 733 1830 Principe
780 1774 1112 1831 promulgatae,
1158 1778 1366 1818 attamen
1412 1774 1521 1832 legis
1562 1776 1778 1820 effectum
1823 1777 2011 1832 babent,

230 1869 348 1913 quae
380 1856 501 1912 leges
536 1855 779 1913 improprie
813 1856 962 1901 dictae
995 1856 1212 1914 appellari
1248 1863 1452 1914 possunt.
1495 1858 1607 1911 Quia
1632 1865 1785 1902 autem
1810 1859 2014 1903 maxime
2050 1871 2082 1888 s

231 1939 425 1984 interest
468 1945 518 1983 ut
548 1940 668 1998 leges
700 1954 816 1998 quae
860 1940 995 1984 sociis
1037 1941 1190 1998 regula
1232 1946 1275 1985 et
1328 1955 1489 1985 norma
1523 1946 1632 1985 sunt
1670 1941 1924 1998 actionum,
1968 1942 2014 1986 in
2164 1959 2176 2011 3·

230 2022 511 2067 oblivionem
546 2028 625 2066 aut
669 2022 896 2067 malorum
939 2037 1076 2080 opera
1122 2023 1167 2066 in
1213 2023 1556 2081 corruptionem
1602 2037 1694 2068 non
1743 2024 2011 2079 deveniant,

195 2144 208 2149 ,
233 2105 465 2163 Principes
499 2106 543 2149 in
581 2120 725 2150 unum
759 2106 879 2164 quod
914 2106 1025 2150 iuris
1058 2120 1222 2164 corpus
1256 2106 1439 2161 dicitur,
1484 2106 1605 2163 leges
1649 2107 1860 2164 colligere
1907 2121 2015 2152 con-

2173 2241 2176 2248 .
2164 2122 2176 2189 nnn.
2167 2051 2176 2090 ..αι
2167 2013 2176 2035 A.

231 2195 503 2244 sueverunt,
538 2190 749 2249 quodque
784 2190 840 2234 ad
878 2190 1171 2247 Magistratus
1203 2190 1429 2248 applicare
1465 2195 1511 2234 et
1544 2190 1847 2248 interpretare
1880 2190 2014 2248 perti-

231 2279 376 2318 neret.
415 2277 543 2327 Quod
577 2279 623 2318 et
655 2275 701 2318 in
740 2274 938 2319 Ecclesia
973 2274 1068 2318 lieri
1098 2274 1321 2319 videmus.
1360 2280 1509 2328 Quare
1533 2274 1762 2319 distinctis
1790 2274 2015 2332 capitibus
2043 2251 2102 2267 ‘l

235 2358 492 2402 videbimus
527 2361 570 2413 α)
609 2359 663 2402 (16
694 2358 870 2416 legibus
903 2358 1224 2403 ecclesiasticis
1260 2358 1435 2416 proprie
1459 2358 1592 2402 dictis
1620 2358 1916 2417 promulgatis
1940 2359 2013 2403 vel
2167 2382 2176 2437 ἐ

229 2441 567 2485 consuetudine
603 2441 881 2487 introductis
913 2443 952 2495 b)
991 2443 1045 2486 de
1068 2441 1242 2499 legibus
1265 2441 1587 2486 ecclesiasticis
1612 2441 1856 2499 improprie
1880 2440 2014 2486 dictis
2162 2442 2176 2526 ἓ

231 2525 269 2580 c)
307 2524 361 2568 de
395 2523 546 2581 legum
595 2524 1012 2569 ecclesiasticarum
1055 2524 1403 2570 collectionibus
1444 2525 1488 2581 d)
1525 2525 1579 2568 de
1612 2524 1762 2582 legum
1802 2523 2014 2568 ecclesia·
2152 2517 2176 2599 ⁴}

232 2605 452 2651 sticarum
477 2606 874 2664 interpretatione.

351 2773 360 2792 ¹
389 2774 439 2809 Cf.
468 2774 762 2811 Ssssxs'rimssnm
790 2775 1062 2811 praelectiones
1092 2776 1206 2820 pai-sl
1233 2775 1277 2811 [16
1305 2775 1467 2818 Clericis,
1495 2774 1587 2811 titul.
1607 2774 1638 2817 2,
1659 2784 1738 2820 cap.
1758 2775 1790 2810 5.
