2176 3386
233 191 313 231 208
905 201 1016 230 PARS
1045 201 1085 230 11.
1120 202 1178 230 DE
1207 201 1345 230 annus

235 308 313 366 fas
357 314 444 363 est,
480 307 517 353 si
550 307 612 352 ita
656 308 901 366 expediat,
936 308 992 353 ad
1037 307 1391 366 dispensationis
1437 307 1759 353 executionem
1808 309 2017 366 delegare

235 392 377 437 alium
409 391 723 447 ordinarium,
759 391 846 436 loci
881 390 1148 450 praesertim
1183 391 1258 435 ubi
1292 392 1446 449 sponsi
1478 396 1584 437 actu
1618 392 1806 450 degunt.

359 476 486 520 1066.
522 474 679 530 Quoad
712 474 863 519 Vicar.
899 477 1066 520 Gener.
1108 478 1296 519 notetur
1340 476 1377 530 1)
1414 476 1535 534 quod
1562 481 1706 532 potest
1737 477 1900 534 exequi
1928 475 2017 520 dis-

230 560 555 615 pensationem
587 559 803 616 quamvis
826 559 1077 615 Episcopus
1109 557 1322 602 nondum
1354 560 1412 602 sit
1433 565 1725 603 consecratus
1761 558 1840 602 sed
1870 558 2019 602 solum

237 639 563 698 confirmatus,
589 638 683 684 imo
705 639 845 683 etiam
869 638 907 683 si
933 642 1182 696 Episcopus
1203 642 1633 684 excommunicatus
1664 645 1749 684 aut
1774 652 2023 696 suspensus

237 726 404 768 eoeistat
429 724 459 768 ¹.
495 724 537 779 02)
566 722 608 767 Si
632 725 784 780 Epise.
815 723 977 780 plures
1014 723 1182 767 habeat
1204 723 1423 767 dioeceses
1445 728 1491 767 et
1516 723 1665 781 plures
1685 722 1832 768 Vicar.
1853 724 2017 767 Gener.

238 812 351 852 tunc
383 807 419 852 si
455 821 575 852 unus
607 822 666 852 ex
700 807 769 852 his
801 808 858 852 ab
890 807 1035 851 altero
1069 820 1162 852 non
1196 807 1482 865 dependeat,
1518 807 1596 851 itte
1632 806 1916 864 intelliyitur
1947 806 2021 850 de-

238 891 444 948 legatus,
482 891 546 935 ad
577 893 711 935 cuius
747 891 987 934 dioecesim
1022 896 1231 935 oratores
1259 892 1515 946 pertinent.
1558 888 1686 942 Quod
1727 888 1764 933 si
1813 901 1933 932 unus
1964 902 2022 932 ex

241 974 434 1019 Vicariis
465 974 523 1018 sit
556 973 850 1032 principalior
881 987 934 1017 ac
970 972 1051 1031 ipsi
1091 977 1354 1017 reservatae
1397 973 1491 1018 sint
1528 985 1690 1017 omnes
1731 985 1895 1017 causae
1929 985 2023 1015 ma-

239 1056 528 1101 trimoniales
548 1056 585 1101 is
608 1060 677 1100 est
708 1055 1107 1114 dispensationum
1132 1059 1368 1099 executor.
1406 1056 1448 1111 5)
1477 1056 1527 1098 Si
1562 1054 1819 1098 iurisdictio
1852 1055 2026 1098 Vicarii

246 1140 491 1183 Generalis
523 1138 613 1183 iam
647 1138 896 1197 expiravit,
933 1139 1182 1183 dummodo
1217 1138 1303 1182 boc
1335 1138 1648 1182 communiter
1679 1137 1915 1194 ignoretur
1946 1150 2024 1181 va·

241 1222 329 1267 lide
377 1223 434 1267 ab
481 1236 534 1267 eo
581 1222 889 1280 dispensatur,
925 1235 1057 1266 secus
1093 1222 1129 1266 si
1172 1227 1291 1266 esset
1330 1222 1376 1265 in
1409 1220 1557 1267 officio
1606 1221 1810 1265 intrusus
1855 1220 2024 1279 absque

242 1305 391 1351 titulo.

365 1390 492 1435 1067.
528 1389 727 1443 Quinam
762 1389 927 1448 exequi
961 1389 1125 1434 debeat
1156 1388 1519 1445 dispensationes
1549 1402 1628 1447 pro
1662 1389 1758 1432 foro
1790 1386 2025 1432 conscien-

242 1474 333 1518 tiae
366 1488 391 1518 a
428 1473 588 1518 Maior.
625 1472 801 1517 Poenit.
839 1472 1077 1531 expeditas
1112 1473 1201 1517 iam
1238 1472 1453 1516 vidimus.

364 1542 594 1602 Executor
627 1563 738 1601 tnnc
769 1557 918 1600 solum
966 1556 1145 1601 obtinet
1189 1556 1454 1601 facultatem
1487 1554 1780 1614 dispensandi
1813 1568 1918 1599 cum
1952 1567 2026 1599 ac-

242 1640 353 1695 cipit
384 1638 628 1695 exemplar
659 1638 898 1695 oriyinale
930 1641 1077 1694 Apost.
1115 1639 1428 1690 Litterarum,
1465 1635 1646 1680 etiamsi
1680 1638 1926 1692 cognoscat
1957 1633 2027 1677 lit-

243 1724 364 1764 teras
396 1719 442 1764 in
478 1719 603 1765 curia
639 1733 736 1765 esse
768 1720 1018 1778 expeditas.
1060 1721 1102 1764 S.
1130 1722 1176 1765 C.
1203 1722 1339 1764 Cone.
1371 1720 1423 1763 12
1447 1718 1538 1763 ian.
1573 1718 1696 1763 1606.
1732 1717 1774 1761 Si
1808 1720 2029 1762 executor

246 1803 501 1861 reperiatur
522 1808 654 1848 extra
677 1803 942 1859 dioecesim,
969 1807 1118 1861 potest
1149 1803 1314 1862 exequi
1347 1802 1523 1847 litteras
1545 1804 1625 1861 Ap.
1651 1801 1734 1846 sibi
1758 1800 2028 1846 commissas

245 1885 495 1930 dummodo
530 1887 670 1931 alteri
702 1886 864 1930 idoneo
886 1889 987 1930 viro
1010 1888 1323 1930 commoranti
1355 1887 1403 1929 in
1436 1885 1629 1929 dioecesi
1658 1883 1920 1940 subdeleget
1951 1896 2029 1927 au-

245 1968 509 2013 ctoritatem
542 1970 765 2027 capiendi
812 1968 1199 2026 informationes,
1236 1968 1467 2013 audiendi
1498 1973 1647 2022 teste8‚
1683 1973 1724 2010 et
1755 1965 2032 2024 conficiendi

242 2068 481 2111 processus
511 2057 553 2098 si
582 2068 695 2111 opus
725 2056 798 2098 sit.

342 2198 359 2244 ἓ
386 2199 419 2234 2.
444 2219 490 2222 -
511 2198 720 2243 Quomodo
746 2197 1060 2243 dispensationes
1087 2195 1407 2233 matrimoniales
1433 2194 1661 2232 executioni
1679 2193 1935 2230 mandentur.

371 2304 500 2349 1068.
537 2303 579 2348 si
613 2304 668 2348 de
700 2301 1117 2360 dispensationibus
1151 2301 1196 2346 in
1231 2302 1328 2346 foro
1361 2305 1556 2346 externo
1588 2313 1738 2345 sermo
1761 2298 1835 2351 sit,
1866 2310 2030 2343 execu-

248 2393 320 2434 tor
352 2392 463 2433 ante
494 2387 652 2432 omnia
685 2391 737 2431 ut
758 2385 1009 2444 plurimum
1034 2386 1302 2442 depreciant
1334 2387 1528 2429 veritate
1559 2396 1756 2428 examen
1790 2380 2031 2426 instituere

248 2471 384 2515 debet
432 2484 490 2515 ne
523 2471 640 2515 forte
673 2469 709 2514 si
745 2482 902 2527 preces
935 2468 1133 2512 veritate
1182 2482 1274 2514 non
1310 2468 1522 2512 nitantur
1562 2465 1840 2524 dispensatio
1872 2464 1932 2509 sit
1963 2463 2031 2508 in·

251 2553 429 2611 valida;
464 2567 596 2598 secus
627 2556 669 2598 si
699 2554 836 2598 nulla
870 2556 992 2599 ratio
1024 2552 1276 2597 dubitandi
1305 2550 1465 2596 subsit.

373 2638 501 2682 1069.
537 2642 687 2692 Quare
721 2635 959 2681 verificare
992 2635 1128 2680 debet
1158 2648 1328 2678 nomen
1351 2640 1393 2678 et
1413 2645 1667 2691 cognomen
1700 2637 1959 2684 oratorum,
1986 2632 2033 2673 et

249 2722 285 2767 si
318 2735 447 2767 error
468 2721 526 2766 sit
546 2719 877 2775 substantialis,
912 2717 1193 2778 dispensatio
1225 2716 1389 2776 exequi
1424 2729 1517 2761 non
1550 2715 1717 2770 debet,
1752 2712 1830 2758 sed
1862 2711 2030 2757 iterum

372 2917 382 2937 ¹
411 2918 541 2962 Quoad
574 2917 831 2954 execuHonem
871 2915 1158 2962 dispensationis
1184 2915 1232 2952 ab
1259 2913 1522 2960 impedimento
1561 2911 1783 2958 impediente
1820 2909 1959 2946 vinculi
1986 2918 2033 2945 ex

252 2990 490 3037 sponsalibus
525 2990 693 3026 executio
731 2987 852 3035 Episc.
880 2987 1095 3030 mandatur,
1122 2987 1185 3032 qui
1211 2986 1339 3032 nequit
1363 2985 1444 3022 Vic.
1472 2983 1562 3021 Gen.
1599 2983 1770 3028 delegare
1800 2982 1840 3018 in
1865 2980 1910 3017 iis
1937 2988 2032 3026 quae

251 3063 456 3109 respiciunt
480 3063 622 3099 nudum
647 3061 908 3098 ministerium.

2145 2485 2163 2524 ,ὁ

2142 2526 2161 2559 „x

2138 2564 2156 2607 ἶ

2141 2642 2161 2716 'e
