2176 3386
141 0 253 22 ”js-*3⁴
267 0 325 21 'Jf
335 0 384 15 ’Ψ
404 0 413 5 “
426 0 443 6 Χ
500 0 522 9 ·“
573 0 578 3 ”
611 0 614 2 ’
645 0 648 1 ’
728 0 733 2 ’

0 0 142 95 FP*
162 26 191 39 .,.
244 20 254 35 κ

19 99 24 106 ,

508 181 640 211 LIBER
669 182 693 211 1.
724 183 781 211 DE
811 182 949 211 REBUS
978 182 1214 211 ECCLESIAE
1243 183 1569 213 SPIRITUALIBUS
1852 175 1929 215 201

153 285 221 343 ¹5)
269 288 473 330 Remotio
524 289 749 344 ,qravium
800 287 1171 344 scandalorum,
1222 294 1308 333 aul
1349 289 1527 346 publici
1576 290 1929 335 concubinatus.

151 369 220 426 14)
256 369 541 415 Excellenlia
578 373 852 415 meritorum
885 374 1088 417 oratoris
1119 377 1208 417 etc.
1245 376 1333 418 etc.
1367 373 1727 432 Possunt'igitur
1748 378 1794 419 et
1816 374 1933 420 aliae

146 449 329 508 allegari
364 463 528 496 causae
564 452 636 497 vel
669 452 843 498 motiva
879 457 930 497 ut
960 468 1035 499 ex.
1072 468 1137 512 gr.
1183 455 1474 511 deformitas,
1510 455 1789 514 infirmitas,
1824 472 1933 516 pau-

146 537 299 592 pertas
330 538 420 579 ete.

905 756 1084 800 CAPUT
1118 758 1169 799 ΙΙ.

161 915 223 951 DE
249 912 672 952 DISPENSATIONUM
700 913 1131 951 MATRIMONIALIUM
1159 912 1482 950 cONCESSIONE
1509 913 1568 949 ΕΤ
1596 912 1916 950 EXECUTIONE.

269 1046 395 1090 1051.
436 1048 531 1089 Duo
564 1045 650 1089 hoc
674 1044 720 1089 in
743 1043 893 1103 capite
930 1043 1125 1088 videnda
1150 1049 1274 1088 sunt:
1315 1045 1352 1101 1)
1379 1043 1610 1103 quomodo
1631 1043 1933 1102 dispensatio·

146 1143 228 1174 nes
262 1127 627 1173 matrimoniales
659 1128 991 1184 concedantur3
1033 1129 1075 1184 2)
1112 1127 1342 1187 quomodo
1374 1126 1742 1186 dispensationes
1775 1127 1932 1173 matri·

147 1211 371 1256 moniales
402 1210 666 1256 executioni
702 1211 996 1256 mandentur.
1034 1211 1100 1255 Sit
1132 1211 1303 1267 igitur:

899 1433 1133 1462 Ammonos
1168 1435 1195 1463 ι.

337 1561 569 1615 Quomodo
602 1561 971 1618 dispensationes
1004 1563 1381 1606 matrimoniales
1411 1566 1746 1609 concedantur.

269 1706 394 1750 1052.
437 1705 806 1763 Dispensationes
842 1705 1205 1750 matrimoniales
1237 1706 1386 1764 quoad
1409 1720 1486 1750 eas
1518 1707 1801 1752 concedendi
1838 1723 1932 1753 mo-

146 1789 273 1845 dum,
308 1790 491 1834 differre
527 1793 716 1847 possunt
740 1790 812 1834 vel
836 1789 1012 1853 forma,
1050 1789 1120 1833 vel
1157 1785 1285 1845 foro)
1311 1790 1385 1834 vel
1407 1790 1671 1835 conditione
1703 1796 1783 1835 aut
1804 1792 1932 1837 clau-

143 1874 249 1918 sula
281 1873 346 1918 eis
377 1873 599 1932 apposita.

266 1957 393 2002 1055.
431 1957 587 2012 Quoad
622 1958 830 2014 formam
870 1959 915 2014 a)
952 1956 1233 2015 dispensatio
1268 1957 1624 2003 matrimonialis
1661 1958 1934 2003 conceditur

144 2041 216 2085 vel
265 2040 311 2085 in
354 2040 514 2097 forma
558 2043 791 2099 gratiosa,
829 2040 903 2085 vel
936 2039 982 2084 in
1016 2039 1178 2097 forma
1218 2043 1554 2085 commissoria.
1607 2041 1650 2084 Si
1691 2041 1737 2085 in
1771 2041 1932 2098 forma

144 2128 354 2183 qraliosa
393 2126 464 2170 ille
499 2125 571 2170 cui
605 2125 884 2184 dispensatio
916 2126 1225 2171 committitur
1247 2141 1339 2171 non
1363 2132 1432 2171 est
1457 2126 1542 2172 nisi
1576 2127 1933 2186 dispensationis

145 2207 236 2252 iam
270 2222 294 2252 a
330 2208 549 2254 pontifice
582 2222 828 2254 concessae
850 2213 1088 2265 executor,
1115 2223 1247 2255 secus
1279 2209 1315 2254 si
1340 2209 1386 2254 in
1413 2211 1558 2255 forma
1593 2214 1928 2256 commissoria.

267 2292 393 2336 1054.
430 2293 470 2347 b)
510 2293 882 2351 Dispensationes
914 2308 939 2339 a
976 2293 1157 2339 Dataria
1193 2294 1450 2352 Apostolica
1499 2295 1811 2353 expediuntur
1859 2297 1931 2340 vel
2009 2311 2014 2316 ’

145 2374 190 2419 in
224 2374 385 2431 forma
418 2377 658 2432 nobilium,
697 2378 770 2422 vel
803 2377 847 2422 in
884 2377 1044 2434 forma
1077 2381 1318 2423 communi
1355 2393 1433 2424 seu
1467 2380 1738 2433 ordinaria,
1779 2380 1850 2424 vel
1885 2380 1930 2424 in

144 2457 304 2514 forma
331 2472 618 2516 pauperum.
657 2460 1054 2519 Dispensationem
1090 2462 1136 2506 in
1172 2461 1332 2519 forma
1363 2476 1633 2520 pauperum
1678 2462 1739 2507 illi
1773 2476 1931 2507 conse-

143 2544 350 2599 quuntur
381 2541 528 2587 solum
561 2542 638 2602 qui
673 2557 894 2601 pauperes
925 2549 1050 2589 sunt.
1099 2549 1325 2603 Pauperes
1373 2546 1593 2589 dicuntur
1633 2545 1709 2604 qui
1747 2559 1805 2589 ex
1838 2545 1932 2590 suis

142 2624 373 2670 laboribus
406 2625 590 2683 vivunt,
616 2626 692 2686 qui
722 2627 767 2671 in
794 2628 920 2673 [talia
954 2628 1188 2686 possident
1222 2629 1340 2674 bona
1375 2643 1492 2688 quae
1526 2630 1612 2674 500
1644 2634 1930 2675 scutatorum

145 2721 460 2763 romanorum,
497 2713 628 2754 extra
662 2710 840 2755 Italiam
865 2711 950 2756 525
973 2715 1261 2756 scutatorum
1294 2725 1526 2756 summam
1561 2726 1654 2757 non
1679 2713 1928 2769 excedunt,

142 2790 338 2836 deducto
370 2805 475 2836 aere
508 2792 659 2838 alieno
682 2797 728 2838 et
750 2793 966 2852 expensis
999 2808 1079 2852 pro
1102 2794 1330 2839 bonorum
1354 2794 1758 2841 administratione
1791 2801 1929 2856 atque

142 2873 355 2930 operibus
379 2875 406 2917 ¹.
440 2875 568 2928 Quod
601 2875 638 2920 si
672 2876 790 2921 bona
824 2890 986 2934 parum
1021 2877 1142 2921 hanc
1174 2890 1406 2921 summam
1440 2877 1669 2922 excedant
1712 2877 1931 2922 dicuntur

260 3049 270 3069 ¹
298 3049 367 3086 Cir.
392 3049 550 3088 Glevum
569 3051 614 3088 de
633 3051 975 3097 dispensationibus
994 3055 1097 3088 matr.
1118 3051 1161 3093 ΙΙ,
1180 3055 1194 3091 ἓ
1215 3051 1270 3094 18,
1288 3062 1323 3088 n.
1342 3052 1374 3089 8.
