2176 3386
826 191 955 220 1213ssss
984 191 1040 220 111.
1070 192 1128 220 DE
1159 191 1298 220 LA1Cls
1871 180 1952 221 465

285 299 388 346 598.
415 302 584 344 Verum
617 297 776 358 quaeri
810 302 959 357 potest
990 313 1048 345 an
1083 298 1182 344 iure
1214 298 1374 344 divino
1407 300 1482 344 vel
1513 298 1826 371 ecclesiastico
1852 299 1951 344 iure

161 381 270 426 laici
300 395 328 427 a
359 380 674 427 iurisdictione
706 381 1015 427 ecclesiastica
1047 382 1307 427 exercenda
1346 386 1608 428 arceantur.
1659 382 1953 441 Responden-

156 462 273 508 -dum
297 466 391 508 est:
425 463 543 523 quod
569 463 666 508 iure
689 463 848 509 divino
871 464 928 509 ad
952 465 1090 510 laicos
1112 464 1365 510 iurisdictio
1387 464 1698 511 ecclesiastica
1721 465 1952 511 ordinaria

163 560 331 605 nempe
364 545 462 591 iure
496 547 677 605 proprio
710 547 969 592 exercenda
1004 561 1096 592 non
1133 547 1348 606 pertinet.
1384 551 1507 593 Haec
1555 547 1681 592 enim
1715 561 1821 592 cum
1857 547 1952 606 ipsa

168 628 395 673 Ecclesiae
427 628 591 673 Christi
640 628 972 674 constitutione
1007 632 1247 687 repugnat.
1288 634 1386 674 lure
1422 643 1532 674 vero
1565 629 1772 687 delegato
1822 630 1952 674 iuxta

157 710 285 756 dicta
319 710 573 756 iurisdictio
606 726 631 756 a
665 711 791 758 laicis
822 717 1084 767 exercetur,
1110 712 1344 770 delegatus
1366 711 1490 757 enim
1515 712 1768 770 delegantis
1801 726 1952 771 perso·

164 809 275 839 nam
309 795 425 852 gerit
445 808 499 840 ac
522 800 852 854 repraesentat.
891 799 1047 855 Neque
1081 799 1339 854 opponatur
1371 795 1493 854 quod
1525 795 1719 842 clericus
1750 795 1826 855 qui
1853 800 1951 840 tan-

162 877 406 922 tummodo
440 877 584 936 prima
617 882 803 923 tonsura
835 878 1079 936 insignitus
1111 882 1196 934 est,
1217 878 1386 937 quique
1420 878 1784 927 iurisdictionem
1811 879 1951 924 etiam

162 960 445 1006 ordinariam
487 961 628 1006 veluti
667 961 834 1006 Vicarii
875 961 1110 1007 Generalis
1148 975 1206 1006 ex
1245 960 1356 1006 iuris
1393 961 1690 1020 dispositione
1734 975 1952 1006 exercere

164 1045 306 1099 x‘alet,
342 1044 486 1089 laicus
517 1048 600 1089 est.
658 1044 837 1089 Etenim
887 1044 1251 1103 praescindendo
1283 1058 1316 1089 a·
1341 1045 1689 1103 quaestionibus
1736 1046 1951 1104 theologi-

159 1125 228 1170 cis
260 1125 381 1171 circa
416 1130 630 1171 naturam
677 1127 851 1186 primae
885 1131 1101 1171 tonsurae
1149 1131 1267 1182 eto,
1305 1132 1483 1171 certum
1531 1131 1598 1172 est
1641 1128 1760 1186 quod
1799 1129 1952 1173 huius-

164 1208 287 1253 modi
337 1212 602 1254 tonsuratus
647 1209 883 1254 Pontilicia
932 1210 1207 1254 auctoritate
1251 1225 1276 1254 a
1311 1210 1437 1255 laiciS
1484 1210 1720 1255 seiunctus
1754 1216 1853 1267 est,
1900 1226 1952 1257 ac

164 1293 286 1337 inter
319 1294 509 1338 clericos
541 1293 812 1352 adscriptus.
856 1299 1005 1348 Quare
1040 1294 1309 1352 intelligitur
1352 1308 1437 1338 cur
1473 1309 1579 1339 cum
1623 1295 1848 1341 Ecclesiae
1889 1297 1950 1340 di-

163 1374 275 1419 vina
310 1375 641 1421 constitutione
692 1390 784 1420 non
821 1382 992 1435 pugnet
1027 1378 1163 1423 talem
1199 1377 1417 1421 clericum
1468 1377 1832 1423 iurisdictionem
1882 1393 1952 1424 ec-

163 1457 471 1502 clesiasticam
513 1458 653 1503 etiam
703 1459 984 1503 ordinariam
1033 1474 1252 1505 exercere
1299 1474 1444 1518 posse.
1500 1464 1592 1506 Nec
1642 1476 1699 1505 ex
1745 1461 1830 1506 hoc
1879 1463 1952 1506 de-

163 1539 345 1583 scendit
382 1540 686 1598 principium:
730 1542 906 1586 laicam
941 1544 1266 1588 tantummodo
1298 1544 1597 1588 ecclesiastico
1630 1547 1734 1589 iure
1762 1558 1792 1589 α
1815 1548 1952 1590 sem-is-

162 1622 366 1667 (liclione
388 1625 693 1670 ecelesia-stica
723 1627 985 1671 exercenda
1015 1626 1302 1684 prohibitum
1336 1641 1427 1672 esse
1454 1628 1482 1672 ².

926 1820 1105 1864 CAPUT
1138 1822 1189 1863 11.

572 1939 633 1974 DE
663 1938 850 1976 lURIBUS
880 1939 939 1976 AC
966 1939 1256 1975 PRlVlLEGIlS
1287 1939 1544 1976 LAICORUM.

286 2056 387 2100 599.
441 2054 559 2100 Laici
594 2061 824 2115 quatenus
856 2056 1035 2101 clericis
1067 2061 1471 2115 contraponuntur
1518 2071 1597 2102 sua
1638 2059 1810 2104 liabent
1858 2060 1954 2106 iura

164 2152 364 2197 quorum
397 2139 622 2198 quaedam
658 2154 715 2184 ex
749 2140 846 2184 iure
880 2139 1040 2185 divino
1074 2140 1160 2185 illis
1198 2145 1493 2197 competunt:
1531 2168 1583 2174 —
1623 2143 1763 2187 veluti
1797 2144 1957 2188 estius

167 2226 219 2265 ut
241 2222 306 2266 eis
338 2222 488 2266 debite
512 2227 557 2266 et
579 2227 836 2280 opportuno
860 2222 1123 2281 petentibus
1156 2228 1444 2267 sacramenta
1467 2225 1798 2281 concedantur,
1826 2231 1875 2270 ut
1909 2227 1954 2271 in

167 2305 304 2349 rebus
337 2305 438 2350 fidei
474 2310 519 2350 et
553 2320 731 2350 morum
767 2307 1064 2362 edoceantur,
1087 2311 1135 2351 ut
1169 2308 1224 2352 ad
1258 2309 1516 2353 clericalem
1552 2313 1723 2354 statum
1744 2310 1779 2354 si
1805 2311 1954 2357 idonei

169 2387 457 2446 reperiantur
488 2389 797 2434 admittantur
828 2395 913 2435 etc.

291 2472 459 2514 Verum
494 2471 765 2527 specialibus
799 2471 1048 2530 privilegiis
1080 2472 1327 2532 aliquando
1360 2473 1624 2531 donantu1·;
1665 2488 1782 2533 quae
1818 2476 1954 2533 privi-

168 2553 284 2610 legia
318 2553 416 2598 illos
450 2553 694 2613 participes
741 2569 833 2600 non
869 2556 1074 2600 efficiunt
1108 2570 1256 2615 neque
1289 2557 1436 2615 quoad
1477 2557 1839 2603 ecclesiasticum
1874 2560 1956 2603 mi-

170 2636 412 2681 nisterium
449 2651 595 2696 neque
628 2638 778 2696 quoad
817 2638 1177 2683 ecclesiasticam
1228 2638 1610 2684 iurisdictionem.
1647 2644 1798 2693 Quare
1830 2642 1958 2687 laicis

165 2720 413 2780 aliquando
446 2719 517 2765 ius
552 2721 874 2779 praesentandi
924 2721 1113 2766 clericos
1149 2721 1205 2765 ad
1240 2721 1460 2766 beneficia
1508 2722 1816 2768 ecclesiastica
1850 2738 1957 2768 con-

263 2896 271 2900 -
290 2923 299 2941 ¹
328 2923 397 2958 Cfr.
424 2923 606 2959 PALMOEm
634 2922 678 2958 de
707 2922 810 2958 Rom.
837 2921 940 2958 Pom.
967 2921 1227 2966 Prologomen.
1254 2919 1344 2963 §iffi
1380 2920 1724 2957 SCHMALZGRUEBER
1751 2921 1788 2956 in
1814 2920 1868 2956 til.
1894 2920 1951 2961 29,

166 2993 254 3030 libr.
283 2994 300 3030 1
330 2995 484 3037 Decret„
511 3004 546 3029 n.
574 2994 629 3030 14.

294 3077 608 3109 erELLi-Somssm.
1793 3076 1833 3106 30
