2176 3386
555 163 686 193 LIBER
717 163 741 191 1.
778 162 835 190 DE
864 160 1002 190 REBUS
1030 157 1268 188 ECCLESIAE
1296 153 1623 186 SPIRITUALIBUS
1908 139 1989 180 263

196 275 354 319 Const.
392 274 491 316 Etsi
522 270 803 323 Pastoralis,
839 268 887 313 in
931 266 1096 327 quibus
1132 267 1381 324 perpetuae
1421 261 1709 321 suspensioni
1747 275 1773 306 a
1816 259 1987 306 divinis

198 354 505 400 subiiciuntur
530 351 785 411 Presbyteri
820 350 968 410 graeci
992 349 1136 395 latino
1162 361 1306 404 more,
1330 351 1378 391 et
1409 345 1541 392 latini
1568 358 1731 404 graeco
1765 343 1856 388 ritu
1882 343 1987 388 Mis-

197 451 270 483 sas
299 442 346 482 et
377 437 465 482 alia
498 436 656 482 divina
699 435 844 481 officia
897 433 1184 479 celebrantes
1217 432 1289 476 vel
1336 430 1568 474 celebrare
1612 429 1762 472 facere
1806 440 1987 486 praesu·

205 526 401 579 mentes,
437 522 663 579 simulque
697 518 1023 579 praescribitur
1055 530 1114 561 ne
1147 515 1319 561 latinus
1351 514 1578 573 parochus
1610 511 1833 570 Pyxidem
1857 511 1902 556 in
1927 510 1987 555 ci-

202 604 329 650 borio
362 619 468 650 cum
503 603 738 662 particulis
769 602 853 647 sub
886 601 1041 660 specie
1074 598 1341 645 fermentati
1374 611 1455 656 pro
1489 595 1818 642 communione
1861 608 1986 652 grae·

197 702 380 744 corum,
415 691 495 732 aut
528 687 754 745 parochus
801 696 992 742 graecus
1027 683 1111 727 sub
1143 681 1294 740 specie
1327 680 1481 738 azymi
1533 693 1611 737 pro
1659 678 1988 723 communione

197 770 446 814 latinorum
481 769 526 812 in
561 781 852 827 quocumque
885 765 1107 810 ecclesiae
1147 777 1255 808 suae
1299 763 1436 808 altari
1470 763 1694 817 retineat,
1731 775 1784 806 ac
1815 759 1988 819 praeci-

205 855 328 914 pitur
359 859 409 898 ut
440 852 631 913 quilibet
662 851 875 897 sacerdos
907 850 955 894 in
990 863 1071 894 suo
1105 849 1350 893 dumtaxat
1383 847 1474 892 ritu
1510 846 1845 891 Eucharistiam
1882 845 1988 890 fide-

202 941 319 986 libus
350 939 564 998 porrigat.
601 938 757 992 Quoad
790 937 946 981 fideles
970 950 1097 990 vero,
1133 934 1253 979 idem
1291 933 1505 979 Pontifex
1539 932 1751 991 prohibet
1778 946 1834 976 ne
1858 931 1988 976 latini

202 1022 579 1068 communionem
605 1021 689 1065 sub
717 1020 866 1079 specie
890 1017 1158 1064 fermentati
1184 1032 1208 1063 a
1233 1016 1513 1076 presbyteris
1541 1015 1714 1074 graecis
1746 1016 1986 1075 recipiant,

200 1104 373 1163 graecis
405 1110 562 1149 tamen
599 1103 724 1148 laicis
756 1101 984 1161 permittit
1020 1106 1086 1157 ut,
1122 1101 1197 1145 ubi
1236 1100 1465 1159 propriam
1497 1099 1759 1158 parochiam
1786 1113 1876 1143 non
1913 1100 1989 1143 ha-

194 1187 320 1242 bent,
358 1186 547 1244 possint,
574 1185 609 1230 si
637 1185 799 1239 velint,
835 1184 883 1228 in
919 1182 1109 1228 ecclesia
1148 1182 1288 1227 latina
1341 1180 1674 1226 Eucharistiam
1723 1181 1807 1225 sub
1839 1180 1988 1239 specie

201 1270 352 1328 azymi
386 1285 410 1314 a
445 1268 758 1314 sacerdotibus
798 1268 953 1312 latinis
986 1281 1183 1311 sumere.
1230 1266 1357 1320 Quod
1392 1265 1428 1309 si
1462 1266 1516 1309 ad
1560 1263 1796 1309 infirmum
1841 1277 1988 1308 sacra-

199 1353 367 1398 mentis
402 1352 704 1397 muniendum
749 1351 916 1410 proprii
960 1350 1075 1395 ritus
1107 1349 1319 1394 sacerdos
1363 1348 1525 1393 haberi
1565 1351 1786 1406 nequeat,
1825 1347 1989 1405 poterit

199 1436 387 1481 alterius
419 1436 534 1481 ritus
567 1436 778 1480 sacerdos
810 1438 1069 1480 extremam
1106 1432 1374 1478 unctionem
1412 1431 1560 1476 eidem
1598 1430 1858 1475 ministrare
1882 1445 1986 1475 cum

200 1521 298 1566 oleo
331 1534 459 1565 sacro
493 1520 539 1564 in
575 1533 656 1564 suo
692 1518 780 1563 ritu
815 1518 983 1562 usitato
1021 1517 1151 1576 eique
1188 1516 1415 1560 viaticum
1453 1515 1683 1573 praebere.
1720 1518 1842 1558 Haec
1878 1527 1987 1558 vero

199 1618 315 1663 quae
348 1618 427 1662 pro
462 1602 636 1661 graecis
670 1603 716 1647 in
750 1603 876 1647 Italia
930 1601 1324 1646 commorantibus
1372 1603 1544 1644 statuta
1588 1603 1723 1653 sunt,
1760 1598 1897 1643 etiam
1933 1598 1987 1642 de

200 1687 300 1732 aliis
338 1687 631 1744 intelligenda
672 1700 768 1731 esse
802 1690 934 1730 extra
969 1684 1144 1730 ltaliam
1197 1684 1466 1742 degentibus
1498 1688 1680 1728 constat
1722 1698 1777 1728 ex
1820 1684 1986 1728 resolu-

197 1772 322 1816 tione
347 1773 450 1829 Sup.
478 1771 615 1815 Univ.
645 1774 742 1829 Inq.
769 1770 840 1814 die
872 1770 923 1814 19
949 1769 1042 1813 iulii
1071 1770 1181 1814 1752
1206 1769 1325 1814 edita
1350 1769 1403 1812 ad
1423 1767 1612 1812 dubium
1648 1767 1926 1825 propositum
1961 1781 1986 1811 a

198 1858 244 1899 P.
286 1854 491 1913 Philippo
526 1853 732 1912 Spitaleri
769 1853 878 1897 Abb.
914 1852 1097 1898 Ordinis
1130 1856 1171 1897 S.
1210 1851 1372 1896 Basilii.

320 1937 445 1982 1189.
484 1937 592 1982 Heic
631 1951 741 1982 vero
773 1937 853 1981 abs
886 1951 933 1981 re
971 1951 1062 1980 non
1087 1936 1175 1981 erit
1198 1940 1360 1981 notare
1393 1936 1512 1995 quod
1547 1935 1594 1980 in
1623 1934 1988 1993 processionibus

197 2020 386 2079 aliisque
421 2020 791 2065 solemnitatibus
824 2020 1162 2075 ecclesiasticis,
1198 2020 1547 2079 praecedentiae
1581 2020 1690 2065 ordo
1733 2020 1987 2065 servandus

196 2109 265 2149 est
297 2104 419 2148 inter
453 2117 640 2162 graecos
672 2109 714 2148 el
750 2104 916 2149 latinos
956 2104 1085 2148 iuxta
1130 2105 1365 2149 decretum
1414 2106 1455 2148 S.
1492 2107 1652 2162 Congr.
1696 2103 1881 2149 Rituum
1914 2102 1986 2148 die

198 2189 223 2233 6
259 2188 370 2233 febr.
412 2189 540 2243 1650,
574 2202 664 2248 quo
698 2187 917 2233 statuitur
952 2188 1321 2246 praecedentiam
1355 2188 1477 2232 inter
1504 2188 1745 2246 Episcopos
1778 2187 1907 2232 latini
1940 2191 1987 2231 et

207 2270 448 2330 Episcopos
480 2272 629 2329 graeci
666 2271 795 2327 ritus,
832 2271 999 2317 ceteris
1031 2272 1231 2330 paribus,
1270 2271 1597 2316 moderandam
1622 2284 1719 2316 esse
1742 2270 1871 2315 iuxta
1905 2284 1983 2315 an-

198 2355 460 2415 tiquitatem
496 2356 797 2414 promotionis
829 2356 883 2401 ad
923 2356 1258 2414 Episcopatum.

954 2547 1133 2590 CAPUT
1168 2548 1218 2589 V.

858 2663 931 2699 DE
969 2663 1323 2701 ECCLESIIS.

324 2779 451 2823 1190.
489 2779 718 2825 Ecclesiae
751 2781 940 2825 nomine
975 2780 1172 2825 veniunt
1204 2781 1340 2825 aedes
1371 2779 1544 2837 sacra‘e,
1581 2779 1637 2824 ad
1671 2793 1783 2839 quas
1815 2793 1983 2824 conve-

204 2859 340 2903 niunt
373 2858 527 2904 tideles
559 2864 610 2904 ut
643 2860 704 2904 ibi
737 2875 873 2920 opera
907 2860 1138 2918 religionis
1170 2864 1436 2906 exerceant.

322 2943 622 2988 Ecclesiarum
662 2943 827 2989 divisio
867 2958 893 2990 a
928 2943 1090 2990 maiori
1135 2944 1207 2988 vel
1257 2943 1423 2988 minori
1472 2943 1635 2988 harum
1683 2943 1904 3002 dignitate
1937 2947 1984 2988 et

202 3025 376 3070 iuribus
408 3026 605 3085 profluit.
643 3027 760 3072 Hinc
792 3027 828 3072 si
862 3041 950 3087 qua
985 3026 1175 3072 ecclesia
1212 3026 1445 3071 nonnullis
1476 3025 1677 3082 iuribus,
1713 3027 1787 3072 vel
1819 3027 1981 3073 saltem
