2176 3386
789 202 919 231 Lmen
947 203 972 230 1.
1010 202 1067 230 DE
1095 200 1290 230 CLssmcls
1854 190 1932 230 267

262 312 370 358 Inde
403 311 644 356 inductum
668 314 737 356 est
770 315 820 355 ut
851 310 992 355 etiam
1021 310 1076 355 ad
1101 309 1374 355 Pontificem
1409 308 1685 355 nominatim
1720 308 1775 353 de
1808 312 1931 353 statu

141 394 349 455 propriae
380 394 600 440 dioecesis
632 394 854 438 referunt.
894 394 1100 438 Profecto
1132 391 1379 437 dicendum
1414 403 1507 436 non
1542 394 1612 436 est
1643 391 1763 450 quod
1788 391 1930 436 etiam

140 481 277 523 antea
326 477 538 522 Pontifex
585 475 826 535 Episcopos
872 475 927 519 de
975 474 1030 519 iis
1067 488 1185 534 quae
1225 474 1280 519 ad
1319 487 1423 519 suas
1455 473 1686 519 dioeceses
1731 473 1931 532 pertinet

141 574 233 606 non
269 560 597 617 interrogaret,
633 563 680 603 at
717 557 920 617 Episcopi
961 571 1054 602 non
1087 557 1368 602 tenebantur
1401 557 1496 614 lege
1530 557 1586 601 ad
1619 557 1927 601 exhibendam

141 643 411 688 relationem
447 641 656 700 propriae
689 641 909 686 dioecesis
935 642 964 685 ².

260 726 413 770 xistus
437 728 472 768 V
500 724 790 783 disciplinam
825 724 1139 769 introductam
1175 723 1473 769 confirmavit
1505 737 1558 768 ac
1592 723 1754 769 melius
1786 723 1926 768 etiam

137 807 483 852 determinavit.

255 890 383 944 Quod
417 890 608 934 ulterius
643 889 835 947 perfecit
867 893 913 933 et
947 889 1040 947 ipse
1075 889 1347 933 Benedictus
1382 892 1478 935 XIV
1504 889 1535 934 ².

257 973 357 1016 515.
397 971 606 1016 Visitatio
655 984 712 1016 ss.
753 971 965 1016 liminum
1001 971 1047 1016 in
1082 986 1135 1016 eo
1168 971 1380 1016 consistit
1417 976 1468 1015 ut
1504 971 1670 1030 singuli
1723 972 1926 1030 Episcopi

136 1060 262 1101 certo
299 1070 479 1115 quoque
531 1061 739 1114 tempore
776 1060 1034 1101 Romanum
1070 1056 1338 1101 Pontilicem
1374 1061 1611 1115 tamquam
1657 1071 1923 1115 supremum

138 1139 364 1183 Ecclesiae
403 1143 616 1184 centrum
650 1143 696 1183 et
728 1142 866 1196 caput
897 1137 1022 1183 adire
1062 1144 1339 1194 teneantur,
1374 1139 1507 1198 eique
1555 1139 1780 1184 Ecclesiae
1818 1153 1926 1184 suae

136 1225 307 1267 statum
351 1222 578 1280 aperiress.
634 1226 695 1267 De
740 1223 824 1267 hac
861 1222 1126 1267 visitatione
1158 1223 1247 1267 duo
1281 1223 1543 1282 quaerenda
1577 1228 1716 1279 sunt,
1751 1223 1927 1268 scilicet

139 1304 300 1348 modus
322 1308 368 1348 et
390 1307 587 1362 tempus.

255 1388 356 1431 514.
394 1388 550 1441 Quoad
576 1388 782 1443 moduni,
813 1388 1017 1447 Episcopi
1053 1389 1138 1433 hoc
1160 1388 1308 1434 officio
1332 1403 1411 1447 per
1433 1402 1480 1433 se
1504 1389 1631 1447 fungi
1659 1389 1843 1434 debent.
1881 1389 1923 1434 si

133 1485 242 1515 vero
276 1472 522 1530 Episcopus
554 1471 867 1516 coadiutorem
902 1471 1085 1528 habeat,
1121 1473 1230 1517 satis
1263 1477 1331 1517 est
1366 1477 1415 1517 ut
1444 1474 1516 1517 vel
1551 1474 1645 1532 ipse
1679 1474 1752 1517 vel
1792 1474 1923 1519 coad-

132 1555 252 1600 iutor
282 1555 401 1600 illius
435 1556 622 1601 nomine
658 1555 972 1601 visitationem
1006 1557 1189 1615 expleat
1221 1561 1268 1601 et
1312 1558 1583 1602 relationem
1617 1563 1764 1603 status
1802 1558 1923 1602 dioe-

131 1653 287 1684 ceseos
319 1640 577 1698 suppeditet
598 1639 629 1683 ⁴.
666 1643 879 1686 Ceterum
914 1640 1229 1685 intercedente
1254 1640 1602 1699 impedimento,
1630 1642 1798 1700 poterit
1825 1641 1921 1699 Epi—

131 1736 293 1781 scopus
327 1723 431 1767 huic
465 1723 594 1768 oneri
627 1724 892 1768 satisfacere
929 1739 1007 1782 per
1040 1728 1385 1781 procuratorem
1425 1725 1592 1784 duplici
1636 1731 1793 1772 tamen
1839 1729 1923 1773 sub

130 1807 412 1863 conditione,
447 1820 527 1851 seu
561 1810 612 1851 ut
643 1807 680 1851 is
712 1807 895 1864 speciali
931 1807 1148 1852 mandato
1183 1807 1435 1852 instructus
1468 1810 1543 1865 sit,
1579 1814 1625 1854 et
1659 1815 1708 1854 ut
1740 1825 1796 1855 ex
1822 1810 1918 1869 ipsa

130 1889 324 1934 dioecesi
360 1889 587 1934 mittatur.
628 1895 898 1935 Procurator
931 1891 1042 1949 ipse,
1080 1891 1247 1950 poterit
1278 1905 1376 1936 esse
1409 1906 1433 1936 e
1467 1893 1589 1937 clero
1624 1894 1817 1950 regulari
1849 1907 1918 1940 so—

131 1974 224 2018 lum
259 1973 306 2017 in
339 1973 598 2018 deficientia
633 1974 742 2019 cleri
777 1974 1024 2019 saecularis
1057 1989 1201 2034 eaque
1233 1974 1494 2021 deficientia
1536 1980 1725 2035 probata
1754 1979 1783 2023 ⁵.
1836 1979 1920 2024 Sed

130 2070 255 2101 nunc
288 2056 597 2114 indulgentior
628 2062 697 2102 est
734 2060 831 2103 Sac.
869 2061 1031 2116 Congr.
1069 2058 1154 2102 hac
1189 2059 1235 2102 in
1269 2073 1331 2103 re.
1380 2060 1583 2118 Episcopi
1618 2060 1829 2106 titulares
1873 2062 1918 2107 in

131 2139 333 2198 partibus
366 2139 618 2185 infidelium
653 2141 906 2185 residentes
942 2146 1177 2201 tamquam
1216 2141 1383 2187 Vicarii
1419 2143 1690 2201 Apostolici‚
1728 2145 1917 2203 implere

130 2222 410 2280 praedictam
443 2226 596 2268 Const.
625 2223 738 2269 sixti
774 2227 826 2280 V,
863 2224 898 2269 si
934 2225 1250 2270 visitationem
1285 2226 1504 2284 expleant
1539 2241 1617 2285 per
1651 2231 1920 2274 Procurato-

130 2318 225 2349 rem
261 2306 306 2350 in
341 2306 450 2351 urbe
483 2307 780 2363 existentem,
828 2307 1110 2352 declaratum
1156 2314 1226 2353 est
1268 2323 1349 2368 per
1394 2312 1579 2355 Sacram
1619 2314 1781 2368 Congr.
1820 2311 1913 2356 Fid.

133 2389 260 2444 Prop.
297 2400 452 2432 coram
488 2388 669 2434 Urbano
703 2391 799 2435 Vlll
835 2389 907 2434 die
941 2390 997 2435 28
1031 2390 1131 2434 Iulii
1170 2392 1279 2436 1626
1304 2391 1335 2435 ⁶.

248 2472 349 2516 515.
383 2475 578 2531 Tempus
611 2472 740 2518 iuxta
775 2478 1079 2519 memoratam
1113 2475 1503 2521 Constitutiouem
1537 2476 1652 2521 Sixti
1676 2479 1708 2520 V
1734 2477 1915 2521 varium

247 2632 254 2650 ¹
283 2632 554 2669 Constitutione
581 2634 768 2670 Romanus
794 2634 964 2680 Pontifesc
992 2634 1026 2673 d.
1055 2634 1101 2671 20
1126 2636 1293 2672 decemb.
1323 2636 1424 2672 1585.

244 2704 256 2722 ²
282 2704 405 2741 const.
435 2705 537 2748 Quod
562 2708 688 2742 sancta
713 2705 759 2742 25
785 2717 869 2743 nov.
899 2707 1001 2745 1740.

243 2774 257 2794 ⁸
283 2776 407 2813 Sixtus
434 2777 466 2813 V
491 2776 615 2814 Const.
641 2778 828 2815 Romanus
853 2779 1020 2826 Pontifeoe
1047 2780 1080 2816 d.
1106 2779 1152 2816 20
1173 2781 1256 2816 Dec.
1278 2780 1378 2816 1585.
1399 2781 1532 2818 Bened.
1553 2781 1639 2818 XlV
1659 2781 1783 2818 Const.
1812 2782 1914 2826 Quod

125 2847 249 2881 sancta
275 2845 321 2882 25
346 2846 439 2884 Nov.
467 2847 570 2884 1740.

241 2915 255 2936 ⁵
280 2917 414 2955 Bened.
443 2919 532 2957 XIV
557 2920 681 2959 Const.
708 2922 767 2957 cit.

243 2988 256 3008 ³
283 2990 416 3027 Bened.
444 2991 531 3030 XlV
557 2992 602 3028 de
629 2993 777 3039 Synod..
805 2995 842 3030 L.
873 2995 926 3038 15,
955 2994 1040 3042 Cap.
1067 2996 1100 3031 6.

242 3059 257 3080 ⁶
281 3059 350 3097 Cfr.
377 3062 528 3099 Colloct.
557 3063 592 3100 S.
619 3064 656 3100 C.
684 3065 795 3112 Prop.
823 3066 926 3104 Fidei
952 3076 987 3103 n.
1014 3066 1153 3111 82-86;
1182 3067 1253 3103 Cfr.
1281 3077 1315 3104 n.
1341 3066 1399 3105 90.
