2176 3386
233 150 314 190 266
907 165 1018 194 PARS
1047 166 1087 194 11.
1122 165 1179 194 nr:
1209 166 1347 196 nentis

232 269 394 315 eodem
427 269 526 316 iure
566 284 620 316 ac
651 271 844 328 ordine,
878 286 969 332 quo
1011 272 1231 331 parochi,
1265 273 1550 331 beneficiati,
1585 279 1704 332 etc.,
1738 290 2012 323 concurrere

233 352 419 398 debent.
455 354 496 398 Si
532 368 643 399 vero
677 359 897 413 patronus
929 356 1125 413 simplex
1156 356 1217 400 sit
1237 392 1247 411 ,
1281 356 1359 416 qui
1393 358 1542 403 nullos
1578 359 1771 419 percipit
1817 361 2010 416 fructus,

232 450 339 482 cum
372 436 523 495 agitur
556 438 612 482 de
645 437 775 482 totali
813 438 1212 484 reconstructione
1259 439 1478 485 ecclesiae
1511 442 1584 486 vel
1623 443 1678 486 de
1725 442 2012 500 reparatione

232 534 349 579 quae
391 534 541 566 novae
588 520 921 566 constructioni
968 522 1284 581 aequivaleat,
1322 536 1413 568 non
1461 524 1645 583 quidem
1689 525 1890 571 absolute
1935 527 2012 572 sed

232 606 470 649 causative
502 604 556 648 ad
591 604 961 650 concurrendum
985 604 1131 650 teneri
1156 605 1432 663 probabilius
1462 611 1547 663 est,
1582 621 1659 652 seu
1693 612 1922 667 quatenus
1944 608 2013 654 ius

234 692 505 748 patronatus
537 688 736 733 retinere
769 688 882 733 velit
910 689 941 732 ¹.

357 771 483 815 1198.
523 770 564 815 Si
598 775 760 828 agatur
791 772 845 816 ‹le
878 771 1071 830 simplici
1112 771 1319 828 ecclesia,
1357 777 1541 818 tenetur
1573 774 1828 831 gradatim:
1868 777 1905 831 l)
1933 780 2011 820 Fa-

232 853 380 910 brica,
417 855 458 910 2)
494 854 571 913 qui
605 868 660 898 ex
687 854 850 912 legato,
877 859 1067 910 statuto,
1095 856 1166 900 vel
1191 856 1525 901 consuetudine
1558 857 1837 916 obligantur;
1873 860 1914 917 5)
1941 873 2013 904 ec·

232 937 395 983 clesiae
430 943 597 993 rector,
634 938 801 998 aliique
836 937 1111 983 beneficiati.

356 1021 481 1065 1199.
527 1020 728 1065 'l'andem
761 1021 797 1066 si
830 1021 1020 1065 ecclesia
1072 1020 1158 1065 iuri
1203 1026 1472 1079 patronatus
1518 1022 1716 1068 obnoxia
1749 1023 1830 1079 sit,
1867 1038 2013 1082 neque

231 1103 336 1148 dote
370 1104 552 1161 polleat,
590 1108 634 1147 et
669 1104 869 1162 indigeat
903 1105 1211 1162 reparatione,
1246 1109 1293 1150 et
1325 1106 1610 1162 utensilibus,
1648 1111 1833 1152 tenetur
1865 1111 2012 1165 patro-

233 1200 334 1243 nus,
371 1192 417 1231 et
449 1187 485 1231 si
520 1192 619 1245 post
650 1187 904 1232 terminum
938 1187 1085 1233 eidem
1123 1188 1375 1246 praefixum
1411 1203 1503 1234 non
1537 1194 1793 1248 reparetur,
1823 1191 1916 1249 ipse
1940 1191 2013 1235 vel

232 1270 490 1328 privabitur
526 1274 793 1328 patronatus
826 1270 941 1326 iure,
978 1272 1052 1315 vel
1088 1271 1197 1316 iuris
1231 1272 1443 1316 remediis
1475 1272 1696 1330 adigetur.

355 1353 482 1398 1200.
523 1353 687 1398 Eadem
721 1353 932 1398 doctrina
981 1368 1127 1412 nuper
1173 1356 1379 1412 exposita
1415 1355 1564 1400 locum
1615 1355 1751 1400 habet
1792 1355 1929 1400 etiam
1966 1355 2012 1399 in

232 1435 446 1494 cappellis
480 1435 647 1480 ibidem
687 1435 816 1492 sitis,
856 1450 939 1481 uec
973 1451 1065 1482 non
1102 1437 1147 1481 iu
1182 1437 1433 1492 altaribus,
1470 1438 1516 1482 in
1549 1452 1677 1482 sacra
1726 1439 2010 1497 supellectili,

231 1519 530 1577 paramentis,
565 1524 611 1564 et
643 1520 948 1576 ornamentis,
994 1521 1227 1577 calicibus,
1268 1522 1461 1580 patenis,
1506 1522 1779 1578 luminariis,
1824 1522 2013 1582 aliisque

231 1602 504 1647 utensilibus
527 1602 557 1646 ².

353 1688 479 1731 1201.
522 1688 713 1740 Quando
748 1702 857 1733 vero
897 1689 1097 1733 remedia
1146 1689 1237 1733 iam
1282 1689 1480 1735 indicata
1529 1694 1709 1748 praesto
1751 1705 1842 1736 non
1886 1696 2010 1747 sunt,

231 1769 327 1814 fieri
361 1769 487 1815 locus
521 1775 669 1828 potest
702 1771 1018 1827 ecclesiarum,
1053 1773 1345 1828 sacellorum,
1380 1777 1426 1816 et
1458 1774 1673 1818 altarium
1712 1773 2010 1829 demolitioni,

230 1865 283 1896 ac
316 1852 480 1897 harum
514 1854 813 1898 ecclesiarum
863 1854 1155 1898 translationi
1188 1855 1245 1899 ad
1278 1857 1495 1900 ecclesias
1528 1856 1769 1913 matrices,
1805 1871 1910 1902 cum
1952 1859 2012 1903 t’a-

230 1936 401 1981 cultate
429 1936 603 1981 dirutas
626 1937 841 1982 ecclesias
866 1937 910 1981 in
938 1938 1153 1995 profanos
1177 1951 1302 1994 usus,
1330 1952 1422 1983 non
1445 1939 1665 1995 sordidOS,
1691 1941 2010 1997 convertendi,

230 2025 383 2063 erecta
419 2025 575 2064 tamen
609 2020 669 2064 ibi
692 2035 844 2066 cruce.
881 2026 978 2066 Hac
1000 2026 1157 2066 tamen
1183 2023 1228 2066 in
1263 2037 1310 2067 re
1334 2029 1467 2068 caute
1492 2024 1735 2081 procedere
1772 2023 2014 2082 Episcopus

230 2102 380 2158 debet,
418 2117 475 2147 ne
508 2103 667 2148 divino
700 2104 842 2148 cultui
877 2105 1207 2149 detrimentum
1242 2105 1473 2151 afferatur.

961 2345 1193 2376 Ammonos
1226 2348 1287 2377 ιιι.

548 2464 608 2505 De
640 2464 970 2507 consecrandis
1002 2469 1043 2508 et
1075 2464 1438 2508 reconciliandis*
1471 2465 1699 2510 Ecclesiis.

353 2593 480 2638 1202.
521 2593 724 2638 Vetitum
758 2598 826 2638 est
860 2607 988 2639 sacra
1031 2594 1176 2639 officia
1223 2608 1438 2653 peragere
1471 2595 1517 2639 in
1552 2595 1769 2651 ecclesia,
1806 2595 1892 2640 nisi
1925 2596 2013 2655 pri-

231 2689 360 2719 mum
385 2680 698 2732 consacretur,
725 2677 799 2722 vel
823 2678 984 2722 saltem
1014 2678 1329 2734 benedicatur,
1356 2679 1429 2723 vel
1453 2677 1789 2735 reconcilietur,
1815 2677 1851 2723 si
1875 2678 2014 2723 fuerit

230 2758 416 2815 polluta.
453 2759 745 2803 Consecratio
779 2759 876 2804 iure
909 2760 1139 2805 ordinario
1171 2760 1221 2804 lit
1251 2761 1310 2805 ab
1344 2761 1579 2820 Episcopo,
1607 2775 1697 2807 non
1721 2775 1833 2807 vero
1864 2775 1890 2806 a
1914 2776 2012 2820 pre·

350 2889 358 2907 ¹
388 2889 460 2926 Csr.
487 2889 524 2926 S.
554 2889 590 2926 C.
618 2890 729 2927 Conc.
757 2891 794 2926 in
821 2891 927 2928 caus.
955 2891 1041 2937 agit.
1060 2889 1105 2927 27
1122 2890 1186 2927 iul.
1202 2891 1306 2934 1861,
1329 2897 1365 2929 et
1383 2892 1419 2929 S.
1445 2892 1483 2928 C.
1508 2892 1600 2938 Epp.
1618 2896 1654 2930 et
1671 2892 1745 2928 RB.
1763 2891 1802 2928 in
1819 2892 2009 2930 Bmwnien.

231 2959 274 2996 15
299 2960 391 2997 iunii
420 2960 522 2998 1855.

349 3033 362 3051 ’
393 3033 428 3070 S.
454 3032 491 3070 C.
518 3033 628 3070 conc.
656 3034 694 3070 in
722 3034 991 3072 castellaneten.
1020 3035 1180 3081 Expens.
1207 3033 1253 3071 24
1279 3035 1358 3072 iulii
1387 3034 1489 3072 1858.
