2176 3386
434 0 718 32 gjgw<fz⁷·=-.-*
775 0 793 24 Τ
885 0 919 23 ,-“
987 0 990 1 ’
1042 8 1043 12 =
1094 4 1125 18 .·
1169 0 1220 12 “·’-
1487 0 1524 18 ’.
1575 17 1582 19 ,
1638 15 1639 19 ,
1838 3 1846 9 2
1899 0 1937 27 ἔ]

532 163 660 192 LIBER
689 163 714 191 1.
742 163 801 191 DE
832 159 970 190 REBUS
1000 159 1238 188 ECCLESIAE
1266 158 1594 189 SPIRITUALIBUS
1904 147 1958 187 39

290 269 387 315 686.
424 267 604 314 Pixides
636 266 683 312 in
716 264 881 326 quibus
917 263 1199 309 Eucharistia
1233 264 1481 322 excipitur,
1506 277 1621 324 quas
1644 264 1848 311 maxime
1881 266 1956 310 de·

164 356 296 397 ceret
340 364 503 396 aureas
527 351 599 395 vel
632 353 874 406 argenteas
912 361 1041 404 esse,
1078 347 1172 392 sint
1203 348 1366 393 saltem
1401 363 1459 393 ex
1492 348 1635 393 solida
1682 349 1957 410 decentique

171 434 381 490 materie,
416 434 599 493 sintque
633 433 826 478 interius
858 446 970 477 auro
1012 432 1198 488 linitae,
1234 432 1440 477 exterius
1473 446 1585 477 vero
1618 433 1837 492 conopeis
1868 433 1956 478 albi

166 517 336 562 coloris
368 521 626 563 contectae.

291 602 391 648 687.
430 606 567 646 Porro
600 605 698 645 tum
734 600 931 645 hostiam
966 604 1065 645 tum
1099 599 1348 658 particulas
1395 604 1687 645 consecratas
1731 615 1957 647 renovare

167 685 422 730 identidem
456 699 569 745 opus
602 689 684 739 est,
723 684 935 743 rigidiore
970 683 1191 728 nimirum
1226 687 1434 742 tempore
1470 698 1560 728 non
1602 684 1777 729 tardius
1817 699 1956 744 quam

164 768 514 828 quintodecimo
546 782 726 828 quoque
758 768 846 823 die,
885 767 1056 813 mitiori
1092 782 1150 812 ne
1177 767 1349 812 tardius
1372 772 1555 813 octavo.
1596 768 1722 813 Absit
1755 783 1866 814 vero
1900 783 1958 814 ne

170 851 484 896 Missionarios
531 850 859 908 particularum
909 864 1144 895 sacrarum
1180 850 1272 895 iam
1308 851 1427 897 facta
1462 851 1727 909 corruptio,
1763 852 1818 897 de
1851 852 1959 911 ipsis

168 934 451 980 renovandis
483 934 749 979 admoneat.

915 1078 1121 1120 SECTIO
1154 1079 1204 1120 II.

703 1170 771 1210 DE
801 1170 1129 1211 EUCHAmsTIAE
1159 1170 1420 1211 SAcmFiclo.
1486 1221 1489 1223 Α

915 1311 1148 1342 Ammonos
1182 1313 1209 1341 ι.

719 1395 779 1437 De
811 1393 1126 1450 applicatione
1160 1392 1409 1450 Saerifiez'i.

290 1487 391 1532 688.
429 1491 528 1532 Non
565 1486 845 1532 sacramenti
879 1487 1026 1531 solum
1073 1487 1299 1532 rationem
1350 1486 1488 1531 habet
1536 1487 1846 1542 Eucharistia‚
1882 1487 1960 1533 sed

165 1571 310 1616 etiam
347 1569 574 1624 sacrificii,
611 1569 704 1614 imo
737 1568 926 1614 unicum
966 1584 1114 1615 novae
1145 1569 1272 1626 Legis
1295 1569 1572 1615 sacrificium
1594 1575 1680 1626 est,
1707 1585 1799 1616 non
1824 1571 1961 1616 modo

167 1652 450 1698 adorationis
482 1655 528 1697 et
559 1652 732 1707 laudis,
767 1652 844 1698 sed
878 1652 1018 1697 etiam
1053 1652 1304 1710 gratiarum
1348 1652 1566 1709 actionis,
1603 1652 1958 1710 impetrationis,

166 1741 217 1781 et
251 1735 587 1794 propitiationis
635 1749 715 1793 pro
748 1735 870 1780 vivis
909 1749 962 1780 ac
1005 1735 1251 1780 defunctis.
1303 1739 1415 1781 Cum
1463 1735 1587 1780 enim
1629 1736 1833 1782 Christus
1866 1751 1958 1782 ma·

169 1833 287 1877 gnus
319 1819 562 1882 Sacerdos,
600 1832 678 1876 per
710 1819 1000 1863 sacerdotum
1046 1818 1356 1863 ministerium
1403 1819 1500 1864 eius
1534 1819 1725 1864 nomine
1766 1820 1961 1866 offeren-

170 1902 306 1957 tium,
342 1902 585 1947 constituit
616 1915 784 1961 corpus
815 1905 862 1946 et
894 1901 1168 1958 sanguinem
1204 1915 1339 1946 suum
1374 1902 1459 1946 sub
1492 1902 1731 1960 speciebus
1753 1902 1883 1961 panis
1914 1907 1962 1948 et

170 1985 269 2030 vini
305 1985 557 2030 secundum
591 1985 840 2045 quamdam
864 1984 1183 2030 sanctissimae
1214 1998 1321 2029 suae
1356 1984 1660 2030 humanitatis
1683 1985 1961 2031 exinanitio-

171 2083 279 2113 nem
315 2082 337 2112 a
374 2067 689 2112 functionibus
720 2070 767 2112 et
801 2066 1058 2112 rationibus
1091 2067 1319 2112 existendi
1371 2067 1751 2112 connaturalibus
1783 2068 1838 2113 ad
1872 2072 1961 2113 sta·

171 2157 272 2197 tum
306 2151 394 2197 cibi
428 2155 474 2195 et
506 2156 655 2210 potus,
691 2151 824 2196 offert
856 2165 904 2195 se
937 2150 983 2194 in
1020 2165 1182 2195 verum
1217 2155 1264 2194 et
1298 2151 1533 2210 proprium
1563 2150 1840 2196 sacrificium
1866 2153 1897 2196 ¹.

293 2235 394 2280 689.
430 2238 641 2280 Iamvero
673 2235 850 2280 fructus
881 2233 1093 2279 sacrificii
1128 2234 1443 2279 Eucharistiae
1479 2233 1595 2279 alius
1626 2238 1695 2279 est
1723 2235 1963 2293 ¹qeneralis

172 2317 247 2362 vel
281 2317 682 2385 generalissimus,
717 2317 792 2376 qui
843 2316 1218 2362 communicatur
1267 2316 1482 2362 omnibus
1514 2316 1722 2362 fidelibus
1755 2332 1847 2362 non
1883 2332 1960 2362 ex·

169 2399 530 2446 communicatis
561 2404 608 2444 et
640 2414 734 2445 non
774 2400 1051 2458 ponentibus
1098 2400 1293 2445 obicem.
1350 2401 1472 2445 Alius
1521 2405 1590 2446 est
1635 2402 1850 2458 specialis
1869 2390 1961 2461 rqu‘i

171 2486 356 2536 tantum
390 2483 583 2528 obvenit
615 2483 702 2528 illis
736 2498 814 2542 pro
847 2483 1012 2543 quibus
1043 2484 1304 2540 specialiter
1335 2484 1557 2529 offertur:
1608 2484 1725 2530 alius
1767 2490 1837 2530 est
1869 2487 1961 2530 fru-

169 2570 274 2612 ctus
304 2567 663 2624 specialissimus
694 2566 770 2626 qui
804 2567 886 2612 soli
921 2566 1172 2612 celebranti
1208 2566 1414 2612 obvenit.
1460 2572 1598 2612 Porro
1631 2568 1960 2627 inquirendum

173 2650 221 2696 in
260 2650 419 2708 primis
450 2654 519 2696 est
549 2650 715 2710 quibus
746 2650 963 2709 applicari
1012 2650 1123 2695 illud
1155 2650 1310 2709 possit.
1364 2656 1574 2696 [amvero
1617 2651 1769 2696 offerri
1815 2656 1963 2710 potest

173 2747 255 2791 pro
287 2732 518 2788 omnibus,
543 2732 750 2791 exceptis
771 2732 826 2777 iis
849 2747 928 2791 pro
950 2733 1115 2792 quibus
1142 2732 1340 2778 Ecclesia
1374 2732 1526 2778 offerri
1551 2737 1706 2790 vetat;
1733 2736 1862 2778 vetat
1883 2747 1961 2778 au-

174 2819 269 2861 tem
303 2830 384 2875 pro
416 2815 833 2861 excommunicatis
868 2819 1049 2860 tantum
1074 2815 1105 2860 ².
1152 2816 1270 2878 Hinc
1304 2829 1384 2873 pro
1418 2815 1672 2861 viatoribus
1705 2815 1964 2861 infidelibus

295 2965 304 2984 ¹
334 2965 384 3002 Cf.
417 2965 535 3002 Tract.
562 2966 606 3002 de
631 2965 744 3002 Eucti.
773 2966 855 3003 Effii
882 2966 1108 3003 Famam.

295 3035 308 3054 ²
334 3036 469 3072 Bened.
497 3036 594 3080 XIV,
620 3036 744 3074 Consi.
770 3036 814 3072 In
839 3037 1022 3083 superiori
1050 3036 1093 3073 18
1119 3037 1240 3073 martii
1274 3036 1376 3081 1⁷55,
1403 3041 1417 3078 S
1443 3037 1499 3074 27.
