2176 3386
791 0 794 2 ·
851 0 964 18 “vr-2¹,
980 0 1012 15 ε.
1074 0 1090 6 ⁷
1155 0 1182 11 ὁ»
1244 0 1250 3 ·

758 165 888 195 Lmen
915 167 940 195 1.
975 166 1033 195 DE
1062 165 1257 195 cnssmcls
1425 208 1429 209 ⁷
1826 155 1904 195 179

119 273 414 320 confirmavit
437 274 468 318 ².
505 273 635 328 Quod
667 273 807 318 etiam
843 286 918 317 an.
949 272 1078 327 1845,
1114 276 1160 317 et
1188 272 1299 316 1844
1331 275 1378 316 et
1414 272 1541 327 1849,
1573 271 1901 318 confirmatum

119 360 188 402 est
218 361 264 401 et
296 356 579 401 declaratum
604 356 619 380 ²
653 360 704 400 ut
735 356 897 401 saltem
930 354 1135 414 quolibet
1165 354 1485 414 quinquennio
1516 355 1616 400 Vic.
1655 359 1807 413 Apost.
1844 355 1900 400 de

118 443 239 485 statu
261 453 449 490 suarum
475 439 746 485 missionum
769 439 1039 484 relationem
1064 438 1382 484 transmittere
1404 443 1640 483 tenentur.
1678 441 1763 483 An.
1792 453 1902 495 vero

15 517 25 524 ’
88 568 93 573 ,
122 522 225 567 1861
263 527 310 567 et
346 523 455 566 1877
491 524 532 567 S.
569 525 731 580 Congr.
773 526 816 567 P.
859 522 978 566 Fidei
1014 521 1369 566 instructionem
1402 521 1527 566 dedit
1558 536 1647 581 qua
1673 521 1902 581 quaestio-

119 619 198 651 nes
230 610 550 664 proponuntur
580 606 745 665 quibus
779 605 874 651 Vic.
905 608 1059 664 Apost.
1099 605 1145 649 in
1171 604 1392 649 relatione
1410 605 1467 650 ad
1490 606 1532 649 S.
1553 608 1716 662 Congr.
1754 609 1901 649 trans-

118 690 342 735 mittenda
377 690 652 748 respondere
685 690 856 734 debent
879 690 911 733 ³.

237 776 452 818 Attamen
490 773 657 819 vicarii
693 773 935 832 Apostolici
970 773 1173 833 quolibet
1195 787 1319 818 anno
1341 773 1397 817 ad
1421 775 1462 817 S.
1490 772 1899 830 Congregationem

120 860 245 915 Prop.
283 856 404 902 Fidei
439 858 698 915 catalogum
736 870 1085 912 conversorum,
1122 856 1459 915 baptizatorum
1496 860 1542 900 et
1586 860 1900 900 sacramento·

117 954 216 985 rum
250 954 366 999 quae
399 940 589 1000 quisque
625 941 669 984 in
705 953 785 985 sua
823 940 1037 985 Missione
1070 939 1467 985 administraverit
1490 939 1675 983 mittere
1707 938 1843 983 debet
1865 938 1898 995 ¹⁸,

115 1029 161 1070 et
192 1026 235 1068 in
271 1039 437 1082 genere
470 1024 673 1084 quolibet
709 1039 832 1069 anno
866 1026 906 1068 S.
943 1024 1355 1081 congregationem
1389 1021 1635 1067 certiorem
1671 1023 1821 1067 facere
1844 1022 1898 1067 de

117 1107 170 1152 iis
200 1122 316 1167 quae
352 1112 513 1152 notatu
548 1108 683 1166 digna
720 1107 764 1152 in
805 1107 1034 1152 Vicariatu
1069 1106 1313 1151 evenerint
1338 1107 1367 1150 ⁵.

235 1193 334 1237 254.
374 1192 571 1236 Ulterius
605 1191 693 1236 iam
730 1206 854 1236 anno
884 1192 993 1236 1764
1031 1194 1072 1235 S.
1110 1195 1247 1248 Cong.
1286 1195 1414 1248 Prop.
1454 1189 1574 1234 Fidei
1608 1188 1817 1233 decrevit
1852 1193 1901 1232 ut

117 1275 284 1333 Synodi
318 1276 417 1320 sive
452 1288 724 1332 congressus
758 1274 1095 1319 ecclesiasticae
1118 1273 1385 1331 disciplinae
1409 1272 1664 1317 servandae
1693 1271 1898 1331 apprime

116 1358 248 1403 utiles
270 1373 407 1418 quam
444 1358 817 1417 frequentissime
842 1358 1135 1411 haberentur,
1164 1357 1313 1416 ibique
1346 1356 1481 1400 dubia
1507 1361 1553 1400 et
1575 1360 1784 1400 caeterae
1813 1355 1898 1413 spi-

117 1440 300 1486 rituales
350 1440 647 1485 necessitates
685 1441 1022 1499 expendantur.
1081 1443 1176 1484 Imo
1221 1441 1263 1483 S.
1300 1438 1600 1497 Congregatio
1647 1437 1901 1483 declaravit

118 1523 226 1568 nulli
261 1537 481 1583 umquam
522 1523 659 1568 dubio
700 1537 1022 1582 responsuram
1056 1524 1176 1582 quod
1209 1523 1291 1568 sibi
1330 1522 1545 1581 privatim
1571 1522 1698 1567 lieret
1731 1537 1756 1567 a
1789 1536 1899 1581 quo·

116 1620 312 1666 cumque
350 1607 639 1652 missionario
663 1613 799 1652 antea
835 1607 920 1652 nisi
945 1607 1001 1652 ad
1035 1606 1242 1664 Synodos
1266 1607 1339 1650 vel
1362 1618 1634 1663 congressus
1661 1606 1715 1650 de
1738 1605 1901 1665 quibus

116 1690 264 1748 agitur
296 1690 435 1734 suerit
458 1692 646 1735 allatum
675 1692 746 1735 vel
772 1691 934 1735 saltem
969 1690 1138 1748 scripto
1161 1690 1463 1747 adprobatum
1490 1689 1769 1734 vicariorum
1795 1704 1898 1747 apo-

116 1774 379 1819 stolicorum
402 1775 500 1819 sive
524 1775 663 1819 etiam
698 1774 1023 1820 Coadiutorum
1051 1772 1326 1818 auctoritate
1350 1773 1426 1816 ubi
1450 1772 1614 1830 synodi
1639 1772 1899 1831 praedictae

117 1857 265 1917 aliquo
308 1858 626 1908 intercedente
661 1859 895 1903 obstaculo
930 1858 1096 1902 babere
1132 1871 1221 1902 non
1259 1862 1472 1915 poterant
1494 1859 1525 1901 ⁶.
1571 1863 1693 1903 Haec
1727 1872 1896 1903 convo·

117 1943 248 1987 candi
269 1944 475 2000 Synodos
509 1942 724 2000 obligatio
759 1957 882 1987 anno
920 1942 1030 1986 1845
1064 1947 1109 1985 et
1142 1956 1266 1986 anno
1303 1942 1413 1987 1869
1448 1942 1719 1987 confirmata
1757 1943 1841 1987 fuit
1865 1945 1895 1987 ⁷.

237 2027 337 2071 255.
359 2030 548 2084 Insuper
566 2031 616 2070 ut
634 2026 836 2070 studium
861 2025 1098 2070 doctrinae
1117 2025 1302 2070 moralis
1322 2026 1535 2070 foveatur
1557 2039 1610 2070 ac
1628 2025 1899 2084 opinionum

116 2109 385 2154 difformitas
416 2114 644 2168 quantum
680 2109 888 2167 possibile
931 2114 1000 2153 est
1038 2114 1311 2154 amoveatur
1356 2110 1582 2167 optimum
1627 2109 1715 2153 erit
1752 2109 1898 2153 consi-

116 2192 242 2248 lium,
278 2193 342 2238 ait
375 2195 415 2238 S.
455 2192 772 2250 Congregatio,
810 2197 860 2236 ut
893 2192 1160 2238 collationes
1182 2193 1237 2236 ad
1272 2205 1403 2236 casus
1429 2193 1625 2237 morales
1651 2192 1898 2237 discutien-

115 2276 193 2321 dos
224 2291 277 2321 ac
310 2276 615 2321 absolvendos
648 2276 994 2322 constituantur
1015 2278 1046 2320 ⁸.

234 2360 334 2405 256.
359 2359 525 2404 vicarii
550 2359 787 2418 apostolici
813 2359 999 2404 missam
1025 2373 1104 2418 pro
1129 2359 1293 2418 populo
1311 2360 1541 2404 celebrare
1561 2373 1653 2404 non
1676 2364 1897 2404 tenentur

235 2529 242 2547 ¹
273 2527 420 2565 Collect.
448 2538 484 2564 n.
509 2528 567 2564 97.

234 2600 246 2618 ²
273 2599 420 2636 Collect.
448 2609 511 2635 nn.
538 2598 595 2641 98,
621 2599 677 2641 99,
707 2599 787 2642 101,
815 2599 894 2636 105.

232 2670 244 2689 ³
272 2670 362 2707 Coll.
389 2680 424 2706 n.
455 2669 522 2706 104
549 2675 586 2706 et
614 2669 692 2706 109.

231 2739 245 2759 ⁸
268 2740 415 2777 Collect.
442 2750 478 2776 n.
504 2740 559 2776 88.

234 2811 247 2830 ⁶
273 2811 421 2848 Collect.
448 2821 484 2848 n.
511 2811 568 2848 88.

234 2882 247 2902 ‘
273 2883 420 2920 Collect.
447 2893 483 2919 n.
509 2882 567 2919 91.

233 2954 246 2974 ⁷
272 2955 419 2992 Collect.
446 2965 481 2992 n.
510 2954 578 2992 100
604 2959 639 2991 et
667 2955 746 2993 108.

233 3024 247 3045 ⁸
273 3025 421 3063 Collect.
449 3035 485 3062 n.
512 3026 591 3062 108.
