2176 3386
262 221 344 262 208
906 236 1016 266 PARS
1046 237 1069 265 1.
1106 237 1161 265 DE
1188 237 1402 267 PEnsorns

262 341 482 386 delictum
518 356 610 387 non
645 342 786 399 possit
819 342 865 387 in
900 343 997 388 foro
1030 348 1225 389 externo
1257 346 1589 392 concludenter
1614 347 1807 406 probari,
1832 353 1912 393 aut
1934 348 2042 394 illud

265 438 358 469 non
391 426 606 484 expediat
641 426 686 470 in
721 426 914 471 aliorum
950 427 1165 472 notitiam
1199 428 1438 473 deducere.

741 569 758 615 ξ
785 572 817 605 4.
844 591 890 593 —
915 570 974 606 De
996 573 1192 616 potestate
1229 570 1566 607 administrativa.

384 675 484 720 267.
513 680 656 720 Penes
683 675 951 734 Episcopum
976 680 1044 719 est
1068 690 1175 720 cura
1200 681 1245 720 et
1267 676 1394 735 quasi
1421 677 1559 721 tutela
1583 677 1809 722 bonorum
1833 678 2042 724 ecclesia-

265 758 501 803 sticorum.
554 758 671 803 Hinc
714 759 847 802 debet
879 758 972 816 ipse
1006 773 1084 816 pro
1118 760 1269 816 legum
1303 759 1511 804 civilium
1550 760 1818 805 diversitate
1857 760 2043 805 modum

264 841 574 886 determinare
607 844 754 901 quoad
791 843 1006 886 tutiorem
1042 843 1444 886 conservationem
1480 846 1527 886 et
1562 842 1955 887 transmissionem
1988 843 2042 887 ad

263 936 548 973 successores
583 926 806 969 bonorum
841 907 1277 979 ecclesiasticorum,
1313 930 1631 984 statutumque
1658 927 1840 970 modum
1865 927 1920 970 ad
1946 941 2040 984 pra-

266 1007 362 1051 xim
397 1008 636 1052 deducere.

357 1092 678 1148 Episcoporum
715 1091 915 1135 ollicium
951 1097 1036 1145 est,
1073 1091 1255 1150 quando
1294 1091 1517 1136 Ecclesiae
1560 1104 1667 1135 suae
1714 1091 2042 1149 possessionem

265 1175 602 1231 ingrediuntur,
638 1179 906 1218 accuratum
941 1173 1256 1218 inventarium
1292 1174 1355 1217 ita
1388 1174 1613 1219 conticere
1644 1174 1868 1219 bonorum
1898 1176 2044 1219 Eccle-

264 1258 374 1315 siae,
410 1263 461 1302 ut
494 1273 545 1302 ea
581 1262 885 1303 secernantur
917 1272 941 1302 a
987 1257 1116 1302 bonis
1162 1257 1483 1314 Episcoporum
1530 1257 1735 1315 propriis.
1792 1257 2045 1314 Expediens

264 1343 403 1387 etiam
438 1341 524 1386 erit
558 1343 592 1386 si
630 1347 973 1400 procuratorem
1008 1355 1153 1385 unum
1191 1341 1282 1397 (vel
1317 1342 1480 1397 plures)
1519 1341 1937 1395 constituat‚cuius
1959 1340 2057 1398 erit·

264 1427 426 1470 domus
459 1424 726 1484 episcopalis
750 1424 794 1468 in
819 1423 1143 1482 temporalibus
1165 1422 1612 1467 administrationem
1639 1422 1802 1466 babere
1824 1437 1881 1466 ex
1907 1423 2046 1479 ipsius

268 1509 474 1566 Episcopi
510 1507 738 1552 sententia
761 1496 818 1552 ¹et
850 1507 1056 1562 arbitrio,
1093 1520 1249 1550 curam
1286 1520 1442 1562 gerere
1467 1506 1725 1549 reddituum
1751 1511 1797 1550 et
1819 1507 2044 1551 bonorum

263 1592 318 1636 ad
354 1592 502 1650 ipsum
538 1590 903 1648 pertinentium,
939 1590 1180 1649 eidemque
1219 1590 1349 1634 statis
1396 1590 1673 1648 temporibus
1720 1590 1927 1634 omnium
1962 1590 2045 1634 sibi

264 1674 616 1718 commissorum
650 1674 904 1717 districtam
940 1673 1127 1717 reddere
1162 1674 1404 1728 rationem,
1444 1679 1492 1717 ut
1525 1687 1615 1717 non
1654 1673 1786 1717 modo
1821 1674 1891 1717 illa
1920 1673 2046 1717 dissi-

266 1758 358 1815 pari
396 1772 487 1801 non
522 1757 659 1813 sinat,
696 1758 771 1801 sed
806 1757 936 1801 testis
970 1756 1028 1801 sit
1062 1762 1213 1801 rectae
1247 1756 1659 1801 administrationis
1682 1762 1727 1800 et
1750 1756 2045 1814 dispensatio·

265 1841 350 1885 nis.
388 1850 512 1895 Quae
545 1842 728 1900 quidem
764 1855 817 1885 eo
851 1845 1076 1899 spectant,
1114 1846 1164 1885 ut
1198 1855 1289 1885 non
1323 1841 1468 1885 solum
1504 1841 1728 1885 bonorum
1774 1840 2044 1885 ecelesiasti-

264 1938 423 1968 corum
457 1924 846 1969 administrationi
893 1925 1176 1980 consulatur,
1214 1938 1376 1968 verum
1412 1924 1549 1968 etiam
1586 1929 1636 1968 ut
1668 1916 1913 1968 studiosius
1948 1923 2046 1982 Epi-

264 2007 387 2066 scopi
422 2007 732 2065 spiritualibus
765 2007 937 2061 officiis,
975 2021 1092 2066 quae
1125 2007 1392 2065 episcopalis
1442 2007 1645 2051 muneris
1696 2007 1872 2065 propria
1920 2011 2043 2061 sunt,

264 2095 361 2135 toto
395 2091 550 2135 animo
588 2095 770 2135 vacent.

353 2177 565 2217 Ceterum
600 2172 644 2217 in
678 2174 1080 2217 administratione
1103 2175 1299 2230 gerenda
1327 2175 1558 2218 Praesules
1580 2187 1765 2218 Servare
1787 2173 1955 2217 debent
1978 2172 2047 2217 ius

264 2269 513 2299 commune
548 2255 667 2299 circa
701 2270 751 2299 ea
786 2270 901 2315 quae
937 2256 1032 2300 lieri
1066 2256 1234 2300 debent
1273 2270 1376 2300 cum
1422 2257 1612 2301 consilio
1661 2258 1733 2301 vel
1785 2271 1890 2301 cum
1940 2269 2046 2300 con-

264 2353 401 2384 sensu
434 2341 626 2398 Capituli
661 2354 739 2385 seu
773 2343 1113 2397 Consultorum,
1149 2341 1224 2400 qui
1260 2342 1357 2386 loeo
1390 2342 1582 2399 Capituli
1607 2347 1731 2393 sunt,
1759 2341 2046 2400 potissimum

264 2425 413 2482 quoad
438 2423 729 2468 venditiones
761 2429 807 2468 et
840 2424 1123 2482 hypothecas
1155 2425 1209 2468 de
1243 2424 1407 2483 quibus
1450 2439 1555 2468 mox
1598 2424 1852 2483 loquemur.
1892 2428 2047 2482 Neque

266 2507 514 2566 Episcopis‚
551 2521 694 2566 eoque
730 2506 882 2550 minus
915 2507 1128 2552 Parochis
1161 2511 1239 2550 aut
1271 2507 1370 2550 aliis
1407 2507 1516 2551 viris
1538 2507 1858 2552 ecclesiasticis
1881 2509 1948 2551 fas
1980 2512 2049 2551 est

266 2604 449 2635 mensas
481 2589 765 2648 argentarias
798 2596 971 2634 tenere.
1008 2590 1163 2644 Quoad
1188 2590 1636 2635 administrationem
1661 2590 1706 2634 in
1731 2589 1919 2648 singulis
1942 2589 2046 2634 mis-

265 2674 487 2729 sionibus,
525 2674 660 2718 libros
694 2674 944 2728 rationum,
982 2673 1214 2730 inscriptis
1249 2672 1390 2717 titulis
1423 2671 1590 2717 activis
1612 2671 1729 2717 aeris
1752 2671 1981 2716 missionis
2003 2676 2048 2716 et

266 2771 456 2815 operum
492 2757 686 2815 piorum,
725 2770 808 2800 nec
844 2770 936 2801 non
971 2756 1108 2800 libros
1139 2755 1231 2799 dati
1258 2761 1302 2801 et
1324 2755 1498 2813 accepti
1533 2769 1690 2799 earum
1731 2758 1944 2799 Rectores
1975 2766 2047 2798 ac-

266 2845 425 2885 curate
458 2844 661 2885 servent.
707 2839 761 2884 Hi
796 2844 950 2883 autem
997 2838 1094 2883 libri
1139 2840 1469 2882 examinentur
1509 2843 1555 2882 et
1598 2837 1848 2896 probentur
1878 2851 1902 2881 a
1938 2835 2048 2881 viris

266 2926 323 2970 ab
358 2926 577 2985 Episcopo
610 2924 874 2981 designatis,
910 2928 956 2968 et
992 2929 1256 2982 prospectus
1289 2922 1538 2978 rationum,
1574 2923 1630 2967 ab
1652 2922 1811 2966 iisdem
1846 2922 1957 2966 viris
1982 2925 2048 2965 at-

265 3022 354 3068 que
387 3022 411 3052 a
450 3012 641 3052 Rectore
673 3007 956 3065 obsignatus,
991 3007 1110 3064 apud
1143 3005 1318 3050 curiam
1353 2987 1633 3050 asservetur.
1685 3006 1928 3064 Episcopus
1976 3003 2048 3048 vel

266 3090 355 3136 viri
387 3091 444 3135 ab
479 3092 696 3149 Episcopo
728 3089 952 3148 designati
985 3089 1175 3146 exigant
1202 3088 1452 3147 quotannis
1483 3083 1895 3132 administrationis
1915 3085 2048 3130 ratio-
