2176 3386
255 182 306 220 a}

896 191 1004 220 PARS
1034 192 1058 219 1.
1094 191 1150 219 DE
1181 191 1392 220 PERSONIS

377 318 396 338 a
417 302 530 343 Cum
552 298 608 342 ad
630 297 875 355 Religionis
898 298 1241 342 incrementum
1261 296 1308 341 in
1329 295 1572 342 foederatis
1590 297 1826 342 Americae
1847 300 2033 357 Septen-

255 382 463 426 trionalis
495 383 688 427 statibus
723 382 1062 440 procurandum
1100 382 1145 425 in
1181 381 1340 440 primis
1372 382 1598 436 conferat,
1634 385 1685 425 ut
1711 382 2033 440 Episcoporum

261 464 543 510 Dioecesium
586 466 644 510 ibi
689 470 969 510 statutarum
1015 464 1255 509 electionis
1298 464 1622 523 gravissimum
1669 465 1904 522 negotium
1948 465 2035 510 rite

256 554 506 608 sancteque
538 549 819 602 absolvatur;
857 551 897 592 S.
934 551 980 592 C.
1018 548 1073 592 de
1107 548 1403 606 Propaganda
1437 547 1544 592 Fide
1567 548 1698 592 valde
1726 551 2034 605 opportunum

257 645 354 676 esse
387 632 442 676 ad
476 632 562 685 hoc
594 631 970 690 consequendum
1006 630 1301 686 existimans,
1337 635 1388 675 ut
1421 635 1544 676 certa
1587 630 1828 676 methodus
1869 630 2035 689 ubique

258 715 303 759 in
339 716 424 760 illis
451 716 738 761 Dioecesibus
770 714 997 759 servanda
1022 717 1270 768 statuatur,
1298 727 1386 773 qua
1420 713 1515 769 fiat,
1542 717 1591 758 ut
1623 716 1757 758 Sedes
1781 711 2036 771 Apostolica

257 802 542 857 exploratam
578 799 790 844 notitiam
825 798 992 842 habere
1028 796 1167 855 possit
1201 797 1473 842 meritorum
1507 796 1795 841 sacerdotum
1831 810 1911 854 pro
1939 793 2035 854 qui·

258 884 341 929 bus
373 883 800 930 commendationes
821 882 1095 936 afferuntur,
1122 880 1168 924 in
1202 880 1402 938 generali
1436 885 1671 924 conventu
1705 878 1776 922 die
1809 878 1859 922 18
1885 876 2036 923 Martii

258 981 380 1012 anno
419 968 529 1012 1854
563 966 732 1021 babito,
768 970 815 1010 et
848 966 1076 1009 referente
1113 964 1222 1008 liiiio
1254 969 1300 1008 et
1336 965 1447 1008 Rtiio
1486 968 1532 1008 t).
1562 967 1591 1007 l.
1622 962 1819 1007 Antonio
1844 964 2036 1006 Sanctae

261 1055 311 1095 R,
351 1055 395 1095 E.
434 1050 658 1096 Cardinali
694 1049 810 1104 Sala,
846 1049 1027 1094 censuit
1060 1063 1112 1093 ac
1146 1048 1399 1093 declaravit
1433 1048 1478 1091 in
1513 1060 1564 1091 ea
1599 1060 1646 1090 re
1680 1059 1775 1089 esse
1810 1044 2037 1089 servanda

257 1149 374 1194 quae
407 1139 678 1194 sequuntur.

381 1239 399 1259 a
427 1222 538 1263 Cum
572 1218 723 1276 aliqua
759 1217 893 1261 Sedes
928 1216 1204 1274 Episcopalis
1231 1215 1468 1260 vacaverit
1492 1216 1816 1275 requirendum
1846 1221 1914 1261 est
1940 1216 2036 1275 Epi-

258 1317 499 1361 scoporum
533 1301 741 1345 omnium
778 1299 1044 1358 provinciae
1077 1299 1415 1343 ecclesiasticae
1448 1299 1715 1356 suffragium
1748 1300 1802 1344 de
1832 1299 2038 1344 sacerdo-

258 1388 379 1431 tibus
411 1386 617 1444 singulis,
652 1385 727 1444 qui
763 1384 862 1428 Sedi
898 1384 1183 1441 Apostolicae
1217 1382 1573 1427 commendandi
1598 1395 1695 1426 esse
1723 1382 1936 1427 videntur
1958 1396 2038 1440 pro

261 1485 380 1515 nova
419 1470 623 1528 Episcopi
658 1468 899 1513 electione.
937 1466 1164 1521 Quoniam
1202 1481 1311 1510 vero
1346 1466 1388 1510 id
1431 1465 1478 1509 in
1521 1465 1723 1510 Concilio
1768 1464 2036 1523 provinciali

260 1554 476 1599 facillime
509 1559 554 1597 et
586 1557 800 1596 accurate
835 1551 928 1595 lieri
967 1555 1130 1607 potest,
1169 1549 1202 1593 si
1232 1550 1351 1593 intra
1377 1554 1468 1594 tres
1496 1561 1677 1593 menses
1700 1548 1757 1591 ab
1779 1548 1904 1591 obitu
1943 1547 2037 1604 Epi-

260 1638 383 1697 scopi
407 1637 659 1682 Concilium
696 1635 976 1692 provinciale
1009 1633 1272 1678 habendum
1298 1638 1382 1685 est,
1412 1631 1699 1690 expectanda
1732 1630 1819 1675 erit
1851 1628 2038 1674 Concilii

260 1722 505 1768 celebratio
539 1726 788 1780 antequam
819 1720 871 1764 ad
909 1718 1303 1764 commendandos
1340 1716 1623 1782 sacerdotes,
1658 1714 1731 1773 qui
1771 1713 2038 1771 Episcopatu

260 1806 383 1864 digni
409 1809 673 1859 censentur,
700 1805 755 1848 ad
785 1807 824 1848 S.
852 1802 1261 1861 Congregationem
1286 1801 1525 1845 scribatur.
1567 1803 1613 1843 ln
1649 1797 1849 1842 Concilio
1882 1801 2036 1841 autem

261 1891 437 1935 collatis
460 1890 580 1934 inter
613 1903 659 1932 se
693 1887 937 1932 sententiis
964 1885 1167 1944 Episcopi
1193 1889 1415 1937 statuant,
1441 1896 1554 1942 quos
1587 1881 1846 1926 sacerdotes
1870 1881 1909 1923 S.
1939 1879 2036 1923 Sedi

262 1973 590 2019 commendent
635 1985 741 2015 were
784 1969 1000 2024 idoneos,
1036 1974 1082 2012 et
1125 1969 1179 2012 de
1226 1967 1421 2012 Ecclesia
1457 1963 1764 2010 benemeritos
1795 1962 1869 2021 qui
1905 1962 2040 2005 Sedes

266 2061 483 2101 vacantes
514 2055 780 2109 obtineant,
819 2054 891 2098 vel
923 2053 1200 2098 coadiutoris
1242 2051 1442 2096 officium
1486 2049 1737 2107 suscipiant
1780 2047 1897 2092 illius
1942 2046 2039 2104 Epi-

263 2140 383 2198 scopi
418 2139 492 2198 qui
529 2138 701 2182 anxilio
734 2136 1011 2181 coadiutoris
1044 2135 1248 2193 indigere
1281 2139 1537 2179 censeatur.

385 2243 402 2262 α
430 2223 556 2276 Quod
591 2225 768 2280 spectat
802 2234 911 2264 vero
943 2220 998 2264 ad
1031 2232 1163 2264 casus
1195 2218 1376 2277 quibus,
1411 2221 1542 2272 prout
1574 2215 1782 2273 superius
1814 2218 2038 2258 statutum

262 2317 346 2365 est,
382 2309 569 2355 Concilii
605 2306 899 2366 provincialis
931 2304 1177 2350 celebratio
1210 2317 1302 2348 non
1339 2303 1398 2347 ita
1445 2301 1649 2360 proxima
1691 2300 1774 2355 sit,
1812 2314 1868 2344 ne
1908 2299 2042 2343 Sedes

267 2393 541 2453 Episcopalis
572 2392 722 2450 aliqua
756 2390 831 2434 (liu
869 2395 1024 2445 vacet,
1063 2390 1259 2447 primum
1298 2389 1382 2431 hoc
1421 2399 1697 2444 magnopere
1730 2388 2038 2442 opportunum

264 2479 386 2522 factu
421 2481 506 2531 est,
544 2481 593 2518 ut
629 2473 794 2531 singuli
833 2473 1036 2531 Episcopi
1072 2471 1249 2516 litteras
1282 2452 1581 2527 subscriptas,
1617 2473 1663 2512 et
1695 2467 1838 2525 sigillo
1871 2464 2038 2524 duplici

267 2562 469 2606 munitas
511 2558 723 2615 exemplo
770 2558 886 2616 apud
930 2570 977 2601 se
1020 2555 1222 2599 habeant
1262 2553 1426 2613 quibus
1478 2552 1808 2596 contineantur
1851 2548 2040 2594 nomina

263 2644 405 2689 trium
438 2645 601 2689 saltem
640 2642 930 2687 sacerdotum
970 2653 1083 2699 quos
1127 2638 1313 2683 idoneos
1361 2636 1645 2681 arbitrentur
1683 2634 1737 2678 ad
1791 2630 2038 2676 Dioecesim

265 2729 528 2787 regendam3
566 2728 650 2772 hae
682 2731 836 2771 autem
873 2724 1053 2768 litterae
1087 2723 1149 2767 ita
1182 2722 1388 2767 exterius
1420 2717 1648 2777 obsignari
1680 2717 1864 2771 debent,
1891 2721 1942 2760 ut
1964 2715 2038 2760 ad-

264 2813 484 2858 veniente
522 2809 723 2869 Episcopi
761 2813 906 2853 morte
941 2807 1122 2851 Vicario
1155 2803 1356 2864 generali
1392 2802 1639 2848 tradendae
1662 2814 1759 2844 e÷se
1783 2798 2040 2855 intelligan-

263 2900 354 2942 tur:
394 2895 601 2940 Vicarius
635 2908 744 2937 vero
777 2891 1000 2950 generalis
1032 2891 1229 2934 alterum
1270 2902 1429 2933 earum
1477 2884 1732 2931 litterarum
1775 2882 2038 2939 exemplum

265 2981 320 3025 ad
361 2978 785 3037 ¹archiepiscopum,
820 2975 1016 3019 alterum
1060 2973 1115 3018 ad
1165 2970 1563 3031 propinquiorem,
1602 2968 1672 3012 vel
1712 2967 1767 3011 ad
1811 2965 2037 3010 seniorem

265 3064 440 3109 duobus
475 3060 704 3121 Episcopis
739 3056 1139 3118 propinquioiibus
1171 3055 1470 3099 deferendum
1504 3056 1649 3097 curet.
1689 3054 1749 3095 Eo
1782 3048 2038 3093 litterarum
