2176 3386
502 229 629 259 LIBER
659 229 682 257 1.
718 229 775 258 DE
806 227 943 258 REBUS
972 226 1208 257 ECCLEStAE
1236 228 1563 258 SPIRITUALIBUS
1871 217 1920 258 51

261 335 364 382 698.
402 339 539 382 Porro
570 335 836 391 necessitas,
861 349 979 396 quae
1000 334 1166 381 unicus
1192 336 1350 380 titulus
1381 339 1452 380 est
1483 338 1541 380 ob
1557 349 1698 395 quem
1729 335 1923 380 facultas

139 421 252 465 have
285 418 576 476 conceditur,
612 419 893 465 desumenda
926 433 1021 464 non
1052 424 1123 464 est
1154 433 1210 464 ex
1248 424 1374 478 parte
1408 419 1588 478 inopiae
1610 418 1919 475 sacerdotum,

138 502 213 547 sed
247 516 304 547 ex
341 507 467 560 parte
492 502 778 547 necessitatis
803 501 1050 561 spiritualis
1074 502 1222 561 populi
1248 507 1295 546 et
1316 517 1373 547 ex
1398 501 1586 546 raritate
1609 502 1918 547 sacerdotum.

139 585 256 630 ltine
290 585 486 630 infertur
518 599 609 630 non
647 590 769 631 recte
791 585 965 631 sentire
995 585 1072 646 qui
1105 585 1279 631 diceret
1315 587 1352 643 1)
1381 598 1510 644 posse
1546 586 1731 630 missam
1765 585 1920 630 iterari

137 665 297 710 diebus
329 666 458 711 festis
488 665 764 725 suppressis;
800 667 842 722 2)
869 666 1026 711 iterari
1062 666 1248 711 missam
1283 679 1411 724 posse
1447 666 1491 710 in
1525 680 1684 711 eorum
1719 680 1922 710 commo-

138 747 275 803 dum,
309 747 386 807 qui
437 752 678 806 praecepto
725 747 989 794 satisfacere
1023 748 1196 793 vellent
1234 748 1279 793 in
1314 748 1407 792 suis
1445 749 1638 807 privatis
1670 747 1912 804 oratoriis;

139 832 181 888 5)
218 830 598 876 consuetudinem
648 845 745 876 esse
796 832 980 877 titulum
1032 833 1336 877 sufficientem
1387 833 1548 877 eodem
1590 833 1662 877 die
1696 831 1917 889 binandi;

241 1035 254 1053 «
273 1022 428 1066 Quando
455 1023 625 1059 sacerdos
651 1024 779 1058 eadem
805 1023 864 1059 die
891 1023 982 1060 duas
1009 1024 1141 1060 Missas
1167 1024 1305 1060 dissitis
1333 1024 1370 1060 in
1396 1023 1488 1061 locis
1515 1023 1701 1069 celebrare
1727 1024 1857 1067 debet,
1885 1025 1922 1060 in

140 1095 258 1140 prima
283 1093 371 1131 dum
398 1094 564 1132 divinum
591 1095 818 1140 Sanguinem
845 1096 976 1140 sumit,
1003 1106 1087 1132 eum
1122 1096 1406 1141 diligentissime
1434 1096 1590 1132 sorbeat.
1629 1095 1771 1132 Exinde
1811 1105 1923 1142 super

137 1165 328 1211 corporale
356 1170 468 1211 ponat
492 1166 643 1203 calicem
672 1171 706 1203 et
733 1167 830 1212 palla
856 1171 966 1213 tegat,
993 1177 1036 1204 ac
1064 1168 1197 1204 iunctis
1237 1167 1407 1204 manibus
1434 1169 1472 1204 in
1499 1168 1619 1204 medio
1647 1167 1763 1203 Altari
1802 1167 1919 1204 dicat:

141 1238 243 1281 Quod
268 1249 330 1275 cre
354 1240 577 1285 sumpsimus
602 1245 672 1276 etc.
700 1243 731 1275 et
761 1239 918 1276 subinde
949 1240 1096 1276 admoto
1129 1250 1246 1285 aquae
1274 1240 1424 1276 vasculo
1463 1240 1598 1285 digitos
1639 1239 1733 1276 lavet
1772 1239 1920 1276 dicens:

141 1311 282 1357 Corpus
307 1314 413 1348 tuum
438 1317 472 1348 et
498 1311 697 1357 abstergat.
725 1312 790 1348 His
817 1313 975 1357 peractis
1002 1311 1174 1356 Calicem,
1202 1322 1312 1358 super
1338 1312 1527 1357 corporale
1555 1317 1765 1348 manentem
1789 1311 1920 1354 adhuc,

138 1383 295 1419 deducta
332 1382 427 1428 palla
453 1383 640 1428 cooperiat
678 1394 744 1420 ceu
783 1393 863 1420 mos
895 1388 967 1425 est,
995 1383 1134 1419 scilicet
1170 1383 1327 1429 primum
1357 1382 1600 1427 purificatoris
1627 1383 1762 1425 linteo,
1788 1382 1921 1419 deinde

139 1458 272 1500 patena
296 1464 340 1490 ac
367 1454 472 1500 palla,
501 1458 534 1490 et
561 1455 709 1490 demum
728 1454 821 1492 velo.
847 1455 934 1491 Post
954 1454 1045 1491 haec
1076 1455 1222 1490 Missam
1252 1458 1506 1500 prosequatur,
1526 1458 1560 1490 et
1579 1453 1763 1498 completo
1791 1454 1920 1490 ultimo

138 1525 353 1570 Evangelio,
379 1535 506 1562 rursus
532 1530 602 1561 stet
629 1526 666 1561 in
687 1526 807 1562 medio
827 1526 974 1568 Altaris‚
996 1531 1031 1561 et
1049 1526 1192 1561 detecto
1220 1525 1353 1568 Calice,
1376 1526 1545 1571 inspiciat
1572 1534 1620 1560 an
1640 1524 1780 1570 aliquid
1806 1525 1919 1561 divini

140 1597 339 1641 Sanguinis
367 1606 434 1632 nec
462 1607 507 1632 ne
534 1598 578 1632 ad
607 1598 720 1632 imum
747 1606 788 1634 se
814 1597 1003 1638 recedet-it,
1024 1598 1121 1642 quod
1143 1598 1358 1643 plerumque
1386 1597 1587 1642 continget.
1616 1596 1795 1639 Quamvis
1822 1596 1920 1632 enim

139 1677 265 1704 sacrae
292 1669 435 1714 species
463 1669 621 1714 primum
648 1668 776 1705 sedulo
803 1673 950 1714 sorptae
978 1669 1062 1712 sint,
1091 1675 1214 1705 tamen
1241 1669 1328 1705 dum
1355 1674 1563 1712 sumuntur,
1590 1677 1675 1704 eum
1709 1667 1921 1714 particulae,

140 1749 234 1785 quae
253 1739 392 1776 circ-um
411 1744 508 1782 sunt,
528 1740 773 1786 undequaque
799 1750 945 1777 sursum
961 1740 1187 1782 deserantur,
1208 1751 1282 1776 non
1310 1741 1379 1777 nisi
1399 1740 1566 1786 deposito
1586 1739 1707 1776 Calice
1734 1740 1779 1775 ad
1807 1740 1920 1776 imum

141 1813 308 1848 redeunt.
351 1812 387 1848 Si
415 1813 537 1858 itaque
575 1812 688 1849 divini
729 1813 927 1858 Sanguinis
954 1818 1055 1858 gutta
1096 1813 1275 1858 quaedam
1303 1814 1463 1859 supersit
1488 1813 1631 1855 adhuc,
1657 1822 1700 1848 ea
1727 1822 1853 1848 rursus
1879 1822 1922 1848 ac

139 1883 336 1927 diligenter
361 1885 562 1927 sorbeatur,
582 1891 615 1922 et
642 1886 790 1931 quidem
818 1896 862 1922 ex
890 1886 1017 1922 eadem
1042 1890 1140 1931 parte
1167 1895 1238 1931 qua
1259 1885 1318 1922 ille
1340 1886 1496 1931 primum
1525 1889 1695 1931 sumptus
1724 1889 1788 1921 est.
1817 1886 1920 1929 Quod

139 1955 342 1992 nullimode
370 1956 614 1993 omittendum
642 1961 719 1998 est,
746 1957 834 2002 quia
860 1957 1089 1994 Sacrificium
1126 1957 1313 1994 moraliter
1352 1958 1480 1999 durat,
1508 1961 1541 1992 et
1569 1966 1681 2002 super
1706 1956 1922 1994 extantibus

139 2026 259 2063 adbuc
287 2027 358 2063 vini
387 2028 581 2072 speciebus
608 2039 652 2064 ex
679 2029 806 2065 divino
833 2033 1030 2075 praecepto
1056 2029 1232 2074 compleri
1260 2029 1380 2066 debet.

242 2111 255 2129 ‹
274 2098 513 2136 Postmodum
540 2100 712 2136 sacerdos
753 2100 790 2135 in
829 2101 948 2146 ipsum
976 2100 1135 2137 Calicem
1166 2105 1303 2137 tantum
1332 2101 1462 2136 saltem
1488 2110 1606 2145 aquae
1635 2101 1779 2143 tundat,
1806 2109 1923 2145 quan-

141 2172 217 2204 tum
245 2170 344 2212 prius
371 2170 445 2206 vini
473 2175 655 2216 posuerat,
682 2180 840 2217 eamque
867 2171 1127 2208 circumactam
1154 2183 1198 2208 ex
1226 2172 1354 2207 ‹fatti-iii
1385 2176 1496 2217 parte,
1523 2181 1596 2217 qua
1622 2171 1849 2217 Sanguinem
1868 2172 1922 2208 bi-

141 2239 243 2276 berat
270 2241 307 2276 in
334 2245 498 2286 paratum
528 2251 590 2279 vas
616 2242 784 2279 dimittat.
811 2243 970 2280 Calicem
999 2243 1156 2280 subinde
1183 2244 1261 2289 ipse
1290 2244 1542 2279 purificatorio
1570 2243 1683 2279 linteo
1722 2243 1922 2289 abstergat,

140 2320 183 2347 ac
209 2311 357 2348 demum
384 2314 582 2358 cooperiat,
603 2314 655 2349 uti
682 2313 774 2350 alias
801 2314 838 2350 fit
864 2318 974 2360 atque
1000 2314 1047 2350 ab
1066 2315 1168 2350 altari
1196 2314 1371 2351 discedat.
1402 2315 1583 2360 Depositis
1603 2314 1769 2351 vestibus
1796 2315 1922 2357 sacris,

141 2387 176 2418 et
202 2384 402 2428 gratiarum
428 2384 573 2420 actione
600 2385 794 2430 completa,
821 2395 917 2432 aqua
942 2396 961 2422 e
989 2386 1109 2423 Calice
1136 2386 1297 2423 demissa
1335 2396 1399 2430 pro
1427 2388 1545 2422 rerum
1581 2386 1764 2423 adiunctis
1792 2385 1849 2422 vel
1877 2385 1922 2422 ad

140 2451 237 2488 diem
264 2453 462 2490 crastinum
492 2458 657 2491 servetur
694 2455 737 2501 (si
771 2465 904 2501 nempe
931 2466 974 2492 eo
1002 2466 1127 2492 rursus
1164 2457 1335 2492 sacerdos
1374 2456 1496 2492 redeat
1523 2457 1674 2493 Missam
1714 2457 1922 2502 habiturus)

141 2527 176 2558 et
204 2523 240 2559 in
265 2523 430 2561 secunda
456 2525 709 2570 purificatione
738 2527 775 2562 in
800 2527 958 2564 Calicem
987 2528 1212 2570 demittatur,
1238 2528 1294 2564 vel
1321 2528 1486 2573 gossipio
1514 2533 1576 2564 aut
1603 2533 1710 2573 stupa
1748 2528 1922 2574 absorpta

142 2595 390 2635 comburatur,
410 2596 465 2632 vet
493 2597 531 2633 in
548 2596 715 2634 Sacrario
734 2598 763 2634 si
783 2599 829 2634 sit
846 2599 1068 2636 exsiccanda
1094 2601 1332 2646 relinquatur,
1352 2600 1408 2636 vel
1427 2600 1639 2637 demittatur
1667 2600 1702 2635 in
1730 2601 1922 2644 piscinam.

268 2680 282 2698 ι
299 2667 392 2705 Cum
419 2674 543 2705 autem
569 2668 684 2712 Calix,
709 2679 782 2715 quo
810 2671 981 2707 sacerdos
1002 2671 1158 2717 primum
1188 2677 1243 2707 est
1271 2681 1371 2713 usus,
1391 2671 1606 2716 purificatus
1634 2671 1705 2707 iam
1732 2671 1788 2714 sit,
1808 2672 1838 2708 si
1859 2671 1922 2708 illo

143 2738 223 2784 ipso
252 2749 315 2785 pro
343 2739 454 2776 Missa
479 2740 593 2777 altera
620 2741 793 2788 indigeat,
821 2752 905 2778 eum
933 2752 1058 2778 secum
1086 2743 1240 2778 deferat:
1270 2752 1378 2779 secus
1406 2753 1490 2778 vero
1520 2743 1556 2778 in
1583 2742 1698 2779 altera
1724 2743 1837 2779 Missa
1867 2743 1923 2779 di-

142 2819 248 2846 verso
273 2809 395 2847 Catice
422 2811 473 2848 uti
499 2812 643 2857 poterit.

269 2895 282 2912 ι
303 2881 394 2919 Cum
420 2884 585 2929 superior
611 2885 644 2920 S.
670 2885 711 2921 R.
740 2884 776 2921 G.
803 2885 1000 2921 Instructio
1025 2885 1170 2921 nonnisi
1195 2895 1319 2921 casum
1343 2886 1522 2931 respiciat,
1549 2895 1619 2931 quo
1636 2884 1814 2922 Sacerdos
1832 2886 1924 2922 duas

143 2951 274 2989 Missas
299 2953 437 2990 dissitis
460 2954 497 2990 in
523 2955 610 2991 locis
635 2955 758 2991 eadem
776 2955 833 2991 die
851 2956 898 2992 sit
923 2956 1187 3000 celebraturas;
1215 2967 1344 3002 operae
1361 2957 1520 3003 pretium
1537 2952 1655 2994 visum
1682 2959 1734 2992 est
1759 2967 1805 2993 (ιτ
1823 2956 1924 2993 Com-

141 3025 328 3062 mentm-iis
364 3025 635 3063 Bar-tholomaei
673 3026 829 3063 Gavanti
854 3029 887 3063 et
913 3026 1075 3064 Caietam
1102 3028 1242 3064 Mariae
1282 3029 1418 3065 Mer-ati
1445 3029 1500 3065 hic
1524 3030 1639 3066 ritum
1678 3029 1874 3076 adiungere
1900 3040 1924 3066 a

143 3096 326 3134 sacerdote
351 3098 570 3134 servandum
594 3108 678 3135 cum
701 3101 898 3146 utramque
923 3099 1074 3136 Missam
1101 3101 1137 3135 in
1163 3099 1287 3136 eadem
1313 3101 1456 3138 ecclesia
1481 3101 1612 3148 offerre
1639 3101 1750 3139 debet.
