2176 3386
256 166 337 206 414
679 163 683 166 ’
908 181 1017 209 PARS
1047 182 1071 210 1.
1107 182 1163 209 DE
1192 182 1401 211 Pensoms

377 285 441 330 Ad
475 287 594 330 hanc
629 290 813 333 Sacram
847 290 1259 347 congregationem
1296 290 1495 348 pertinet
1527 291 1772 349 petitiones
1804 293 2038 353 Episcopo-

256 383 358 413 rum
392 373 438 414 et
473 372 780 416 Praelatorum
833 372 1002 417 nullius
1035 373 1107 417 vel
1141 374 1472 432 quasi—nullius
1504 375 1765 422 dioeceseos
1811 378 2035 436 accipere,

255 465 415 496 eorum
439 452 729 498 difficultates
752 451 947 511 solvere,
974 456 1265 514 quaestiones
1288 457 1518 514 dirimere,
1548 459 1853 504 Ecclesiarum
1878 474 2041 505 causas

256 536 525 593 praesertim
562 537 921 584 iurisdictionem
973 539 1254 598 attingentes
1301 543 1574 599 cognoscere
1622 547 1760 603 atque
1793 558 1848 588 ex
1891 544 2038 589 officio

258 621 328 664 vel
378 635 456 678 pro
508 621 727 680 petitione
777 636 1084 680 componere3
1122 623 1326 682 insuper,
1362 624 1415 669 iis
1448 625 1654 683 exceptis
1686 641 1802 685 quae
1846 627 2034 672 Concilii

255 703 507 748 'tridentini
541 705 830 749 decretorum
880 705 1308 763 interpretationem
1342 712 1568 765 spectant,
1604 709 1659 753 ad
1694 710 1813 755 hanc
1847 714 1887 755 S.
1925 714 2036 756 Con-

255 788 567 845 gregationem
617 802 778 834 causas
811 789 857 833 in
894 793 1027 834 rebus
1065 790 1389 836 Ecclesiasticis
1434 792 1555 837 inter
1587 793 1791 851 Capitula
1836 795 2036 854 aliosque

253 871 461 928 delinire,
485 871 746 916 visitatores
780 876 859 916 aut
883 872 1079 917 vicarios
1112 874 1383 932 apostolicos
1417 875 1461 918 in
1495 875 1725 920 dioeceses
1750 877 1948 932 mittere,
1983 877 2039 922 de

251 953 544 997 removendis
567 954 623 997 ab
645 954 791 999 officio
828 954 1056 1012 Episcopis
1090 956 1162 999 vel
1191 955 1380 1000 Vicariis
1412 956 1745 1014 Capitularibus
1778 972 1928 1016 agere,
1961 958 2035 1003 bo-

253 1049 418 1080 norum
453 1036 866 1082 ecclesiasticorum
892 1038 1218 1083 alienationem
1254 1040 1496 1084 conficere.
1526 1042 1788 1086 Notandum
1824 1046 1892 1086 est
1918 1043 2037 1102 quod

254 1120 357 1164 Pius
383 1123 456 1164 VH
476 1121 489 1144 ¹
525 1122 579 1165 ad
600 1122 718 1165 hanc
749 1124 932 1166 Sacram
963 1122 1371 1180 Congregationem
1399 1125 1726 1182 appellationes
1760 1125 2035 1170 nominatim

251 1201 297 1246 in
331 1202 480 1246 causis
519 1202 834 1248 criminalibus
881 1204 1058 1248 detulit.
1100 1209 1220 1248 Haec
1255 1207 1387 1250 Sacra
1421 1207 1721 1265 Congregatio
1755 1223 1779 1252 a
1813 1208 1938 1252 Card.
1975 1212 2036 1252 Dc

254 1292 369 1332 Luca
423 1288 591 1332 dicitur
641 1309 659 1329 α
697 1291 1052 1346 occupatissima
1102 1296 1238 1348 acque
1290 1293 1339 1334 in
1390 1294 1682 1348 neglectorum
1740 1293 2041 1337 »multitudine

249 1375 460 1417 omnium
500 1375 652 1417 maior
674 1392 692 1410 n
729 1378 775 1416 et
809 1374 853 1416 in
894 1373 1035 1417 Relat.
1062 1373 1117 1417 ad
1141 1374 1321 1418 Curiam
1357 1373 1466 1419 disc.
1500 1376 1567 1429 16,
1605 1389 1650 1419 n.
1678 1376 1750 1431 24,
1787 1376 2036 1421 Cardinalis

251 1458 312 1499 De
334 1459 448 1499 Luca
485 1455 539 1498 de
574 1458 658 1499 bac
677 1457 717 1500 S.
740 1455 1102 1514 congregatione
1150 1456 1260 1500 haec
1294 1457 1459 1501 habet:
1499 1476 1518 1496 a
1539 1458 1685 1502 Habet
1727 1459 1807 1502 ista
1842 1462 2034 1516 Congre-

251 1536 372 1594 gatio
397 1538 510 1581 latas
534 1537 735 1582 habenas
767 1538 930 1595 agendi
959 1538 1097 1583 etiam
1121 1539 1174 1583 de
1202 1539 1288 1583 illis
1321 1539 1531 1597 negotiis,
1557 1553 1672 1598 quae
1696 1540 1887 1584 aliarum
1923 1544 2036 1584 Con-

249 1621 565 1678 gregationum
617 1621 861 1679 peculiaria
913 1626 1038 1677 sunt,
1084 1624 1202 1666 unde
1251 1626 1487 1680 propterea
1526 1625 1592 1680 (ut
1626 1623 1835 1667 Urbanus
1884 1623 2037 1668 dicere

250 1703 436 1759 solebat)
476 1703 560 1748 ista
599 1704 780 1748 videtur
812 1704 1112 1762 Congregatio
1146 1705 1482 1762 quodammodo
1516 1705 1806 1761 universalis,
1831 1706 2039 1764 exceptis

246 1787 410 1843 causis,
446 1802 562 1847 quae
611 1788 782 1833 directe
819 1788 920 1833 [idei
970 1789 1263 1847 quaestiones
1311 1792 1616 1844 concernunt,
1653 1788 1750 1834 sive
1793 1790 2032 1834 formalem

246 1870 677 1929 interpretationem
723 1871 911 1916 Concilii
969 1871 1247 1928 Tridentini3
1285 1872 1329 1915 in
1385 1871 1569 1930 reliquis
1618 1872 1723 1916 licet
1767 1872 1884 1916 adsit
1921 1875 2032 1917 Con·

245 1954 446 2011 gregatio
480 1953 686 2009 Concilii,
722 1958 928 1998 attamen
964 1954 1017 1998 de
1052 1953 1105 1998 iis
1138 1968 1253 2012 quae
1287 1958 1577 1998 concernunt
1605 1954 1930 1998 executionem
1959 1955 2028 1998 vel

246 2036 589 2081 observantiam
623 2037 827 2081 eiusdem
852 2036 1039 2081 Concilii
1074 2036 1261 2096 eiusque
1294 2037 1582 2081 decretorum
1617 2037 1864 2094 cognoscit.
1892 2040 2028 2081 l'rout

244 2119 384 2164 etiam
434 2119 540 2163 licet
573 2119 690 2163 adsit
722 2119 1023 2177 Congregatio
1061 2120 1263 2175 Rituum,
1300 2120 1428 2165 cuius
1476 2120 1703 2178 peculiare
1755 2134 1923 2165 munus
1959 2124 2027 2164 est

245 2216 519 2260 cognoscere
557 2215 610 2246 ac
643 2202 851 2246 decidere
901 2202 1240 2246 controversias
1277 2215 1412 2260 super
1460 2202 1790 2259 praecedentiis
1838 2202 2029 2262 aliisque

243 2285 564 2331 ecclesiasticis
614 2284 991 2342 praeeminentiis
1025 2285 1145 2328 inter
1182 2285 1371 2330 clericos
1409 2285 1664 2330 saeculares
1699 2290 1744 2328 et
1779 2286 2022 2342 regulares,

244 2383 296 2413 ac
330 2369 469 2413 etiam
519 2382 654 2426 super
687 2368 755 2411 bis
787 2382 903 2426 quae
942 2368 1306 2426 praetenduntur
1347 2382 1426 2426 per
1459 2367 1596 2412 laicos
1629 2367 1674 2411 in
1710 2368 2028 2412 functionibus

240 2451 587 2508 ecclesiasticis;
623 2451 771 2495 adhuc
804 2455 962 2495 tamen
998 2450 1082 2495 ista
1105 2451 1404 2508 Congregatio
1438 2452 1545 2496 istas
1578 2464 1739 2496 causas
1772 2450 2020 2508 cognoscit.

241 2534 436 2593 Ideoque
471 2533 699 2591 privativa
732 2533 974 2591 singularis
1007 2533 1156 2578 dictae
1193 2533 1565 2591 Congregationis
1602 2533 1787 2578 Rituum
1815 2538 2024 2578 versatur

243 2618 289 2662 in
324 2616 674 2676 praescribendo
709 2616 796 2660 ritu
832 2630 967 2674 super
999 2616 1170 2661 divinis
1202 2616 1376 2672 officiis,
1407 2630 1460 2661 ac
1493 2617 1633 2660 etiam
1667 2629 1802 2674 super
1834 2616 2020 2661 canoni-

241 2698 422 2744 zatione
470 2701 742 2744 Sanctorum
771 2717 808 2743 n.
845 2699 1002 2752 Quoad
1058 2700 1299 2756 Regulares
1344 2712 1452 2743 vero
1497 2699 1609 2743 haec
1643 2701 1684 2743 S.
1722 2698 2021 2756 Congregatio

244 2781 520 2838 regularium
567 2781 764 2840 querelis
811 2782 1086 2839 respondet,
1138 2782 1476 2826 controversias
1526 2781 1730 2836 dirimit,
1786 2781 2018 2825 licentiam

240 2865 508 2910 transeundi
541 2864 597 2908 ad
629 2863 906 2910 strictiorem
941 2864 1210 2922 religionem
1245 2865 1480 2922 concedit;
1517 2865 1570 2909 de
1603 2863 1823 2922 apostatis
1854 2867 1901 2908 et
1932 2862 2021 2908 eie-

360 3042 369 3060 ¹
398 3041 550 3078 Constit.
576 3043 662 3079 Post
686 3042 892 3078 diuturnas.
