<?xml version="1.0" encoding="UTF-8"?>
<!DOCTYPE html PUBLIC "-//W3C//DTD XHTML 1.0 Transitional//EN"
    "http://www.w3.org/TR/xhtml1/DTD/xhtml1-transitional.dtd">
<html xmlns="http://www.w3.org/1999/xhtml" xml:lang="en" lang="en">
 <head>
  <title>
</title>
<meta http-equiv="Content-Type" content="text/html;charset=utf-8" />
  <meta name='ocr-system' content='tesseract 3.04.00' />
  <meta name='ocr-capabilities' content='ocr_page ocr_carea ocr_par ocr_line ocrx_word'/>
</head>
<body>
  <div class='ocr_page' id='page_1' title='image "apparatus00ziteuoft_0417.png"; bbox 0 0 2176 3386; ppageno 0'>
   <div class='ocr_carea' id='block_1_1' title="bbox 738 0 1821 26">
    <p class='ocr_par' dir='ltr' id='par_1_1' title="bbox 738 0 1821 30">
     <span class='ocr_line' id='line_1_1' title="bbox 738 0 1821 26; baseline -0.001 -9"><span class='ocrx_word' id='word_1_1' title='bbox 738 0 877 25; x_wconf 60' lang='grc' dir='ltr'><strong>ςπν-ιςντ</strong></span> <span class='ocrx_word' id='word_1_2' title='bbox 890 0 1219 26; x_wconf 59' lang='lat'><strong>‘·&#39;&#39;⁷²&#39;&#39;²‘&#39;·*?‘·7&#39;‘-.*·¹&#39;7.&#39;&#39;¹·</strong></span> <span class='ocrx_word' id='word_1_3' title='bbox 1233 0 1372 25; x_wconf 60' lang='grc' dir='ltr'><strong>’τ’-*ιη-</strong></span> <span class='ocrx_word' id='word_1_4' title='bbox 1391 0 1451 17; x_wconf 51' lang='lat' dir='ltr'><strong>pu.</strong></span> <span class='ocrx_word' id='word_1_5' title='bbox 1464 0 1492 25; x_wconf 63' lang='lat'><strong>2·-</strong></span> <span class='ocrx_word' id='word_1_6' title='bbox 1524 0 1591 10; x_wconf 48' lang='lat' dir='ltr'><strong>r-r*</strong></span> <span class='ocrx_word' id='word_1_7' title='bbox 1610 0 1687 17; x_wconf 55' lang='lat' dir='ltr'><strong>*vn*</strong></span> <span class='ocrx_word' id='word_1_8' title='bbox 1719 0 1746 5; x_wconf 83' lang='grc'><strong>-·</strong></span> <span class='ocrx_word' id='word_1_9' title='bbox 1815 18 1821 25; x_wconf 71' lang='lat'>‚</span> 
     </span>
    </p>
   </div>
   <div class='ocr_carea' id='block_1_2' title="bbox 0 0 738 217">
    <p class='ocr_par' dir='ltr' id='par_1_2' title="bbox 0 0 738 217">
     <span class='ocr_line' id='line_1_2' title="bbox 0 0 738 217; baseline 0 3169"><span class='ocrx_word' id='word_1_10' title='bbox 0 0 738 217; x_wconf 95' lang='lat' dir='ltr'><strong> </strong></span> 
     </span>
    </p>
   </div>
   <div class='ocr_carea' id='block_1_3' title="bbox 845 162 1992 204">
    <p class='ocr_par' dir='ltr' id='par_1_3' title="bbox 845 162 1992 204">
     <span class='ocr_line' id='line_1_3' title="bbox 845 162 1992 204; baseline -0.002 0"><span class='ocrx_word' id='word_1_11' title='bbox 845 175 973 204; x_wconf 75' lang='lat' dir='ltr'><strong>Lini-:R</strong></span> <span class='ocrx_word' id='word_1_12' title='bbox 1003 175 1026 203; x_wconf 81' lang='grc' dir='ltr'><strong>ι.</strong></span> <span class='ocrx_word' id='word_1_13' title='bbox 1063 175 1118 203; x_wconf 73' lang='lat' dir='ltr'><strong>or:</strong></span> <span class='ocrx_word' id='word_1_14' title='bbox 1148 173 1340 203; x_wconf 83' lang='lat' dir='ltr'>CLERICIS</span> <span class='ocrx_word' id='word_1_15' title='bbox 1912 162 1992 202; x_wconf 87' lang='lat'><strong>405</strong></span> 
     </span>
    </p>
   </div>
   <div class='ocr_carea' id='block_1_4' title="bbox 204 279 1990 1162">
    <p class='ocr_par' dir='ltr' id='par_1_4' title="bbox 211 279 1990 424">
     <span class='ocr_line' id='line_1_4' title="bbox 211 279 1990 340; baseline -0.002 -13"><span class='ocrx_word' id='word_1_16' title='bbox 211 282 569 340; x_wconf 79' lang='lat' dir='ltr'><strong>respondentem</strong></span> <span class='ocrx_word' id='word_1_17' title='bbox 594 281 844 326; x_wconf 81' lang='lat' dir='ltr'><strong>redditibus</strong></span> <span class='ocrx_word' id='word_1_18' title='bbox 875 281 932 326; x_wconf 89' lang='lat' dir='ltr'><strong>ab</strong></span> <span class='ocrx_word' id='word_1_19' title='bbox 963 281 1143 326; x_wconf 84' lang='lat' dir='ltr'><strong>officiali</strong></span> <span class='ocrx_word' id='word_1_20' title='bbox 1178 281 1224 325; x_wconf 93' lang='lat' dir='ltr'><strong>in</strong></span> <span class='ocrx_word' id='word_1_21' title='bbox 1258 279 1391 325; x_wconf 86' lang='lat' dir='ltr'><strong>officii</strong></span> <span class='ocrx_word' id='word_1_22' title='bbox 1425 279 1826 325; x_wconf 80' lang='lat' dir='ltr'><strong>administratione</strong></span> <span class='ocrx_word' id='word_1_23' title='bbox 1849 279 1990 339; x_wconf 87' lang='lat' dir='ltr'><strong>perci-</strong></span> 
     </span>
     <span class='ocr_line' id='line_1_5' title="bbox 211 361 1575 424; baseline 0 -14"><span class='ocrx_word' id='word_1_24' title='bbox 211 365 401 424; x_wconf 87' lang='lat' dir='ltr'><strong>piendis.</strong></span> <span class='ocrx_word' id='word_1_25' title='bbox 438 409 441 412; x_wconf 15' lang='grc' dir='ltr'><em>Α</em></span> <span class='ocrx_word' id='word_1_26' title='bbox 1564 361 1575 372; x_wconf 81' lang='lat'><em>&#39;</em></span> 
     </span>
    </p>

    <p class='ocr_par' dir='ltr' id='par_1_5' title="bbox 204 445 1990 1162">
     <span class='ocr_line' id='line_1_6' title="bbox 326 445 1990 506; baseline -0.003 -13"><span class='ocrx_word' id='word_1_27' title='bbox 326 453 450 502; x_wconf 85' lang='lat' dir='ltr'><strong>Quae</strong></span> <span class='ocrx_word' id='word_1_28' title='bbox 483 449 718 493; x_wconf 82' lang='lat' dir='ltr'><strong>concessio</strong></span> <span class='ocrx_word' id='word_1_29' title='bbox 754 462 843 492; x_wconf 92' lang='lat' dir='ltr'><strong>non</strong></span> <span class='ocrx_word' id='word_1_30' title='bbox 880 448 925 492; x_wconf 94' lang='lat' dir='ltr'><strong>in</strong></span> <span class='ocrx_word' id='word_1_31' title='bbox 952 451 1222 506; x_wconf 89' lang='lat' dir='ltr'><strong>perpetuum</strong></span> <span class='ocrx_word' id='word_1_32' title='bbox 1247 461 1326 492; x_wconf 92' lang='lat' dir='ltr'><strong>seu</strong></span> <span class='ocrx_word' id='word_1_33' title='bbox 1350 460 1456 491; x_wconf 90' lang='lat' dir='ltr'><strong>cum</strong></span> <span class='ocrx_word' id='word_1_34' title='bbox 1483 446 1580 490; x_wconf 92' lang='lat' dir='ltr'><strong>iure</strong></span> <span class='ocrx_word' id='word_1_35' title='bbox 1609 445 1807 490; x_wconf 85' lang='lat' dir='ltr'><strong>officium</strong></span> <span class='ocrx_word' id='word_1_36' title='bbox 1845 449 1990 489; x_wconf 87' lang='lat' dir='ltr'><strong>trans-</strong></span> 
     </span>
     <span class='ocr_line' id='line_1_7' title="bbox 211 528 1989 589; baseline -0.002 -14"><span class='ocrx_word' id='word_1_37' title='bbox 211 531 419 576; x_wconf 87' lang='lat' dir='ltr'><strong>mittendi</strong></span> <span class='ocrx_word' id='word_1_38' title='bbox 453 532 507 576; x_wconf 86' lang='lat' dir='ltr'><strong>ad</strong></span> <span class='ocrx_word' id='word_1_39' title='bbox 547 531 764 576; x_wconf 84' lang='lat' dir='ltr'><strong>haeredes</strong></span> <span class='ocrx_word' id='word_1_40' title='bbox 813 533 931 576; x_wconf 83' lang='lat' dir='ltr'><strong>facta</strong></span> <span class='ocrx_word' id='word_1_41' title='bbox 982 533 1163 585; x_wconf 84' lang='lat' dir='ltr'><strong>fuerat,</strong></span> <span class='ocrx_word' id='word_1_42' title='bbox 1200 531 1277 576; x_wconf 92' lang='lat' dir='ltr'><strong>sed</strong></span> <span class='ocrx_word' id='word_1_43' title='bbox 1319 543 1555 589; x_wconf 82' lang='lat' dir='ltr'><strong>quousque</strong></span> <span class='ocrx_word' id='word_1_44' title='bbox 1601 533 1748 574; x_wconf 88' lang='lat' dir='ltr'><strong>morte</strong></span> <span class='ocrx_word' id='word_1_45' title='bbox 1792 528 1989 573; x_wconf 85' lang='lat' dir='ltr'><strong>naturali</strong></span> 
     </span>
     <span class='ocr_line' id='line_1_8' title="bbox 211 611 1989 659; baseline -0.002 0"><span class='ocrx_word' id='word_1_46' title='bbox 211 615 280 659; x_wconf 86' lang='lat' dir='ltr'><strong>vel</strong></span> <span class='ocrx_word' id='word_1_47' title='bbox 316 614 503 659; x_wconf 88' lang='lat' dir='ltr'><strong>iuridica</strong></span> <span class='ocrx_word' id='word_1_48' title='bbox 537 615 737 659; x_wconf 82' lang='lat' dir='ltr'><strong>otlicium</strong></span> <span class='ocrx_word' id='word_1_49' title='bbox 774 620 974 659; x_wconf 83' lang='lat' dir='ltr'><strong>vacaret.</strong></span> <span class='ocrx_word' id='word_1_50' title='bbox 1017 619 1081 659; x_wconf 85' lang='lat' dir='ltr'><strong>Ita</strong></span> <span class='ocrx_word' id='word_1_51' title='bbox 1118 615 1229 658; x_wconf 83' lang='lat' dir='ltr'><strong>baec</strong></span> <span class='ocrx_word' id='word_1_52' title='bbox 1262 613 1413 658; x_wconf 80' lang='lat' dir='ltr'><strong>officia</strong></span> <span class='ocrx_word' id='word_1_53' title='bbox 1453 613 1574 658; x_wconf 87' lang='lat' dir='ltr'><strong>dicta</strong></span> <span class='ocrx_word' id='word_1_54' title='bbox 1624 616 1732 656; x_wconf 88' lang='lat' dir='ltr'><strong>sunt</strong></span> <span class='ocrx_word' id='word_1_55' title='bbox 1769 611 1989 656; x_wconf 64' lang='lat' dir='ltr'><strong>vacabilia</strong></span> 
     </span>
     <span class='ocr_line' id='line_1_9' title="bbox 208 697 1986 756; baseline -0.002 -14"><span class='ocrx_word' id='word_1_56' title='bbox 208 703 258 742; x_wconf 91' lang='lat' dir='ltr'><strong>ut</strong></span> <span class='ocrx_word' id='word_1_57' title='bbox 289 699 346 742; x_wconf 90' lang='lat' dir='ltr'><strong>ab</strong></span> <span class='ocrx_word' id='word_1_58' title='bbox 376 697 475 743; x_wconf 89' lang='lat' dir='ltr'><strong>aliis</strong></span> <span class='ocrx_word' id='word_1_59' title='bbox 507 698 666 743; x_wconf 86' lang='lat' dir='ltr'><strong>officiis</strong></span> <span class='ocrx_word' id='word_1_60' title='bbox 698 698 912 743; x_wconf 88' lang='lat' dir='ltr'><strong>civilibus</strong></span> <span class='ocrx_word' id='word_1_61' title='bbox 943 698 1202 756; x_wconf 77' lang='lat' dir='ltr'><strong>capitolinis</strong></span> <span class='ocrx_word' id='word_1_62' title='bbox 1233 697 1643 755; x_wconf 78' lang='lat' dir='ltr'><strong>distinguerentur,</strong></span> <span class='ocrx_word' id='word_1_63' title='bbox 1678 710 1873 755; x_wconf 81' lang='lat' dir='ltr'><strong>quorun]</strong></span> <span class='ocrx_word' id='word_1_64' title='bbox 1909 710 1986 740; x_wconf 77' lang='lat' dir='ltr'><strong>ex—</strong></span> 
     </span>
     <span class='ocr_line' id='line_1_10' title="bbox 207 781 1989 840; baseline -0.002 -13"><span class='ocrx_word' id='word_1_65' title='bbox 207 781 419 827; x_wconf 88' lang='lat' dir='ltr'><strong>ercitium</strong></span> <span class='ocrx_word' id='word_1_66' title='bbox 452 782 507 826; x_wconf 89' lang='lat' dir='ltr'><strong>ad</strong></span> <span class='ocrx_word' id='word_1_67' title='bbox 541 783 729 827; x_wconf 87' lang='lat' dir='ltr'><strong>heredes</strong></span> <span class='ocrx_word' id='word_1_68' title='bbox 765 783 835 826; x_wconf 73' lang='lat' dir='ltr'><strong>vel</strong></span> <span class='ocrx_word' id='word_1_69' title='bbox 869 797 948 840; x_wconf 89' lang='lat' dir='ltr'><strong>per</strong></span> <span class='ocrx_word' id='word_1_70' title='bbox 979 796 1026 827; x_wconf 88' lang='lat' dir='ltr'><strong>se</strong></span> <span class='ocrx_word' id='word_1_71' title='bbox 1062 783 1130 826; x_wconf 90' lang='lat' dir='ltr'><strong>vel</strong></span> <span class='ocrx_word' id='word_1_72' title='bbox 1183 796 1260 840; x_wconf 91' lang='lat' dir='ltr'><strong>per</strong></span> <span class='ocrx_word' id='word_1_73' title='bbox 1306 782 1502 826; x_wconf 86' lang='lat' dir='ltr'><strong>alterum</strong></span> <span class='ocrx_word' id='word_1_74' title='bbox 1553 793 1779 825; x_wconf 88' lang='lat' dir='ltr'><strong>consensu</strong></span> <span class='ocrx_word' id='word_1_75' title='bbox 1834 784 1989 824; x_wconf 89' lang='lat' dir='ltr'><strong>tamen</strong></span> 
     </span>
     <span class='ocr_line' id='line_1_11' title="bbox 204 863 1986 925; baseline -0.002 -15"><span class='ocrx_word' id='word_1_76' title='bbox 204 866 448 925; x_wconf 91' lang='lat' dir='ltr'><strong>superioris</strong></span> <span class='ocrx_word' id='word_1_77' title='bbox 481 866 740 924; x_wconf 85' lang='lat' dir='ltr'><strong>pertinebit.</strong></span> <span class='ocrx_word' id='word_1_78' title='bbox 778 867 919 911; x_wconf 83' lang='lat' dir='ltr'><strong>Hodie</strong></span> <span class='ocrx_word' id='word_1_79' title='bbox 955 881 1094 925; x_wconf 84' lang='lat' dir='ltr'><strong>panca</strong></span> <span class='ocrx_word' id='word_1_80' title='bbox 1130 867 1358 911; x_wconf 84' lang='lat' dir='ltr'><strong>habentur</strong></span> <span class='ocrx_word' id='word_1_81' title='bbox 1393 867 1436 910; x_wconf 92' lang='lat' dir='ltr'><strong>in</strong></span> <span class='ocrx_word' id='word_1_82' title='bbox 1471 865 1601 910; x_wconf 87' lang='lat' dir='ltr'><strong>Curia</strong></span> <span class='ocrx_word' id='word_1_83' title='bbox 1627 865 1776 909; x_wconf 84' lang='lat' dir='ltr'><strong>officia</strong></span> <span class='ocrx_word' id='word_1_84' title='bbox 1804 863 1986 908; x_wconf 89' lang='lat' dir='ltr'><strong>venalia</strong></span> 
     </span>
     <span class='ocr_line' id='line_1_12' title="bbox 209 947 1986 1009; baseline -0.001 -17"><span class='ocrx_word' id='word_1_85' title='bbox 209 950 446 1004; x_wconf 84' lang='lat' dir='ltr'><strong>vacabilia,</strong></span> <span class='ocrx_word' id='word_1_86' title='bbox 496 950 572 994; x_wconf 88' lang='lat' dir='ltr'><strong>sed</strong></span> <span class='ocrx_word' id='word_1_87' title='bbox 612 950 762 1009; x_wconf 88' lang='lat' dir='ltr'><strong>aliqua</strong></span> <span class='ocrx_word' id='word_1_88' title='bbox 811 950 1099 994; x_wconf 86' lang='lat' dir='ltr'><strong>habebantur</strong></span> <span class='ocrx_word' id='word_1_89' title='bbox 1153 963 1291 1007; x_wconf 84' lang='lat' dir='ltr'><strong>penes</strong></span> <span class='ocrx_word' id='word_1_90' title='bbox 1338 949 1587 1003; x_wconf 84' lang='lat' dir='ltr'><strong>Datariam,</strong></span> <span class='ocrx_word' id='word_1_91' title='bbox 1639 947 1986 992; x_wconf 88' lang='lat' dir='ltr'><strong>Cancellariam.</strong></span> 
     </span>
     <span class='ocr_line' id='line_1_13' title="bbox 209 1030 1989 1091; baseline -0.002 -14"><span class='ocrx_word' id='word_1_92' title='bbox 209 1034 532 1078; x_wconf 84' lang='lat' dir='ltr'><strong>Memorandus</strong></span> <span class='ocrx_word' id='word_1_93' title='bbox 564 1038 632 1078; x_wconf 83' lang='lat' dir='ltr'><strong>est</strong></span> <span class='ocrx_word' id='word_1_94' title='bbox 667 1037 812 1077; x_wconf 37' lang='lat' dir='ltr'><strong>illotus</strong></span> <span class='ocrx_word' id='word_1_95' title='bbox 840 1036 1064 1091; x_wconf 70' lang='lat' dir='ltr'><strong>proprias</strong></span> <span class='ocrx_word' id='word_1_96' title='bbox 1101 1034 1261 1078; x_wconf 86' lang='lat' dir='ltr'><strong>Leonis</strong></span> <span class='ocrx_word' id='word_1_97' title='bbox 1295 1037 1392 1078; x_wconf 75' lang='lat' dir='ltr'><strong>xm</strong></span> <span class='ocrx_word' id='word_1_98' title='bbox 1425 1032 1512 1076; x_wconf 92' lang='lat' dir='ltr'><strong>diei</strong></span> <span class='ocrx_word' id='word_1_99' title='bbox 1548 1033 1575 1076; x_wconf 63' lang='grc' dir='ltr'><strong>[ι</strong></span> <span class='ocrx_word' id='word_1_100' title='bbox 1610 1031 1707 1076; x_wconf 91' lang='lat' dir='ltr'><strong>Iulii</strong></span> <span class='ocrx_word' id='word_1_101' title='bbox 1746 1030 1856 1075; x_wconf 36' lang='lat'>&#39;1898</span> <span class='ocrx_word' id='word_1_102' title='bbox 1900 1044 1989 1089; x_wconf 88' lang='lat' dir='ltr'><strong>quo</strong></span> 
     </span>
     <span class='ocr_line' id='line_1_14' title="bbox 207 1116 1410 1162; baseline 0.001 -3"><span class='ocrx_word' id='word_1_103' title='bbox 207 1117 474 1162; x_wconf 79' lang='lat' dir='ltr'><strong>solemniter</strong></span> <span class='ocrx_word' id='word_1_104' title='bbox 505 1117 751 1161; x_wconf 86' lang='lat' dir='ltr'><strong>edicuntur</strong></span> <span class='ocrx_word' id='word_1_105' title='bbox 782 1116 949 1161; x_wconf 85' lang='lat' dir='ltr'><strong>abolita</strong></span> <span class='ocrx_word' id='word_1_106' title='bbox 985 1117 1207 1162; x_wconf 83' lang='lat' dir='ltr'><strong>vacabilia</strong></span> <span class='ocrx_word' id='word_1_107' title='bbox 1242 1116 1410 1161; x_wconf 74' lang='lat' dir='ltr'><strong>officia.</strong></span> 
     </span>
    </p>
   </div>
   <div class='ocr_carea' id='block_1_5' title="bbox 766 1255 1380 1302">
    <p class='ocr_par' dir='ltr' id='par_1_6' title="bbox 766 1255 1380 1302">
     <span class='ocr_line' id='line_1_15' title="bbox 766 1255 1380 1302; baseline -0.002 -11"><span class='ocrx_word' id='word_1_108' title='bbox 766 1255 782 1300; x_wconf 57' lang='grc' dir='ltr'><strong>ξ</strong></span> <span class='ocrx_word' id='word_1_109' title='bbox 810 1257 832 1291; x_wconf 81' lang='grc'>5</span> <span class='ocrx_word' id='word_1_110' title='bbox 859 1276 903 1279; x_wconf 34' lang='grc' dir='ltr'><strong>-ᾼ</strong></span> <span class='ocrx_word' id='word_1_111' title='bbox 939 1256 1111 1291; x_wconf 77' lang='grc' dir='ltr'><em>1)(ιίαι-ἰα</em></span> <span class='ocrx_word' id='word_1_112' title='bbox 1140 1255 1380 1302; x_wconf 73' lang='grc' dir='ltr'><strong>ΑροεΙοΙὶι·(ι.</strong></span> 
     </span>
    </p>
   </div>
   <div class='ocr_carea' id='block_1_6' title="bbox 202 1354 1990 3086">
    <p class='ocr_par' dir='ltr' id='par_1_7' title="bbox 204 1354 1990 2500">
     <span class='ocr_line' id='line_1_16' title="bbox 327 1354 1986 1415; baseline -0.003 -14"><span class='ocrx_word' id='word_1_113' title='bbox 327 1357 426 1401; x_wconf 69' lang='lat'><strong>521.</strong></span> <span class='ocrx_word' id='word_1_114' title='bbox 468 1361 514 1402; x_wconf 90' lang='lat' dir='ltr'><strong>In</strong></span> <span class='ocrx_word' id='word_1_115' title='bbox 551 1358 729 1401; x_wconf 86' lang='lat' dir='ltr'><strong>Dataria</strong></span> <span class='ocrx_word' id='word_1_116' title='bbox 757 1357 1005 1401; x_wconf 78' lang='lat' dir='ltr'><strong>nonnullae</strong></span> <span class='ocrx_word' id='word_1_117' title='bbox 1035 1356 1208 1411; x_wconf 76' lang='lat' dir='ltr'><strong>gratiae</strong></span> <span class='ocrx_word' id='word_1_118' title='bbox 1234 1357 1488 1415; x_wconf 80' lang='lat' dir='ltr'><strong>prorniscue</strong></span> <span class='ocrx_word' id='word_1_119' title='bbox 1526 1354 1846 1399; x_wconf 87' lang='lat' dir='ltr'><strong>conceduntur</strong></span> <span class='ocrx_word' id='word_1_120' title='bbox 1881 1366 1986 1397; x_wconf 87' lang='lat' dir='ltr'><strong>cum</strong></span> 
     </span>
     <span class='ocr_line' id='line_1_17' title="bbox 206 1436 1988 1496; baseline -0.003 -11"><span class='ocrx_word' id='word_1_121' title='bbox 206 1439 455 1485; x_wconf 69' lang='lat' dir='ltr'><strong>secretaria</strong></span> <span class='ocrx_word' id='word_1_122' title='bbox 502 1439 713 1484; x_wconf 87' lang='lat' dir='ltr'><strong>Brevium</strong></span> <span class='ocrx_word' id='word_1_123' title='bbox 753 1443 1071 1494; x_wconf 78' lang='lat' dir='ltr'><strong>Decretorum3</strong></span> <span class='ocrx_word' id='word_1_124' title='bbox 1107 1438 1222 1483; x_wconf 85' lang='lat' dir='ltr'><strong>aliae</strong></span> <span class='ocrx_word' id='word_1_125' title='bbox 1256 1452 1366 1482; x_wconf 86' lang='lat' dir='ltr'><strong>vero</strong></span> <span class='ocrx_word' id='word_1_126' title='bbox 1402 1437 1631 1496; x_wconf 72' lang='lat' dir='ltr'><strong>privative</strong></span> <span class='ocrx_word' id='word_1_127' title='bbox 1654 1451 1679 1482; x_wconf 89' lang='lat' dir='ltr'><strong>a</strong></span> <span class='ocrx_word' id='word_1_128' title='bbox 1702 1436 1876 1481; x_wconf 86' lang='lat' dir='ltr'><strong>dataria</strong></span> <span class='ocrx_word' id='word_1_129' title='bbox 1911 1450 1988 1480; x_wconf 86' lang='lat' dir='ltr'><strong>ex-</strong></span> 
     </span>
     <span class='ocr_line' id='line_1_18' title="bbox 208 1520 1989 1582; baseline -0.002 -16"><span class='ocrx_word' id='word_1_130' title='bbox 208 1523 467 1582; x_wconf 89' lang='lat' dir='ltr'><strong>pediuntur.</strong></span> <span class='ocrx_word' id='word_1_131' title='bbox 505 1523 643 1568; x_wconf 90' lang='lat' dir='ltr'><strong>Sicuti</strong></span> <span class='ocrx_word' id='word_1_132' title='bbox 677 1523 955 1569; x_wconf 88' lang='lat' dir='ltr'><strong>Cancellaria</strong></span> <span class='ocrx_word' id='word_1_133' title='bbox 990 1522 1241 1579; x_wconf 80' lang='lat' dir='ltr'><strong>Apostolica</strong></span> <span class='ocrx_word' id='word_1_134' title='bbox 1277 1522 1364 1567; x_wconf 92' lang='lat' dir='ltr'><strong>dici</strong></span> <span class='ocrx_word' id='word_1_135' title='bbox 1402 1526 1549 1579; x_wconf 80' lang='lat' dir='ltr'><strong>potest</strong></span> <span class='ocrx_word' id='word_1_136' title='bbox 1566 1520 1781 1566; x_wconf 84' lang='lat' dir='ltr'><strong>Officium</strong></span> <span class='ocrx_word' id='word_1_137' title='bbox 1801 1523 1989 1577; x_wconf 68' lang='lat' dir='ltr'><strong>yratz‘ae</strong></span> 
     </span>
     <span class='ocr_line' id='line_1_19' title="bbox 206 1605 1989 1665; baseline -0.001 -15"><span class='ocrx_word' id='word_1_138' title='bbox 206 1609 458 1665; x_wconf 51' lang='lat' dir='ltr'><strong>(expeditae,</strong></span> <span class='ocrx_word' id='word_1_139' title='bbox 486 1608 547 1651; x_wconf 92' lang='lat' dir='ltr'><strong>ita</strong></span> <span class='ocrx_word' id='word_1_140' title='bbox 585 1607 763 1652; x_wconf 87' lang='lat' dir='ltr'><strong>Dataria</strong></span> <span class='ocrx_word' id='word_1_141' title='bbox 799 1607 1001 1652; x_wconf 79' lang='lat' dir='ltr'><strong>officinm</strong></span> <span class='ocrx_word' id='word_1_142' title='bbox 1037 1607 1205 1651; x_wconf 85' lang='lat' dir='ltr'><strong>dicitur</strong></span> <span class='ocrx_word' id='word_1_143' title='bbox 1235 1609 1424 1664; x_wconf 63' lang='lat' dir='ltr'><strong>gratiae</strong></span> <span class='ocrx_word' id='word_1_144' title='bbox 1456 1620 1710 1650; x_wconf 73' lang='lat' dir='ltr'><strong>concessae.</strong></span> <span class='ocrx_word' id='word_1_145' title='bbox 1759 1605 1820 1650; x_wconf 67' lang='lat' dir='ltr'><strong>Ad</strong></span> <span class='ocrx_word' id='word_1_146' title='bbox 1859 1607 1989 1649; x_wconf 84' lang='lat' dir='ltr'><strong>Data-</strong></span> 
     </span>
     <span class='ocr_line' id='line_1_20' title="bbox 208 1688 1988 1750; baseline -0.002 -16"><span class='ocrx_word' id='word_1_147' title='bbox 208 1691 320 1735; x_wconf 89' lang='lat' dir='ltr'><strong>riam</strong></span> <span class='ocrx_word' id='word_1_148' title='bbox 357 1691 662 1748; x_wconf 76' lang='lat' dir='ltr'><strong>Apostolicam</strong></span> <span class='ocrx_word' id='word_1_149' title='bbox 699 1691 898 1749; x_wconf 73' lang='lat' dir='ltr'><strong>pertinet</strong></span> <span class='ocrx_word' id='word_1_150' title='bbox 931 1691 1156 1750; x_wconf 75' lang='lat' dir='ltr'><strong>privative</strong></span> <span class='ocrx_word' id='word_1_151' title='bbox 1195 1692 1232 1736; x_wconf 80' lang='lat' dir='ltr'><strong>l.</strong></span> <span class='ocrx_word' id='word_1_152' title='bbox 1270 1690 1457 1737; x_wconf 85' lang='lat' dir='ltr'><strong>Collatio</strong></span> <span class='ocrx_word' id='word_1_153' title='bbox 1490 1689 1818 1735; x_wconf 79' lang='lat' dir='ltr'><strong>beneficiorum</strong></span> <span class='ocrx_word' id='word_1_154' title='bbox 1843 1688 1988 1732; x_wconf 87' lang='lat' dir='ltr'><strong>mino-</strong></span> 
     </span>
     <span class='ocr_line' id='line_1_21' title="bbox 212 1771 1990 1833; baseline -0.002 -15"><span class='ocrx_word' id='word_1_155' title='bbox 212 1788 311 1819; x_wconf 90' lang='lat' dir='ltr'><strong>rum</strong></span> <span class='ocrx_word' id='word_1_156' title='bbox 337 1788 452 1833; x_wconf 81' lang='lat' dir='ltr'><strong>quae</strong></span> <span class='ocrx_word' id='word_1_157' title='bbox 487 1789 543 1818; x_wconf 89' lang='lat' dir='ltr'><strong>ex</strong></span> <span class='ocrx_word' id='word_1_158' title='bbox 572 1775 750 1832; x_wconf 82' lang='lat' dir='ltr'><strong>Regulis</strong></span> <span class='ocrx_word' id='word_1_159' title='bbox 771 1774 1076 1820; x_wconf 82' lang='lat' dir='ltr'><strong>Cancellariae</strong></span> <span class='ocrx_word' id='word_1_160' title='bbox 1101 1780 1180 1819; x_wconf 88' lang='lat' dir='ltr'><strong>aut</strong></span> <span class='ocrx_word' id='word_1_161' title='bbox 1202 1790 1259 1819; x_wconf 84' lang='lat' dir='ltr'><strong>ex</strong></span> <span class='ocrx_word' id='word_1_162' title='bbox 1280 1774 1377 1819; x_wconf 89' lang='lat' dir='ltr'><strong>iure</strong></span> <span class='ocrx_word' id='word_1_163' title='bbox 1409 1773 1645 1818; x_wconf 88' lang='lat' dir='ltr'><strong>communi</strong></span> <span class='ocrx_word' id='word_1_164' title='bbox 1679 1776 1788 1817; x_wconf 82' lang='lat' dir='ltr'><strong>sunt</strong></span> <span class='ocrx_word' id='word_1_165' title='bbox 1820 1775 1862 1816; x_wconf 85' lang='lat' dir='ltr'><strong>S.</strong></span> <span class='ocrx_word' id='word_1_166' title='bbox 1890 1771 1990 1816; x_wconf 87' lang='lat' dir='ltr'><strong>Sedi</strong></span> 
     </span>
     <span class='ocr_line' id='line_1_22' title="bbox 206 1857 1987 1916; baseline -0.002 -14"><span class='ocrx_word' id='word_1_167' title='bbox 206 1863 457 1914; x_wconf 80' lang='lat' dir='ltr'><strong>reservata,</strong></span> <span class='ocrx_word' id='word_1_168' title='bbox 493 1858 869 1903; x_wconf 81' lang='lat' dir='ltr'><strong>confirmationes</strong></span> <span class='ocrx_word' id='word_1_169' title='bbox 903 1859 1184 1903; x_wconf 84' lang='lat' dir='ltr'><strong>indultorum</strong></span> <span class='ocrx_word' id='word_1_170' title='bbox 1217 1863 1264 1903; x_wconf 88' lang='lat' dir='ltr'><strong>et</strong></span> <span class='ocrx_word' id='word_1_171' title='bbox 1314 1857 1655 1916; x_wconf 81' lang='lat' dir='ltr'><strong>privilegiorum</strong></span> <span class='ocrx_word' id='word_1_172' title='bbox 1710 1860 1846 1900; x_wconf 86' lang='lat' dir='ltr'><strong>antea</strong></span> <span class='ocrx_word' id='word_1_173' title='bbox 1881 1869 1987 1900; x_wconf 81' lang='lat' dir='ltr'><strong>con-</strong></span> 
     </span>
     <span class='ocr_line' id='line_1_23' title="bbox 205 1942 1987 2001; baseline -0.001 -15"><span class='ocrx_word' id='word_1_174' title='bbox 205 1955 452 1986; x_wconf 85' lang='lat' dir='ltr'><strong>cessorum.</strong></span> <span class='ocrx_word' id='word_1_175' title='bbox 505 1943 547 1986; x_wconf 71' lang='lat'><strong>2.</strong></span> <span class='ocrx_word' id='word_1_176' title='bbox 582 1946 755 1987; x_wconf 89' lang='lat' dir='ltr'><strong>Omnes</strong></span> <span class='ocrx_word' id='word_1_177' title='bbox 786 1942 1151 2001; x_wconf 84' lang='lat' dir='ltr'><strong>dispensationes</strong></span> <span class='ocrx_word' id='word_1_178' title='bbox 1200 1942 1516 1988; x_wconf 83' lang='lat' dir='ltr'><strong>concedendas</strong></span> <span class='ocrx_word' id='word_1_179' title='bbox 1566 1942 1610 1985; x_wconf 91' lang='lat' dir='ltr'><strong>in</strong></span> <span class='ocrx_word' id='word_1_180' title='bbox 1647 1942 1743 1986; x_wconf 84' lang='lat' dir='ltr'><strong>foro</strong></span> <span class='ocrx_word' id='word_1_181' title='bbox 1793 1945 1987 1985; x_wconf 85' lang='lat' dir='ltr'><strong>externo</strong></span> 
     </span>
     <span class='ocr_line' id='line_1_24' title="bbox 204 2023 1988 2086; baseline -0.001 -17"><span class='ocrx_word' id='word_1_182' title='bbox 204 2026 351 2085; x_wconf 78' lang='lat' dir='ltr'><strong>quoad</strong></span> <span class='ocrx_word' id='word_1_183' title='bbox 386 2025 667 2070; x_wconf 87' lang='lat' dir='ltr'><strong>matrimonii</strong></span> <span class='ocrx_word' id='word_1_184' title='bbox 721 2025 1064 2084; x_wconf 75' lang='lat' dir='ltr'><strong>impedimenta,</strong></span> <span class='ocrx_word' id='word_1_185' title='bbox 1101 2026 1250 2086; x_wconf 85' lang='lat' dir='ltr'><strong>quoad</strong></span> <span class='ocrx_word' id='word_1_186' title='bbox 1285 2026 1659 2082; x_wconf 75' lang='lat' dir='ltr'><strong>irregularitates,</strong></span> <span class='ocrx_word' id='word_1_187' title='bbox 1701 2029 1808 2069; x_wconf 80' lang='lat' dir='ltr'><strong>vota</strong></span> <span class='ocrx_word' id='word_1_188' title='bbox 1844 2028 1889 2068; x_wconf 91' lang='lat' dir='ltr'><strong>et</strong></span> <span class='ocrx_word' id='word_1_189' title='bbox 1921 2023 1988 2067; x_wconf 90' lang='lat' dir='ltr'><strong>iu-</strong></span> 
     </span>
     <span class='ocr_line' id='line_1_25' title="bbox 206 2108 1986 2170; baseline -0.001 -16"><span class='ocrx_word' id='word_1_190' title='bbox 206 2115 431 2155; x_wconf 86' lang='lat' dir='ltr'><strong>ramenta.</strong></span> <span class='ocrx_word' id='word_1_191' title='bbox 468 2111 508 2154; x_wconf 82' lang='lat'><strong>5.</strong></span> <span class='ocrx_word' id='word_1_192' title='bbox 552 2110 767 2155; x_wconf 84' lang='lat' dir='ltr'><strong>Similiter</strong></span> <span class='ocrx_word' id='word_1_193' title='bbox 808 2112 956 2170; x_wconf 89' lang='lat' dir='ltr'><strong>quoad</strong></span> <span class='ocrx_word' id='word_1_194' title='bbox 991 2125 1062 2155; x_wconf 87' lang='lat' dir='ltr'><strong>res</strong></span> <span class='ocrx_word' id='word_1_195' title='bbox 1105 2110 1394 2155; x_wconf 85' lang='lat' dir='ltr'><strong>beneficiales</strong></span> <span class='ocrx_word' id='word_1_196' title='bbox 1441 2109 1653 2154; x_wconf 86' lang='lat' dir='ltr'><strong>concedit</strong></span> <span class='ocrx_word' id='word_1_197' title='bbox 1702 2108 1986 2167; x_wconf 84' lang='lat' dir='ltr'><strong>beneplacita</strong></span> 
     </span>
     <span class='ocr_line' id='line_1_26' title="bbox 205 2191 1987 2253; baseline -0.002 -15"><span class='ocrx_word' id='word_1_198' title='bbox 205 2193 451 2252; x_wconf 85' lang='lat' dir='ltr'><strong>apostolica</strong></span> <span class='ocrx_word' id='word_1_199' title='bbox 483 2207 619 2251; x_wconf 90' lang='lat' dir='ltr'><strong>super</strong></span> <span class='ocrx_word' id='word_1_200' title='bbox 650 2193 1005 2238; x_wconf 89' lang='lat' dir='ltr'><strong>alienationibus</strong></span> <span class='ocrx_word' id='word_1_201' title='bbox 1036 2193 1224 2253; x_wconf 80' lang='lat' dir='ltr'><strong>aliisque</strong></span> <span class='ocrx_word' id='word_1_202' title='bbox 1259 2193 1650 2238; x_wconf 85' lang='lat' dir='ltr'><strong>conventionibus</strong></span> <span class='ocrx_word' id='word_1_203' title='bbox 1682 2192 1727 2236; x_wconf 92' lang='lat' dir='ltr'><strong>in</strong></span> <span class='ocrx_word' id='word_1_204' title='bbox 1761 2194 1875 2236; x_wconf 89' lang='lat' dir='ltr'><strong>bona</strong></span> <span class='ocrx_word' id='word_1_205' title='bbox 1912 2191 1987 2235; x_wconf 87' lang='lat' dir='ltr'><strong>be-</strong></span> 
     </span>
     <span class='ocr_line' id='line_1_27' title="bbox 206 2275 1986 2335; baseline -0.001 -15"><span class='ocrx_word' id='word_1_206' title='bbox 206 2276 429 2321; x_wconf 79' lang='lat' dir='ltr'><strong>neficialia</strong></span> <span class='ocrx_word' id='word_1_207' title='bbox 461 2276 644 2335; x_wconf 77' lang='lat' dir='ltr'><strong>quando</strong></span> <span class='ocrx_word' id='word_1_208' title='bbox 681 2277 808 2321; x_wconf 70' lang='lat' dir='ltr'><strong>xalor</strong></span> <span class='ocrx_word' id='word_1_209' title='bbox 849 2277 1043 2321; x_wconf 85' lang='lat' dir='ltr'><strong>excedat</strong></span> <span class='ocrx_word' id='word_1_210' title='bbox 1089 2290 1318 2321; x_wconf 74' lang='lat' dir='ltr'><strong>sumniam</strong></span> <span class='ocrx_word' id='word_1_211' title='bbox 1353 2278 1511 2321; x_wconf 88' lang='lat' dir='ltr'><strong>decem</strong></span> <span class='ocrx_word' id='word_1_212' title='bbox 1561 2276 1833 2320; x_wconf 88' lang='lat' dir='ltr'><strong>ducatorum</strong></span> <span class='ocrx_word' id='word_1_213' title='bbox 1888 2275 1986 2319; x_wconf 85' lang='lat' dir='ltr'><strong>auri</strong></span> 
     </span>
     <span class='ocr_line' id='line_1_28' title="bbox 205 2360 1987 2420; baseline 0 -16"><span class='ocrx_word' id='word_1_214' title='bbox 205 2360 259 2404; x_wconf 92' lang='lat' dir='ltr'><strong>de</strong></span> <span class='ocrx_word' id='word_1_215' title='bbox 301 2362 505 2405; x_wconf 89' lang='lat' dir='ltr'><strong>Camera.</strong></span> <span class='ocrx_word' id='word_1_216' title='bbox 541 2361 583 2404; x_wconf 71' lang='lat'><strong>4.</strong></span> <span class='ocrx_word' id='word_1_217' title='bbox 621 2360 822 2405; x_wconf 88' lang='lat' dir='ltr'><strong>Tandem</strong></span> <span class='ocrx_word' id='word_1_218' title='bbox 870 2360 955 2405; x_wconf 89' lang='lat' dir='ltr'><strong>alia</strong></span> <span class='ocrx_word' id='word_1_219' title='bbox 1002 2361 1187 2419; x_wconf 87' lang='lat' dir='ltr'><strong>expedit</strong></span> <span class='ocrx_word' id='word_1_220' title='bbox 1226 2361 1482 2407; x_wconf 80' lang='lat' dir='ltr'><strong>necessaria</strong></span> <span class='ocrx_word' id='word_1_221' title='bbox 1517 2362 1698 2420; x_wconf 81' lang='lat' dir='ltr'><strong>negotia</strong></span> <span class='ocrx_word' id='word_1_222' title='bbox 1739 2362 1875 2406; x_wconf 88' lang='lat' dir='ltr'><strong>nnius</strong></span> <span class='ocrx_word' id='word_1_223' title='bbox 1907 2366 1987 2406; x_wconf 89' lang='lat' dir='ltr'><strong>aut</strong></span> 
     </span>
     <span class='ocr_line' id='line_1_29' title="bbox 207 2442 867 2500; baseline 0.005 -15"><span class='ocrx_word' id='word_1_224' title='bbox 207 2442 395 2486; x_wconf 89' lang='lat' dir='ltr'><strong>alterius</strong></span> <span class='ocrx_word' id='word_1_225' title='bbox 427 2442 639 2486; x_wconf 84' lang='lat' dir='ltr'><strong>recensiti</strong></span> <span class='ocrx_word' id='word_1_226' title='bbox 674 2443 867 2500; x_wconf 84' lang='lat' dir='ltr'><strong>generis.</strong></span> 
     </span>
    </p>

    <p class='ocr_par' dir='ltr' id='par_1_8' title="bbox 202 2524 1987 3086">
     <span class='ocr_line' id='line_1_30' title="bbox 324 2524 1986 2584; baseline 0.002 -16"><span class='ocrx_word' id='word_1_227' title='bbox 324 2525 423 2569; x_wconf 72' lang='lat'><strong>522.</strong></span> <span class='ocrx_word' id='word_1_228' title='bbox 464 2524 722 2570; x_wconf 83' lang='lat' dir='ltr'><strong>Decisiones</strong></span> <span class='ocrx_word' id='word_1_229' title='bbox 753 2540 870 2584; x_wconf 79' lang='lat' dir='ltr'><strong>quae</strong></span> <span class='ocrx_word' id='word_1_230' title='bbox 902 2541 927 2571; x_wconf 89' lang='lat' dir='ltr'><strong>a</strong></span> <span class='ocrx_word' id='word_1_231' title='bbox 965 2526 1144 2571; x_wconf 88' lang='lat' dir='ltr'><strong>Dataria</strong></span> <span class='ocrx_word' id='word_1_232' title='bbox 1171 2531 1458 2584; x_wconf 85' lang='lat' dir='ltr'><strong>promanant,</strong></span> <span class='ocrx_word' id='word_1_233' title='bbox 1485 2526 1625 2584; x_wconf 89' lang='lat' dir='ltr'><strong>ipsius</strong></span> <span class='ocrx_word' id='word_1_234' title='bbox 1651 2526 1881 2571; x_wconf 71' lang='lat' dir='ltr'><strong>pontificis</strong></span> <span class='ocrx_word' id='word_1_235' title='bbox 1904 2528 1986 2571; x_wconf 90' lang='lat' dir='ltr'><strong>im-</strong></span> 
     </span>
     <span class='ocr_line' id='line_1_31' title="bbox 206 2607 1987 2673; baseline 0.003 -23"><span class='ocrx_word' id='word_1_236' title='bbox 206 2607 402 2651; x_wconf 84' lang='lat' dir='ltr'><strong>mediate</strong></span> <span class='ocrx_word' id='word_1_237' title='bbox 435 2608 758 2653; x_wconf 87' lang='lat' dir='ltr'><strong>auctoritatem</strong></span> <span class='ocrx_word' id='word_1_238' title='bbox 783 2610 970 2667; x_wconf 87' lang='lat' dir='ltr'><strong>habent;</strong></span> <span class='ocrx_word' id='word_1_239' title='bbox 998 2611 1105 2655; x_wconf 88' lang='lat' dir='ltr'><strong>hinc</strong></span> <span class='ocrx_word' id='word_1_240' title='bbox 1130 2625 1220 2655; x_wconf 93' lang='lat' dir='ltr'><strong>non</strong></span> <span class='ocrx_word' id='word_1_241' title='bbox 1245 2611 1380 2673; x_wconf 85' lang='lat' dir='ltr'><strong>datur</strong></span> <span class='ocrx_word' id='word_1_242' title='bbox 1403 2610 1662 2669; x_wconf 86' lang='lat' dir='ltr'><strong>appellatio,</strong></span> <span class='ocrx_word' id='word_1_243' title='bbox 1692 2611 1875 2670; x_wconf 88' lang='lat' dir='ltr'><strong>querela</strong></span> <span class='ocrx_word' id='word_1_244' title='bbox 1902 2624 1987 2655; x_wconf 93' lang='lat' dir='ltr'><strong>nec</strong></span> 
     </span>
     <span class='ocr_line' id='line_1_32' title="bbox 203 2691 1986 2752; baseline 0.002 -17"><span class='ocrx_word' id='word_1_245' title='bbox 203 2691 325 2739; x_wconf 86' lang='lat' dir='ltr'><strong>aliud</strong></span> <span class='ocrx_word' id='word_1_246' title='bbox 359 2692 611 2737; x_wconf 89' lang='lat' dir='ltr'><strong>remedium</strong></span> <span class='ocrx_word' id='word_1_247' title='bbox 635 2694 688 2738; x_wconf 90' lang='lat' dir='ltr'><strong>ad</strong></span> <span class='ocrx_word' id='word_1_248' title='bbox 715 2693 1025 2752; x_wconf 82' lang='lat' dir='ltr'><strong>impugnanda</strong></span> <span class='ocrx_word' id='word_1_249' title='bbox 1055 2699 1157 2740; x_wconf 89' lang='lat' dir='ltr'><strong>acta</strong></span> <span class='ocrx_word' id='word_1_250' title='bbox 1185 2696 1392 2740; x_wconf 83' lang='lat' dir='ltr'><strong>Datariae</strong></span> <span class='ocrx_word' id='word_1_251' title='bbox 1428 2697 1605 2741; x_wconf 86' lang='lat' dir='ltr'><strong>ratione</strong></span> <span class='ocrx_word' id='word_1_252' title='bbox 1639 2696 1878 2752; x_wconf 89' lang='lat' dir='ltr'><strong>nullitatis,</strong></span> <span class='ocrx_word' id='word_1_253' title='bbox 1905 2700 1986 2741; x_wconf 90' lang='lat' dir='ltr'><strong>aut</strong></span> 
     </span>
     <span class='ocr_line' id='line_1_33' title="bbox 203 2773 1987 2838; baseline 0.004 -22"><span class='ocrx_word' id='word_1_254' title='bbox 203 2773 445 2819; x_wconf 85' lang='lat' dir='ltr'><strong>cuiuslibet</strong></span> <span class='ocrx_word' id='word_1_255' title='bbox 466 2774 653 2820; x_wconf 87' lang='lat' dir='ltr'><strong>alterius</strong></span> <span class='ocrx_word' id='word_1_256' title='bbox 684 2775 894 2820; x_wconf 85' lang='lat' dir='ltr'><strong>actionis.</strong></span> <span class='ocrx_word' id='word_1_257' title='bbox 931 2780 1120 2821; x_wconf 86' lang='lat' dir='ltr'><strong>Constat</strong></span> <span class='ocrx_word' id='word_1_258' title='bbox 1151 2778 1374 2823; x_wconf 85' lang='lat' dir='ltr'><strong>Cardinali</strong></span> <span class='ocrx_word' id='word_1_259' title='bbox 1404 2778 1665 2823; x_wconf 79' lang='lat' dir='ltr'><strong>I&#39;rodatario</strong></span> <span class='ocrx_word' id='word_1_260' title='bbox 1694 2780 1770 2838; x_wconf 78' lang='lat' dir='ltr'><strong>qui</strong></span> <span class='ocrx_word' id='word_1_261' title='bbox 1807 2783 1987 2837; x_wconf 87' lang='lat' dir='ltr'><strong>tempus</strong></span> 
     </span>
     <span class='ocr_line' id='line_1_34' title="bbox 202 2855 1986 2915; baseline 0.003 -15"><span class='ocrx_word' id='word_1_262' title='bbox 202 2855 334 2901; x_wconf 86' lang='lat' dir='ltr'><strong>datae</strong></span> <span class='ocrx_word' id='word_1_263' title='bbox 367 2857 538 2914; x_wconf 85' lang='lat' dir='ltr'><strong>gratiae</strong></span> <span class='ocrx_word' id='word_1_264' title='bbox 570 2858 777 2915; x_wconf 90' lang='lat' dir='ltr'><strong>adnotat,</strong></span> <span class='ocrx_word' id='word_1_265' title='bbox 815 2861 1019 2905; x_wconf 88' lang='lat' dir='ltr'><strong>Praelato</strong></span> <span class='ocrx_word' id='word_1_266' title='bbox 1051 2861 1319 2906; x_wconf 89' lang='lat' dir='ltr'><strong>Subdatario</strong></span> <span class='ocrx_word' id='word_1_267' title='bbox 1353 2863 1483 2906; x_wconf 90' lang='lat' dir='ltr'><strong>cuius</strong></span> <span class='ocrx_word' id='word_1_268' title='bbox 1516 2867 1584 2905; x_wconf 86' lang='lat' dir='ltr'><strong>est</strong></span> <span class='ocrx_word' id='word_1_269' title='bbox 1611 2862 1768 2907; x_wconf 84' lang='lat' dir='ltr'><strong>Brevia</strong></span> <span class='ocrx_word' id='word_1_270' title='bbox 1792 2862 1986 2907; x_wconf 87' lang='lat' dir='ltr'><strong>subscri-</strong></span> 
     </span>
     <span class='ocr_line' id='line_1_35' title="bbox 204 2938 1983 3003; baseline 0.003 -20"><span class='ocrx_word' id='word_1_271' title='bbox 204 2938 311 2984; x_wconf 90' lang='lat' dir='ltr'><strong>bere</strong></span> <span class='ocrx_word' id='word_1_272' title='bbox 343 2944 390 2984; x_wconf 90' lang='lat' dir='ltr'><strong>et</strong></span> <span class='ocrx_word' id='word_1_273' title='bbox 420 2943 724 2999; x_wconf 85' lang='lat' dir='ltr'><strong>Transumpta</strong></span> <span class='ocrx_word' id='word_1_274' title='bbox 762 2942 970 2987; x_wconf 88' lang='lat' dir='ltr'><strong>Datariae</strong></span> <span class='ocrx_word' id='word_1_275' title='bbox 1017 2957 1070 2987; x_wconf 87' lang='lat' dir='ltr'><strong>ac</strong></span> <span class='ocrx_word' id='word_1_276' title='bbox 1105 2943 1418 2988; x_wconf 76' lang='lat' dir='ltr'><strong>vices-batarii</strong></span> <span class='ocrx_word' id='word_1_277' title='bbox 1454 2944 1499 2988; x_wconf 92' lang='lat' dir='ltr'><strong>in</strong></span> <span class='ocrx_word' id='word_1_278' title='bbox 1549 2959 1714 3002; x_wconf 83' lang='lat' dir='ltr'><strong>genere</strong></span> <span class='ocrx_word' id='word_1_279' title='bbox 1757 2944 1983 3003; x_wconf 78' lang='lat' dir='ltr'><strong>fungitur,</strong></span> 
     </span>
     <span class='ocr_line' id='line_1_36' title="bbox 206 3021 1981 3086; baseline 0.003 -21"><span class='ocrx_word' id='word_1_280' title='bbox 206 3021 420 3067; x_wconf 80' lang='lat' dir='ltr'><strong>Auditore</strong></span> <span class='ocrx_word' id='word_1_281' title='bbox 451 3023 529 3082; x_wconf 91' lang='lat' dir='ltr'><strong>qui</strong></span> <span class='ocrx_word' id='word_1_282' title='bbox 551 3023 606 3067; x_wconf 92' lang='lat' dir='ltr'><strong>de</strong></span> <span class='ocrx_word' id='word_1_283' title='bbox 631 3024 848 3069; x_wconf 85' lang='lat' dir='ltr'><strong>mandato</strong></span> <span class='ocrx_word' id='word_1_284' title='bbox 871 3025 1122 3070; x_wconf 74' lang='lat' dir='ltr'><strong>cardinalis</strong></span> <span class='ocrx_word' id='word_1_285' title='bbox 1148 3025 1395 3070; x_wconf 80' lang='lat' dir='ltr'><strong>Prodatarii</strong></span> <span class='ocrx_word' id='word_1_286' title='bbox 1431 3026 1581 3085; x_wconf 88' lang='lat' dir='ltr'><strong>aliqua</strong></span> <span class='ocrx_word' id='word_1_287' title='bbox 1606 3027 1789 3085; x_wconf 83' lang='lat' dir='ltr'><strong>negotia</strong></span> <span class='ocrx_word' id='word_1_288' title='bbox 1813 3027 1981 3086; x_wconf 86' lang='lat' dir='ltr'><strong>explet.</strong></span> 
     </span>
    </p>
   </div>
  </div>
 </body>
</html>
