2176 3386
213 168 294 208 288
859 178 970 208 PARS
998 179 1022 207 1.
1058 179 1115 207 DE
1144 178 1358 207 Pssnsoms

214 291 438 336 stinctum
476 289 704 335 vicarium
745 287 1007 346 generalem
1050 286 1353 343 constituere5
1400 286 1493 331 imo
1535 285 1602 330 uti
1639 287 1822 345 quando
1859 286 2000 331 etiam

217 374 353 419 dehet
377 374 408 417 ².

335 456 435 500 555.
465 454 674 499 Diximus
691 453 727 499 si
752 453 919 498 habeat
941 453 1053 497 duas
1075 452 1307 496 dioeceses
1329 464 1472 510 aeque
1496 451 1808 509 principaliter
1830 450 1998 495 unitas.

220 540 402 585 Etenim
431 538 653 583 beneficia
678 537 919 596 tripliciter
945 536 1170 580 uniuntur
1202 535 1247 591 a)
1276 535 1446 579 unione
1469 534 1588 579 tituli
1613 533 1872 579 extinctiva
1895 548 2001 578 cum

220 638 278 668 ex
301 623 478 669 duobus
513 621 746 667 beneficiis
778 620 830 665 fit
852 634 998 664 unum
1024 618 1214 664 tertium
1238 617 1531 675 beneficium;
1566 618 1605 673 b)
1645 617 1815 662 unione
1849 617 2004 662 minus

221 706 457 765 principali
485 719 591 749 cum
614 703 804 748 inferior
830 703 1029 748 Ecclesia
1053 702 1305 747 accessorie
1330 701 1549 759 superiori
1586 701 1758 744 unitur.
1804 700 2004 745 Ecclesia

220 783 426 848 superior
458 791 528 833 est
560 787 758 842 matrix3
796 785 986 830 inferior
1019 785 1180 830 filialis
1231 788 1386 830 Cessat
1424 798 1502 843 per
1534 784 1654 828 hanc
1697 783 1915 828 unionem
1948 783 2004 826 ti-

220 873 344 917 tulus
386 872 614 917 Ecclesiae
647 869 877 915 inferioris
909 874 955 914 et
988 869 1182 913 habetur
1214 873 1264 912 ut
1298 881 1399 926 pars
1430 866 1617 912 alterius
1649 867 1720 911 cui
1754 865 2005 911 accessorie

221 956 382 1000 unitur
412 969 620 1014 quaeque
653 953 886 1012 proprium
920 952 1108 997 titulum
1141 956 1308 996 servat.

343 1041 380 1095 c)
424 1039 601 1083 L'nione
634 1052 778 1096 aeque
820 1036 1059 1095 principali
1106 1050 1247 1094 quum
1297 1039 1488 1093 utraque
1541 1032 1734 1078 Ecclesia
1773 1031 2006 1090 proprium

223 1124 409 1168 titulum
444 1128 599 1167 servet
630 1127 677 1166 et
708 1121 978 1166 distinctum
1012 1121 1134 1164 inter
1165 1133 1228 1164 se.

345 1208 386 1263 2)
421 1204 778 1251 constituuntur
809 1204 960 1263 plures
988 1203 1155 1248 Vicarii
1190 1203 1253 1246 ita
1288 1207 1337 1245 ut
1370 1201 1603 1246 (lividatur
1639 1214 1799 1244 eorum
1833 1197 2008 1243 iurisdi-

225 1290 341 1346 ctio;
377 1295 424 1334 et
455 1291 570 1333 aller
600 1289 764 1333 habeat
790 1287 1152 1331 iurisdictionem
1176 1285 1486 1331 voluntariam
1514 1284 1590 1343 qui
1613 1283 1781 1327 dicitur
1803 1281 2010 1327 Vicarius

226 1373 476 1431 generalis3
513 1377 558 1416 et
590 1373 706 1416 alter
741 1369 1104 1416 iurisdictionem
1139 1368 1478 1414 contentiosam
1513 1367 1588 1426 qui
1623 1367 1791 1411 dicitur
1834 1365 2010 1424 proprie

227 1456 446 1502 officialis.
485 1456 613 1510 Quod
647 1455 693 1499 in
723 1454 820 1499 iure
854 1468 947 1498 non
983 1453 1266 1511 reprobatur,
1303 1452 1388 1496 etsi
1422 1450 1685 1509 plenissime
1719 1450 1829 1494 iuris
1861 1449 2010 1493 inten-

227 1540 342 1585 tioni
376 1554 468 1584 non
503 1542 688 1597 aptetur
721 1552 827 1582 cum
852 1537 1173 1581 Tridentinum
1204 1540 1309 1594 agat
1342 1549 1435 1579 non
1458 1534 1512 1578 de
1539 1533 1727 1579 Vicariis
1760 1534 1835 1577 sed
1859 1533 1914 1577 de
1940 1533 2010 1577 Vi-

229 1622 352 1667 cario
385 1621 601 1679 generali.

349 1706 390 1761 5)
428 1705 783 1751 Constituuntur
826 1703 977 1760 plures
1014 1700 1179 1745 Vicarii
1225 1700 1459 1758 generales
1500 1703 1727 1757 quatenus
1771 1697 2013 1755 procedere

231 1789 406 1847 possint
440 1788 485 1831 in
520 1787 714 1831 solidum
749 1791 795 1831 et
829 1785 900 1830 ille
926 1785 1099 1843 primus
1133 1783 1314 1841 negotia
1339 1781 1553 1840 expediat
1583 1783 1659 1840 qui
1693 1795 1745 1825 ea
1786 1780 1908 1838 prius
1940 1793 2012 1824 oc-

231 1876 498 1930 cupaverat.
551 1876 646 1915 Hoc
680 1870 850 1928 pariter
884 1883 976 1913 non
1012 1868 1281 1927 reprobatur
1315 1867 1361 1911 in
1406 1866 1528 1921 iure,
1563 1864 1647 1908 etsi
1680 1878 1773 1908 non
1814 1863 1873 1908 sit
1905 1863 2016 1907 iuris

231 1955 479 2000 intentioni
514 1959 882 1999 consentaneum
916 1966 1023 1997 cum
1058 1952 1126 1996 ius
1158 1956 1263 2009 agat
1294 1951 1348 1995 de
1384 1949 1561 1994 Vicario
1595 1962 1688 1993 non
1721 1948 1776 1992 de
1810 1946 2011 1991 Vicariis.

234 2041 290 2084 At
323 2039 433 2083 haec
467 2038 751 2082 consuetudo
786 2036 852 2080 uti
889 2035 1041 2094 vigeat
1090 2033 1389 2079 condemnari
1425 2046 1516 2077 non
1559 2032 1693 2076 debet
1716 2032 1748 2087 ²,
1792 2030 1898 2090 quia
1936 2030 2016 2073 has

233 2120 590 2166 consuetudines
613 2120 696 2164 etsi
722 2119 928 2177 cognitas
963 2118 1194 2175 legislator
1227 2131 1320 2161 non
1346 2117 1558 2174 reprobat
1580 2114 1723 2159 immo
1744 2114 2017 2173 quandoque

234 2206 430 2266 positive
474 2205 709 2264 approbat.
766 2208 936 2248 Romae
985 2202 1110 2246 enim
1154 2200 1464 2259 expediuntur
1511 2199 1689 2243 litterae
1734 2197 2016 2255 Apostolicae

234 2291 454 2349 Episcopo
487 2293 534 2333 et
558 2287 749 2333 Vicariis
783 2286 987 2331 eiusdem
1022 2286 1069 2329 in
1107 2283 1418 2343 spiritualibus
1454 2282 1732 2327 constitutis.
1773 2284 1921 2334 Quare
1957 2284 2019 2324 Dc

237 2373 456 2431 Angelis²
491 2372 555 2416 ait
590 2390 609 2411 a
637 2370 770 2416 hodie
816 2370 931 2414 solet
963 2383 987 2413 a
1022 2367 1193 2413 iuristis
1239 2367 1302 2411 ita
1345 2366 1459 2411 solvi
1500 2366 1612 2409 haec
1653 2363 1860 2423 quaestio
1905 2363 2021 2407 idest

236 2457 313 2501 ubi
362 2456 646 2502 consuetudo
685 2455 776 2499 iam
811 2453 935 2511 viget
968 2453 1036 2497 ius
1076 2452 1248 2510 patitur
1282 2456 1330 2494 ut
1365 2450 1514 2508 plures
1549 2447 1705 2493 vicarii
1741 2446 1788 2491 in
1825 2446 2019 2491 solidum

236 2541 603 2595 constituantur3
639 2545 687 2584 at
721 2537 796 2582 ubi
822 2538 934 2582 haec
966 2535 1250 2581 consuetudo
1279 2548 1371 2579 non
1399 2537 1486 2589 est,
1511 2546 1604 2577 non
1638 2530 1921 2590 permittitur
1954 2529 2020 2573 in-

238 2623 416 2668 troduci
446 2641 485 2667 n.

359 2838 369 2857 ¹
398 2838 452 2874 Ita
478 2837 627 2873 resolvit
655 2836 689 2872 S.
717 2835 962 2881 Congregatio
1002 2833 1123 2878 Episc.
1151 2835 1185 2868 et
1212 2830 1340 2876 Regul.
1370 2831 1407 2866 in
1438 2830 1587 2866 Sutrino
1615 2828 1730 2871 1594,
1758 2832 1793 2864 et
1819 2826 1941 2873 prouti
1967 2825 2027 2862 de-

240 2909 386 2946 ducitur
411 2919 457 2945 ex
483 2908 565 2945 aliis
592 2907 859 2944 decisionibus.

360 2981 371 2999 ²
400 2981 459 3017 Uti
485 2980 636 3017 resolvit
663 2980 697 3015 S.
724 2978 859 3024 Congr.
887 2977 997 3014 Conc.
1025 2974 1064 3012 in
1090 2975 1326 3012 Lancianensi
1354 2973 1457 3011 1599.

365 3051 378 3071 ³
405 3052 445 3088 Η.
474 3055 498 3088 t.
523 3060 560 3087 n.
585 3049 618 3087 9.
