2176 3386
241 131 317 201 ἰέὃ.
880 173 991 202 PARS
1020 174 1044 202 1.
1079 174 1137 202 DE
1166 173 1378 203 PERSONIS

242 285 360 326 nunt
391 280 614 327 eiusmodi
647 296 807 328 curam
840 288 978 343 atque
1022 283 1473 330 administrationem
1500 303 1536 330 n.
1575 286 1617 341 2)
1654 286 1885 333 Benedict.
1921 291 2019 333 XIV

241 363 485 409 confirmat
532 365 813 410 decisionem
856 367 898 410 S.
935 369 1096 424 Congr.
1132 366 1458 424 Episcoporum
1500 372 1547 412 et
1591 368 1884 426 Regularium
1929 384 2018 430 qua

242 445 409 491 dicitur
454 447 573 506 quod
610 449 853 505 Regulares
902 448 1086 506 parochi
1119 462 1197 493 seu
1231 447 1378 494 curati
1420 452 1669 494 teneantur
1714 451 1927 509 excipere
1973 456 2021 497 et

242 527 460 572 adiuvare
484 529 796 574 missionarios
827 543 940 589 quos
973 530 1130 575 mittat
1163 530 1409 589 Episcopus
1441 535 1551 576 ante
1583 532 1680 577 eius
1706 532 2018 579 visitationem

242 610 296 654 ad
331 612 546 669 populum
581 612 853 656 docendum.
890 613 931 667 5)
969 612 1220 658 Confirmat
1252 613 1533 659 decisionem
1566 618 1728 661 Sacrae
1768 619 2019 675 Congrega·

241 692 380 737 tionis
415 697 495 738 EE.
532 698 624 738 RR.
660 709 748 753 qua
782 695 1043 739 declaratur
1075 709 1202 753 posse
1228 695 1508 754 Episcopum
1549 697 1595 742 in
1633 699 1842 743 Ecclesiis
1878 703 2016 758 Regu-

241 775 403 820 larium
444 777 541 821 sive
590 777 926 835 parochialibus
973 778 1071 823 sive
1106 792 1227 834 non,
1263 785 1605 824 sacramentum
1655 781 2020 828 confirmationis

240 858 576 905 administrare.
613 862 656 917 4)
685 865 935 905 Enumerat
968 864 1184 906 Summus
1208 862 1418 907 Pontifex
1451 863 1559 922 quid
1584 864 1742 909 visitet
1777 865 2019 923 Episcopus

241 940 286 985 in
326 942 533 987 Ecclesiis
575 943 908 1000 parochialibus
958 945 1248 1001 Regularium
1283 945 1309 989 i.
1345 960 1382 990 e.
1416 948 1558 991 altare
1605 948 1651 991 in
1685 961 1774 1007 quo
1807 953 2020 992 servatur

241 1025 568 1081 Eucharistiae,
597 1028 771 1071 fontem
807 1027 1123 1084 baptismalem
1146 1028 1182 1072 si
1206 1028 1339 1084 adsit,
1378 1029 1618 1087 pulpitum,
1643 1030 1912 1086 sacrarium,
1947 1045 2018 1076 ce-

239 1108 500 1163 meterium,
538 1109 702 1152 turrim
738 1123 1070 1167 campanarum
1105 1116 1150 1154 et
1182 1111 1337 1155 omnia
1365 1126 1472 1156 vasa
1496 1126 1624 1157 sacra
1659 1127 1712 1157 ac
1745 1127 1922 1157 sacram
1945 1126 2017 1157 su-

240 1190 526 1247 pellectilem.
565 1188 605 1245 5)
643 1192 799 1245 Quoad
835 1193 1023 1237 l'arochi
1059 1194 1277 1251 regularis
1321 1208 1560 1252 personam
1607 1210 1698 1240 non
1737 1195 1926 1254 inquirit
1957 1210 2017 1240 an

237 1278 391 1316 servet
422 1273 707 1331 disciplinam
744 1276 998 1332 regularem
1034 1277 1105 1320 vel
1141 1291 1250 1332 non,
1287 1277 1364 1321 sed
1397 1277 1451 1321 de
1486 1277 1582 1322 eius
1616 1279 1711 1322 vita
1744 1283 1790 1322 et
1817 1277 2018 1322 moribus

235 1355 382 1412 quoad
416 1356 614 1400 officium
652 1357 935 1414 parochiale,
971 1373 1029 1403 an
1064 1365 1216 1404 servet
1262 1359 1556 1404 residentiam
1589 1365 1676 1406 etc.
1729 1356 1770 1416 6)
1815 1361 1879 1405 Ad
1919 1361 2016 1418 Epi-

235 1449 422 1495 scopum
457 1452 509 1482 ac
540 1439 595 1483 ad
629 1440 921 1497 superiorum
946 1443 1226 1499 Regularcm
1263 1443 1462 1500 pertinet
1494 1457 1655 1488 curare
1688 1443 1829 1488 etiam
1860 1444 2017 1502 poenis

237 1522 505 1578 opportunis
538 1527 587 1566 ut
622 1524 846 1580 parochus
893 1525 1110 1582 regularis
1147 1526 1291 1570 oilicia
1329 1525 1604 1583 parochialia
1647 1526 1918 1583 adimpleat:
1969 1526 2015 1571 in

236 1604 451 1649 conflictu
487 1606 720 1663 praevalet
756 1607 1013 1665 Episcopus.
1051 1608 1092 1662 7)
1132 1612 1180 1652 ln
1217 1609 1519 1666 parochianos
1554 1608 1784 1668 inquirere
1819 1608 2017 1666 pertinet

236 1689 471 1732 exclusixe
504 1689 558 1733 ad
597 1689 881 1748 Episcopum.

353 1772 453 1816 2⁹20.
486 1775 538 1815 1η
554 1778 692 1828 parte
717 1775 767 1815 ‘2⁶²
793 1774 1133 1818 Consliczttiom's
1156 1773 1323 1818 dicitur
1345 1773 1535 1833 quinam
1556 1775 1827 1819 eximuntur
1843 1789 1868 1819 a
1888 1775 2015 1819 iuris-

234 1852 433 1897 dictione
470 1855 810 1912 Episcoporum.
853 1855 1130 1900 Eximuntur
1167 1858 1203 1912 l)
1244 1856 1439 1902 Abbates
1474 1857 1642 1901 nullius
1675 1863 1720 1901 et
1752 1857 1879 1916 quasi
1917 1859 2014 1903 nul-

234 1937 318 1982 lius
350 1938 497 1997 quoad
534 1939 809 1982 monasteria
844 1943 889 1982 et
921 1940 1019 1984 loca
1054 1940 1099 1984 in
1123 1940 1286 1999 quibus
1317 1941 1505 1985 abbates
1528 1941 1600 1986 vel
1635 1941 1908 1998 regularium
1943 1954 2013 1986 su-

235 2022 433 2080 periores
475 2021 821 2067 iurisdictionen
870 2023 1179 2081 Episcopalem
1214 2029 1260 2068 et
1294 2026 1593 2082 temporalem
1629 2025 1675 2068 in
1718 2026 1938 2082 parochos
1969 2029 2016 2069 et

232 2104 533 2160 parochianos
566 2110 803 2160 exercent,
839 2105 979 2150 salvis
1014 2106 1186 2150 iuribus
1218 2120 1334 2165 quae
1367 2121 1424 2151 ex
1459 2107 1601 2151 altera
1644 2119 1780 2151 causa
1826 2107 1880 2151 ad
1917 2107 2014 2165 Epi-

231 2199 390 2244 scopos
423 2187 669 2244 pertinent.
708 2189 749 2243 2)
787 2189 1090 2246 Excipiuntur
1123 2190 1399 2234 monasteria
1422 2203 1539 2248 quae
1562 2202 1719 2234 curam
1751 2189 2012 2234 animarum

233 2272 452 2312 exercent
486 2268 530 2312 in
565 2269 728 2326 quibus
772 2269 984 2325 Superior
1030 2270 1262 2328 Regularis
1294 2275 1340 2315 et
1372 2270 1609 2316 Generalis
1650 2271 1930 2316 ordinariam
1969 2277 2013 2316 et

231 2349 530 2409 principalem
565 2351 717 2396 sedem
745 2352 906 2396 habet:
945 2352 1185 2411 parochiae
1208 2358 1364 2398 tamen
1388 2354 1445 2398 ab
1468 2367 1522 2398 eo
1545 2354 1856 2412 dependentes
1877 2354 2013 2399 subii-

230 2431 417 2476 ciuntur
440 2433 693 2478 visitationi
722 2434 1062 2493 Episcoporum.
1100 2440 1211 2481 Item
1243 2436 1289 2481 in
1314 2436 1618 2495 parochianos
1648 2437 2009 2482 iurisdictionem

228 2520 415 2559 exercet
451 2515 708 2575 Episcopus.
757 2521 850 2561 [mo
888 2518 1093 2578 Episcopi
1127 2532 1379 2564 consensus
1424 2519 1673 2578 requiritur
1717 2524 1768 2563 ut
1801 2519 2013 2578 Superior

231 2597 463 2655 Regularis
500 2598 651 2643 valeat
695 2600 914 2657 deputare
964 2602 1213 2660 parochum
1264 2603 1534 2660 Regularem
1578 2607 1658 2647 aut
1702 2603 2006 2649 Saecularem.

230 2683 262 2724 E
295 2686 453 2725 contra
494 2681 739 2741 Episcopus
772 2682 942 2728 instare
977 2688 1140 2741 potest,
1177 2683 1418 2743 implorata
1451 2685 1488 2730 si
1522 2700 1636 2745 opus
1667 2686 1727 2730 sit
1758 2685 1898 2731 etiam
1933 2700 2010 2731 au·

228 2764 441 2809 ctoritate
481 2765 763 2824 Apostolicae
813 2766 939 2811 Sedis
980 2772 1030 2810 ut
1072 2768 1297 2826 parochus
1336 2781 1415 2813 seu
1457 2773 1646 2813 curatus
1694 2773 2005 2814 removeatur.

231 2848 438 2892 Declarat
468 2853 624 2894 autem
659 2851 699 2892 S.
740 2850 949 2894 Pontifex
983 2851 1102 2909 quod
1147 2851 1427 2897 monasteria
1461 2852 1508 2897 in
1540 2853 1706 2912 quibus
1739 2853 1886 2899 Abbas
1925 2856 2008 2899 Ge-

226 2931 393 2976 neralis
424 2944 504 2976 seu
538 2935 682 2990 Caput
712 2932 895 2978 Ordinis
927 2933 1081 2978 sedem
1115 2933 1396 2980 ordinariam
1441 2935 1606 2991 habet,
1643 2939 1752 2980 sunt
1784 2935 1857 2980 vel
1889 2948 2006 2994 quae

225 3014 290 3058 uti
324 3014 432 3060 talia
458 3020 850 3072 recognoscuntur
881 3015 1053 3060 ordinis
1075 3017 1483 3063 constitutionibus
1508 3019 1581 3063 vel
1614 3017 1874 3063 inveterata
1897 3030 2005 3062 con-
