2176 3386
793 160 925 202 'Lim-:R
954 171 978 199 1.
1013 168 1070 197 DE
1099 167 1291 199 CLER1C1S
1859 155 1939 196 309

156 285 378 331 viaticum
412 287 549 342 atque
581 286 842 326 extremam
876 277 1144 324 unctionem
1178 275 1374 321 infirmis
1406 277 1633 331 conferre,
1659 274 1804 335 iisque
1831 274 1936 320 assi-

155 374 274 414 stere
307 367 353 412 in
387 364 608 412 extremis
641 364 780 408 vitae.
1547 344 1555 352 ⁰

275 453 458 494 Praeter
490 449 618 503 haec,
657 445 834 491 Rituale
871 449 1129 490 Romanum
1165 442 1383 502 praecipit
1418 443 1656 498 parochis,
1693 447 1743 486 ut
1777 442 1823 487 in
1869 457 1938 488 ec·

156 533 305 578 clesiis
328 531 660 591 parochialibus
681 533 928 575 serventur
950 528 1049 573 libri
1075 527 1428 587 baptizatorum,
1462 531 1507 570 et
1540 526 1935 572 confirmatorum.

158 616 360 675 Suscepti
398 613 682 673 baptismatis
705 627 758 657 ac
781 611 1144 658 confirmationis
1167 611 1302 656 fidem
1333 611 1521 656 Parochi
1547 611 1698 655 facere
1721 615 1942 655 tenentur

159 703 205 745 et
239 714 316 758 pro
349 713 400 744 ea
427 703 615 756 possunt
637 697 816 742 solitam
843 697 1100 741 mercedem
1126 695 1326 753 exigere,
1353 694 1438 739 nisi
1463 695 1746 739 consuetudo
1774 695 1937 740 obstet.

157 782 334 828 Tertius
367 781 480 826 liber
512 781 571 826 sit
604 781 651 825 in
674 795 764 840 quo
791 779 1084 825 matrimonia
1108 784 1348 824 contracta
1372 778 1716 836 describantur;
1752 784 1943 838 quartus

157 866 510 911 demandabitur
533 864 784 910 referendis
809 863 1023 921 mortuis;
1060 862 1249 922 quintus
1281 867 1454 907 statum
1488 862 1750 907 animarum
1776 863 1942 908 descri-

160 955 287 1007 ptum
322 950 521 994 habebit.
562 949 719 1002 Quoad
757 962 866 992 vero
905 947 1106 1005 singulas
1154 947 1375 991 formulas
1421 946 1760 1000 observandas,
1800 947 1943 991 adim-

161 1035 320 1095 plenda
357 1038 465 1078 sunt
499 1031 775 1092 praescripta
797 1046 914 1093 quae
945 1032 991 1076 in
1024 1032 1182 1076 eodem
1222 1030 1385 1076 Rituali
1411 1034 1636 1090 prostant.
1663 1030 1774 1075 Heic
1797 1031 1942 1075 solum

159 1123 342 1163 notasse
384 1116 606 1162 sufficiat:
648 1118 684 1172 l)
723 1116 769 1160 in
805 1115 874 1161 his
907 1115 1032 1160 libris
1065 1114 1237 1160 nullam
1282 1114 1379 1159 lieri
1423 1127 1552 1172 posse
1595 1114 1943 1159 adnotationem

159 1203 230 1247 vel
259 1201 395 1246 verba
420 1200 642 1256 adhiberi,
677 1215 793 1260 quae
828 1200 963 1245 alicui
1000 1199 1215 1244 iniuriam
1252 1201 1322 1244 vel
1360 1199 1599 1243 infamiam
1619 1198 1851 1253 inferant,
1878 1203 1943 1243 ta-

161 1286 291 1331 metsi
323 1300 373 1330 ea
412 1284 592 1329 xeritati
630 1284 916 1329 innitantur:
953 1286 994 1341 2)
1023 1284 1057 1328 si
1094 1284 1247 1329 infans
1269 1288 1399 1329 extra
1428 1284 1684 1342 legitimum
1709 1284 1946 1329 matrimo-

161 1369 288 1413 nium
325 1373 460 1413 natus
494 1368 792 1426 baptizandus
835 1368 1084 1423 offeratur,
1137 1382 1229 1412 non
1263 1368 1427 1413 debere
1470 1383 1640 1413 nomen
1688 1373 1828 1427 patris
1868 1368 1945 1428 qui

162 1457 362 1510 putatur,
401 1452 585 1497 inscribi
613 1453 638 1496 ².

883 1598 1115 1627 AR‘HCULUS
1148 1599 1204 1627 lv.

722 1682 787 1724 De
819 1681 1001 1724 iuribus
1037 1680 1373 1724 Paroehoram.

281 1801 380 1857 Q.
422 1803 485 1843 Ex.
518 1813 656 1843 onere
690 1802 978 1843 sacramenta
1012 1798 1277 1843 conferendi
1315 1798 1548 1856 prolluunt
1586 1799 1682 1844 iura
1724 1814 1841 1859 quae
1881 1814 1948 1845 so·

163 1882 255 1926 lum
294 1882 498 1927 ecclesiis
533 1881 864 1940 parochialibus
897 1886 1183 1939 competunt.
1222 1885 1335 1925 Sunt
1368 1886 1522 1925 autem
1563 1883 1607 1940 l)
1634 1882 1701 1925 ius
1734 1883 1948 1926 servandi

162 1965 258 2009 olea
293 1978 437 2020 sacra,
474 1965 913 2010 cathecumenorum
938 1969 984 2010 et
1008 1964 1314 2019 infirmorum,
1352 1966 1393 2020 2)
1422 1965 1492 2010 ius
1525 1965 1733 2009 tradendi
1771 1965 1947 2023 publica

162 2061 344 2092 annuae
369 2047 709 2093 communionis
732 2047 1013 2103 testimonia,
1050 2049 1091 2103 5)
1122 2048 1369 2093 nonnullae
1404 2049 1666 2094 functiones
1698 2051 1844 2094 solum
1875 2064 1949 2108 pa·

165 2132 314 2177 rochis
346 2136 615 2190 competunt
646 2133 766 2178 sicut
798 2132 1054 2177 benedictio
1080 2132 1123 2176 in
1152 2132 1286 2177 Missa
1320 2135 1497 2191 sponsis
1528 2133 1848 2191 impertienda,
1874 2134 1950 2178 do-

165 2230 344 2260 morum
376 2216 632 2261 benedictio
665 2231 781 2276 quae
816 2217 860 2260 in
896 2217 1059 2261 Sabato
1084 2216 1268 2261 maioris
1293 2217 1602 2261 hebdomadae
1625 2218 1776 2273 datur,
1812 2219 1854 2271 4)
1884 2217 1952 2262 ius

166 2300 350 2345 Missam
376 2302 630 2345 solemnem
666 2300 774 2345 feria
804 2303 836 2343 V
864 2300 1046 2345 maioris
1081 2300 1392 2345 hebdomadae
1425 2301 1710 2356 celebrandi,
1747 2306 1953 2346 mortuos

165 2381 326 2426 efferre
374 2382 528 2442 eisque
572 2383 688 2428 iusta
732 2385 1017 2441 persolvere,
1071 2385 1111 2435 ὅ)
1153 2383 1493 2428 administratio
1538 2384 1821 2428 Sacramenti
1869 2387 1950 2427 Eu-

166 2466 409 2511 charistiae
458 2467 656 2524 paschali
704 2471 938 2525 tempore,
974 2467 1132 2512 viatici
1167 2482 1220 2512 ac
1253 2472 1491 2513 extremae
1530 2466 1762 2512 unctionis
1801 2472 1847 2512 et
1890 2467 1950 2511 ita

167 2563 314 2607 porro.
370 2549 620 2594 Recensitis
662 2549 835 2594 iuribus
874 2555 919 2594 et
952 2550 1267 2596 functionibus
1318 2551 1597 2608 respondent
1638 2551 1951 2595 emolumenta

167 2646 282 2691 quae
326 2632 567 2690 praecipua
609 2634 697 2678 duo
735 2638 844 2678 sunt
889 2635 927 2691 1)
959 2634 1325 2678 emolumentum
1368 2648 1426 2677 ex
1469 2633 1659 2677 decimis
1707 2634 1749 2690 2)
1781 2632 1951 2676 emolu-

169 2721 378 2760 mentum
413 2730 470 2760 ex
507 2715 757 2761 funeribus.

289 2875 298 2895 ¹
329 2876 408 2913 Sao.
436 2877 567 2922 congr.
595 2877 718 2923 Episc.
744 2883 780 2914 et
806 2878 894 2923 Reg.
922 2877 943 2912 2
972 2878 1090 2913 martii
1122 2876 1221 2914 1860.
