2176 3386
1340 0 1363 4 ἡ·
1380 0 1619 25 ξ-ξ,’,·νι-,,ςν-“-
1634 0 1686 10 ἰκ-
1703 0 1720 5 '⁷
1739 0 1844 22 “JV-‘⁴
1862 0 1897 11 v

782 172 912 219 Lim-:n
940 190 964 219 1.
999 190 1058 218 DE
1087 188 1281 218 CLEmms
1848 173 1923 215 161

141 297 262 358 quod
299 296 336 342 si
368 301 530 355 agatur
565 296 622 341 de
654 286 890 340 vicariatu
933 293 1118 339 noviter
1158 292 1470 347 instituendo,
1505 291 1633 336 adest
1681 290 1926 336 instructio

143 383 305 426 Sacrae
336 382 475 437 Cong.
515 383 641 436 Prop.
679 377 800 423 Fidei
825 377 945 423 circa
982 376 1170 421 modum
1202 375 1484 420 servandum
1519 369 1926 419 in'int'ormatione

141 477 260 523 quae
303 462 451 507 eidem
494 475 651 507 sacrae
693 459 1042 519 congregationi
1089 457 1349 503 exhibenda
1384 461 1450 502 est
1477 457 1505 501 ².
1557 457 1821 501 Notandum
1856 462 1928 501 est

141 546 263 606 quod
299 545 567 590 Benedictus
590 547 687 589 XIV
712 545 758 589 in
781 543 1119 589 Constitutione
1147 543 1491 587 Gravissimum
1514 540 1586 584 die
1613 540 1666 584 10
1690 544 1785 585 lan.
1818 540 1927 585 1755

144 628 386 674 constituit.
422 633 473 672 ut
512 632 683 672 Romae
729 641 885 672 coram
933 625 1031 670 eius
1077 625 1285 669 auditore
1336 636 1573 681 processus
1619 622 1927 667 conficeretur

145 725 282 770 super
311 711 581 770 qualitatem
620 723 840 769 personae
873 723 990 766 quae
1023 708 1069 752 in
1106 708 1198 752 Vic.
1235 710 1387 765 Apost.
1420 710 1540 751 esset
1572 705 1796 763 eligenda.

442 844 478 885 c)
503 862 550 865 —
575 842 634 877 De
660 841 890 877 extensione
918 839 1207 876 iurisdictionis
1233 839 1380 875 Victa-iz·
1407 838 1637 885 Apostolici.

270 960 371 1004 2¹15.
398 959 558 1003 Tribus
575 958 810 1017 principiis
828 957 1125 1002 determinari
1150 962 1298 1015 potest
1320 961 1521 1015 potestas
1543 956 1635 1002 Vic.
1658 956 1928 1015 Apostolici:

268 1043 305 1098 l)
340 1045 501 1087 -Vicar.
541 1043 816 1099 Apostolicus
848 1042 1096 1098 deputatus
1132 1060 1150 1080 a
1178 1055 1283 1085 cum
1318 1040 1624 1098 facultatibus
1658 1043 1932 1085 necessariis

146 1130 187 1167 et
218 1127 491 1181 opportunis
515 1142 534 1163 n
577 1126 924 1182 aequiparatur
958 1125 1192 1180 Episcopis
1231 1123 1505 1167 ordinariis
1538 1123 1727 1180 ideoque
1758 1122 1934 1179 qaudet

145 1212 365 1264 potestate
397 1206 614 1264 teyifera‚
654 1206 869 1251 iudiciali
898 1212 940 1250 et
972 1209 1200 1250 coactiva.-

270 1290 311 1346 2)
351 1291 557 1333 Vicari'us
589 1289 868 1346 Apostotieus
889 1291 1001 1347 quia
1020 1294 1287 1345 potestatem
1312 1288 1618 1332 ordinariam
1652 1300 1746 1330 vnon
1782 1286 1930 1341 habet,

151 1385 234 1415 nec
269 1377 331 1415 est
355 1373 605 1428 Episcopus
627 1373 949 1426 Dioeeesa'nus,
975 1371 1344 1415 iurisdictionem
1369 1372 1420 1414 iu
1440 1370 1657 1427 pluribus
1679 1370 1934 1413 limitatam

152 1453 300 1498 habet.

268 1538 310 1593 5)
348 1539 432 1580 Vic.
472 1538 748 1594 Apostolicus
789 1540 856 1582 uti
888 1538 1135 1595 Deleyatus
1169 1538 1448 1594 Apostolicae
1494 1537 1622 1580 Sedis
1663 1536 1937 1592 specialibus

152 1620 456 1677 facultatibus
487 1623 748 1678 insiynitur
779 1624 872 1664 sive
905 1636 960 1665 ew
993 1623 1241 1677 Rescriptis
1276 1623 1469 1665 Sacrar.
1511 1621 1936 1676 Congreqastonum

149 1706 241 1748 sive
273 1719 328 1748 ex
361 1704 665 1761 facultatibus
699 1705 1054 1748 Formutarum.

271 1790 371 1834 214.
403 1793 470 1833 Ea*
490 1792 538 1832 10
553 1791 789 1846 principio
807 1791 1127 1847 consequitur.-
1155 1791 1200 1846 a)
1223 1788 1342 1847 quod
1364 1787 1512 1832 Vicar.
1537 1785 1820 1844 Apostolicus
1845 1798 1938 1829 non

152 1876 300 1930 potest
332 1886 548 1916 exercere
599 1871 961 1915 iurisdictionem
1009 1871 1094 1915 nisi
1140 1872 1259 1915 intra
1299 1870 1470 1914 limites
1504 1868 1669 1927 proprii
1720 1865 1939 1911 territorii

154 1957 200 2001 in
233 1956 396 2016 quibus
427 1962 584 2002 tamen
633 1957 726 2015 ipse
773 1956 1009 2001 exclusive
1053 1956 1415 2001 iurisdictionem
1451 1958 1640 1999 exercet
1664 1953 1694 1997 ².
1740 1953 1856 1998 Hinc
1890 1956 1941 1995 ut

154 2039 317 2099 aliquis
348 2044 563 2085 teneatur
602 2040 774 2098 legibus
807 2040 903 2084 Vic.
942 2039 1212 2098 Apostolici,
1247 2043 1428 2097 oportet
1470 2037 1589 2097 quod
1628 2036 1688 2081 sit
1720 2036 1774 2080 de
1808 2034 1940 2080 terri·

157 2121 273 2167 torio
306 2127 352 2166 et
385 2122 432 2166 in
466 2123 697 2168 territorio
734 2124 803 2167 vel
840 2123 1023 2167 realiter
1058 2124 1129 2167 vel
1164 2122 1348 2167 lictione
1383 2120 1508 2165 iuris.
1548 2120 1588 2176 b)
1617 2119 1714 2164 Vic.
1755 2122 1941 2176 Aposto-

158 2203 272 2249 licus
293 2205 386 2249 suis
408 2205 599 2249 subditis
630 2205 771 2250 etiam
806 2205 849 2248 in
885 2205 1035 2249 alieno
1060 2204 1291 2249 vicariatu
1315 2208 1605 2249 sacramenta
1629 2203 1938 2247 administrat.

159 2287 196 2343 e)
234 2286 330 2330 Vic.
358 2286 641 2344 Apostolicus
676 2287 834 2331 visitat
878 2287 1150 2331 iudicialiter
1196 2287 1421 2332 Ecclesias
1458 2291 1504 2331 et
1540 2286 1750 2331 Oratoria
1782 2300 1835 2330 ac
1869 2298 1941 2330 oc-

161 2369 342 2414 casione
391 2383 548 2414 sacrae
582 2370 861 2415 visitationis
907 2374 1056 2428 potest
1109 2374 1296 2415 Decreta
1335 2371 1452 2414 ferre
1477 2370 1508 2412 ³.
1560 2369 1606 2426 d)
1643 2369 1698 2411 [t
1737 2367 1944 2412 vicarius

162 2453 444 2510 Apostolicus
475 2452 839 2499 iurisdictionem
874 2468 1091 2498 exercere
1125 2453 1280 2511 possit,
1317 2457 1497 2511 oportet
1528 2452 1649 2511 quod
1682 2450 1741 2496 sit
1774 2450 1820 2494 iu
1854 2455 1943 2494 ter-

166 2535 322 2581 ritorio
355 2537 429 2581 vel
463 2538 655 2583 realiter
689 2537 760 2582 vel
794 2520 1146 2597 fictione-iuris:
1182 2550 1323 2595 quare
1356 2535 1392 2580 si
1429 2536 1645 2593 profugus
1676 2534 1734 2577 sit
1769 2532 1944 2577 iurisdi-

167 2619 368 2663 ctionem
410 2618 710 2664 nihilominus
758 2619 804 2663 in
852 2632 933 2664 suo
976 2618 1210 2663 Vicariatu
1256 2623 1443 2662 exercet
1485 2617 1521 2661 si
1564 2631 1669 2661 cum
1709 2615 1943 2659 Vicariatu

165 2705 314 2759 posset
346 2702 691 2747 communicare
715 2703 744 2747 ”*.
788 2705 824 2757 e)
866 2702 959 2747 Vic.
1000 2702 1282 2760 Apostolicus
1325 2705 1474 2759 potest
1507 2704 1687 2744 mutare
1723 2698 1946 2742 stationes

283 2828 293 2846 ¹
322 2828 468 2864 Collect.
494 2837 530 2864 n.
559 2827 613 2866 15.

285 2899 298 2917 ’
324 2898 472 2935 Collect.
499 2909 534 2935 n.
560 2899 618 2941 58,
638 2899 693 2934 72.

286 2968 299 2988 ³
326 2969 474 3006 Collect.
501 2978 538 3005 n.
563 2969 619 3010 53,
646 2974 660 3010 s
689 2969 722 3005 4.
775 3008 778 3011 Δ

284 3038 298 3058 ³
324 3039 473 3076 Collect.
500 3049 536 3076 n.
561 3038 618 3076 57.

286 3109 600 3142 ZiTELm-Soussm.
1825 3107 1860 3138 1¹
