2176 3386
810 211 950 241 LIBER*
960 212 991 241 -1.
1015 212 1084 241 ,ΒΕ
1112 212 1308 243 cummis
1876 204 1957 245 383

169 316 406 373 sionariis‚
452 318 697 377 deputare,
746 320 825 380 qui
865 322 957 366 alte
998 320 1269 380 pronuntiet
1310 336 1428 382 quae
1471 323 1549 372 ab.
1569 336 1740 381 organo
1774 324 1952 370 cantari

170 398 422 457 finguntur.

285 483 455 538 Quinta
488 485 561 529 lex
593 488 678 540 est,
716 489 766 529 ut
799 484 878 530 fiat
911 491 1196 543 reverenter,
1241 487 1360 532 idest
1402 488 1593 534 vocibus
1626 492 1731 547 apte
1765 503 1949 550 compa-

167 565 278 611 ratis
310 581 402 612 non
434 567 589 626 lingua
626 568 861 627 praecipiti
897 569 1122 630 nullisque
1157 572 1373 629 praecisis
1406 573 1667 630 vocabulis,
1713 576 1869 634 itaque
1900 578 1952 619 ut

167 661 271 707 pars
301 649 434 694 Chori
467 663 634 695 canere
667 651 787 695 haud
820 651 1028 710 incipiat,
1064 666 1171 698 cum
1203 655 1347 699 altera
1391 659 1582 700 cantum
1626 656 1834 701 nondum
1874 657 1950 702 ab·

167 735 320 780 solvit.
357 737 568 780 Ceterum
602 740 757 780 autem
790 741 972 781 servata
1008 737 1248 792 modestia,
1285 738 1530 795 gravitate,
1566 738 1750 784 silentio
1775 740 1806 784 ¹.

285 821 387 865 487.
427 825 564 865 Porro
597 820 633 864 si
665 820 741 880 qui
775 821 965 865 servitio
998 820 1125 866 chori
1158 821 1354 878 addicti,
1392 827 1572 880 praeter
1602 826 1811 881 tempora
1851 823 1950 869 iure

166 917 400 959 concessa,
435 908 516 948 aut
550 907 730 962 praeter
760 917 893 949 casus
934 905 1092 949 itidem
1136 905 1234 950 iure
1276 905 1490 964 probatos
1534 921 1558 950 e
1598 906 1724 951 chori
1758 906 1950 952 servitio

166 1000 212 1031 se
234 987 507 1042 subducant,
537 1001 704 1045 poenas
728 989 988 1044 incurrunt,
1013 988 1120 1033 licet
1144 988 1188 1033 in
1208 989 1308 1034 loco
1331 989 1542 1034 beneficii
1567 990 1813 1035 resideant.
1842 994 1949 1036 Poe·

165 1083 250 1114 nae
283 1075 438 1114 autem
474 1071 556 1114 bae
588 1075 711 1115 sunt.
750 1070 791 1115 Si
827 1071 944 1116 ultra
979 1074 1071 1115 tres
1106 1085 1287 1116 menses
1319 1072 1521 1131 quolibet
1553 1086 1676 1117 anno
1700 1087 1724 1117 a
1751 1073 1944 1131 propriis

163 1151 366 1196 ecclesiis
397 1153 646 1209 abfuerint,
681 1168 804 1198 anno
838 1153 986 1212 primo
1020 1154 1277 1211 priventur,
1315 1153 1481 1199 iudicio
1508 1154 1730 1213 Episcopi,
1756 1155 1945 1201 dimidia

163 1240 290 1294 parte
325 1237 575 1292 fructuum,
611 1252 725 1296 quos
757 1238 895 1282 etiam
932 1238 1109 1283 ratione
1144 1238 1430 1296 praebendae
1463 1252 1516 1283 ac
1551 1238 1825 1283 residentiae
1848 1242 1945 1283 toto

161 1333 284 1364 anno
317 1333 421 1364 suos
445 1320 639 1364 fecerint
663 1320 703 1376 ἦ
739 1322 858 1380 quod
891 1321 927 1365 si
962 1321 1126 1365 iterum
1162 1321 1320 1366 eadem
1358 1320 1529 1365 fucrInt
1561 1321 1629 1365 usi
1668 1321 1944 1379 negligentia

162 1402 362 1447 secundo
394 1417 534 1458 anno,
572 1403 812 1461 priventur
853 1404 1067 1449 omnibus
1110 1404 1337 1448 fructibus
1374 1418 1488 1463 quos
1520 1404 1680 1449 eodem
1715 1418 1839 1449 anno
1870 1399 1940 1448 'lu-

162 1485 274 1529 crati
310 1486 505 1543 fuerint,
547 1492 784 1531 crescente
827 1501 937 1531 vero
980 1487 1273 1532 contumacia
1316 1488 1372 1531 ad
1417 1487 1727 1545 privationem
1760 1501 1942 1547 quoque

161 1570 462 1613 canonicatus
494 1583 572 1614 seu
605 1570 813 1615 beneficii
849 1577 1009 1616 contra
1044 1571 1163 1629 ipsos
1196 1570 1377 1628 procedi
1415 1570 1552 1629 possit
1577 1571 1606 1613 ³.
1655 1574 1748 1615 Nec
1791 1571 1942 1615 obstat

160 1652 278 1710 quod
314 1652 584 1697 beneficium
611 1653 873 1711 patrimonii
901 1655 1083 1698 titulum
1107 1654 1374 1698 constituat.
1403 1654 1624 1698 Servandi
1649 1658 1758 1698 sunt
1781 1657 1938 1698 tamen

160 1735 323 1792 gradus
358 1736 586 1791 recensiti,
623 1736 728 1780 licet
761 1737 967 1781 absentia
1005 1738 1101 1794 plus
1133 1752 1271 1796 quam
1306 1737 1359 1781 ad
1395 1741 1488 1781 tres
1520 1750 1669 1782 annos
1699 1737 1940 1795 protenda-

160 1823 259 1874 tur,
304 1818 436 1863 aliter
469 1819 741 1877 privationis
783 1820 1014 1865 sententia
1058 1835 1150 1866 non
1195 1823 1464 1866 sustinetur.
1504 1823 1762 1880 Antequam
1796 1819 1937 1878 appli-

158 1908 323 1946 centur
356 1903 595 1947 memorati
632 1918 883 1962 poenarum
916 1905 1096 1962 gradus,
1134 1918 1246 1963 opus
1278 1919 1371 1949 non
1407 1908 1476 1948 est
1505 1909 1555 1948 ut
1578 1905 1792 1948 absentes
1814 1918 1939 1948 com-

160 1985 320 2030 moniti
356 1986 543 2042 t'uerint,
579 1993 626 2031 at
659 2001 843 2032 necesse
877 1993 946 2032 est
979 1993 1028 2032 ut
1071 1989 1285 2047 explicite
1328 1990 1399 2032 vel
1445 1988 1665 2046 implicite
1714 1991 1942 2032 vocentur

157 2069 211 2114 ad
244 2069 486 2114 dicendam
520 2084 723 2126 causam,
758 2071 793 2115 si
818 2086 956 2129 quam
979 2072 1194 2127 habeant,
1221 2072 1278 2116 ob
1299 2086 1438 2130 quam
1464 2070 1682 2129 puniendi
1709 2084 1801 2114 non
1826 2070 1934 2114 sint.

158 2153 200 2198 Si
233 2153 289 2197 ad
324 2157 504 2198 tantum
539 2157 720 2212 tempus
754 2155 1029 2213 negligentia
1065 2170 1156 2200 nou
1190 2160 1423 2210 excurrat,
1474 2168 1551 2213 pro
1591 2153 1784 2211 singulis
1818 2154 1939 2198 defc-

156 2234 384 2280 ctionibus
417 2241 511 2280 rata
546 2237 921 2283 distributionum
956 2238 1099 2296 portio
1132 2238 1310 2283 absenti
1334 2237 1637 2293 subtrabitur,
1664 2238 1710 2282 in
1736 2238 1934 2296 reliquos

155 2332 299 2377 aeque
331 2318 644 2365 distribuenda
677 2321 754 2380 qui
787 2326 893 2366 actu
927 2322 1067 2366 cboro
1102 2322 1346 2366 intersunt.
1385 2326 1506 2366 Haec
1540 2335 1685 2379 poena
1710 2321 1934 2366 sumenda

155 2402 346 2447 omnino
378 2403 433 2447 de
467 2402 553 2447 illis
583 2408 668 2459 est,
704 2404 815 2462 quin
849 2405 1001 2449 locum
1036 2406 1180 2449 ullum
1215 2405 1416 2449 habeant
1447 2404 1738 2459 collusiones,
1778 2403 1937 2449 remis-

155 2484 322 2541 siones,
359 2486 432 2530 vel
464 2485 808 2545 cuiusquemodi
843 2491 974 2545 pacta
998 2487 1029 2531 ¹⁴.
1068 2492 1163 2532 Imo
1188 2501 1335 2547 neque
1358 2486 1635 2545 Capitulum,
1665 2501 1812 2546 neque
1840 2485 1938 2545 Epi-

155 2580 317 2625 scopus
349 2567 443 2627 ipse
478 2572 626 2626 potest
667 2569 857 2615 amissas
898 2570 953 2614 de
996 2570 1092 2615 iure
1134 2571 1481 2615 distributiones
1526 2570 1744 2629 cuiquam
1780 2569 1936 2614 remit-

273 2711 283 2731 ¹
313 2712 481 2749 Clemens
507 2713 571 2757 XI,
595 2713 796 2760 Encyclica
822 2714 867 2750 ad
893 2715 1098 2761 Episcopos
1130 2715 1256 2752 ltaliae
1284 2721 1319 2751 et
1346 2715 1554 2751 Insularum
1587 2714 1856 2757 adiacentium,
1892 2713 1935 2750 16

154 2783 277 2819 martii
297 2783 398 2826 1705,
424 2792 518 2828 quae
544 2788 641 2820 extat
667 2785 707 2820 in
734 2784 892 2821 Bullario
920 2785 1133 2831 particulari
1160 2786 1359 2823 Clementis
1379 2786 1442 2829 XI,
1460 2795 1542 2831 pag.
1562 2785 1643 2830 5263
1674 2785 1812 2822 Bened.
1835 2786 1933 2828 XIV,

155 2851 241 2889 Inst.
271 2852 349 2897 107,
375 2863 412 2889 n.
440 2853 498 2890 24.

273 2925 285 2943 ²
313 2925 349 2961 S.
377 2924 511 2971 Congr.
537 2926 644 2963 Conc.
673 2926 710 2962 in
741 2927 995 2970 Tarraconen„
1022 2927 1068 2963 22
1094 2928 1190 2973 Aug.
1220 2927 1321 2964 1885.

273 2994 286 3014 ³
310 2995 421 3032 Cone.
448 2997 546 3033 Trid.
573 2997 669 3035 Sess.
696 2997 830 3042 XXIV,
857 2998 941 3045 Cap.
969 2999 1038 3035 XII
1064 2999 1107 3035 de
1135 2999 1292 3036 Reform.

271 3065 285 3086 δ
309 3067 420 3104 Cone.
447 3068 542 3105 Trid.
570 3069 667 3106 Sess.
695 3069 830 3114 XXIV,
857 3069 943 3116 Cap.
971 3070 1039 3106 XII
1067 3070 1112 3107 de
1139 3070 1300 3106 Reform.
