2176 3386
518 191 648 220 LIBER
677 191 700 218 1.
731 190 788 218 DE
818 188 956 218 annus
985 187 1221 216 ECCLESIAE
1250 185 1576 215 SPIRITUALIBUS
1858 174 1938 214 233

157 299 337 344 lebrant
367 299 562 344 iuvenes
593 296 852 352 acatholici,
887 295 1029 355 possit
1061 294 1116 340 iis
1149 293 1315 352 gradus
1346 291 1634 338 academicos
1661 291 1709 336 in
1733 292 1938 338 scientiis

157 382 441 428 naturalibus
473 386 520 427 et
551 381 726 426 artibus
760 379 1008 424 conferre?
1571 374 1580 386 ⁹

276 469 412 509 Porro
437 464 521 509 hac
555 463 602 508 in
636 478 684 508 re
717 462 1090 520 distinguendum
1124 465 1194 506 est
1218 473 1279 504 an
1301 459 1448 518 prima
1481 459 1711 504 institutio
1746 461 1935 506 Univer-

155 547 301 592 sitatis
322 546 380 591 sit
413 547 470 591 ab
501 546 776 591 auctoritate
818 544 958 600 civili,
997 545 1069 589 vel
1109 544 1166 588 ab
1205 542 1482 588 auctoritate
1515 542 1839 588 ecclesiastica.
1892 544 1936 590 Si

153 630 301 689 prima
344 629 573 674 institutio
606 629 665 673 sit
695 643 721 674 a
754 628 879 674 civili
911 627 1215 682 auctoritate,
1258 626 1438 670 nullum
1485 625 1675 670 dubium
1717 630 1787 671 est
1823 627 1935 686 quin

154 715 437 761 Universitas
467 715 562 773 ipsa
595 714 735 759 etiam
769 714 1014 759 iuvenibus
1046 711 1313 758 acatholicis
1346 711 1487 770 possit
1515 713 1680 769 gradus
1703 714 1931 758 conferre.

153 799 281 853 Quod
314 798 351 843 si
383 797 529 856 prima
563 796 792 842 institutio
826 796 1150 841 Universitatis
1180 795 1238 840 sit
1271 795 1328 840 ab
1370 794 1645 839 auctoritate
1694 795 1931 851 ecclesiae,

151 881 462 940 inspiciendae
485 885 592 926 sunt
624 880 804 925 litterae
838 879 1160 934 institutionis,
1196 883 1242 923 et
1277 877 1501 937 siquidem
1536 877 1582 921 in
1618 877 1687 922 his
1720 878 1934 936 obligatio

151 977 246 1009 non
279 964 545 1022 imponatur
577 964 650 1008 vel
683 976 777 1007 non
816 962 1082 1021 imponatur
1126 959 1531 1006 indiscriminatim
1581 959 1825 1015 omnibus,
1861 975 1931 1006 ca·

151 1046 368 1091 tholicam
419 1045 553 1090 fidem
597 1060 655 1090 ex
695 1045 883 1090 Concilii
917 1045 1170 1090 Tridentini
1205 1047 1399 1092 formula
1443 1048 1623 1107 publice
1662 1048 1931 1106 profitendi,

146 1130 314 1188 gradus
346 1129 429 1185 ipsi
462 1128 713 1174 academici
749 1133 965 1187 poterunt
989 1129 1128 1174 etiam
1153 1131 1355 1176 conferri
1378 1131 1624 1177 iuvenibus
1646 1132 1930 1177 acatholicis:

150 1213 268 1272 quod
303 1212 335 1257 si
371 1212 418 1257 in
454 1213 616 1258 litteris
649 1213 953 1258 institutionis
985 1214 1199 1271 obligatio
1250 1214 1563 1260 iuramentum
1597 1230 1650 1260 ac
1684 1216 1787 1261 fidei
1833 1231 1932 1274 pro-

149 1296 393 1341 fessionem
440 1296 681 1341 emittendi
727 1297 1090 1355 praescribatur,
1129 1311 1276 1357 neque
1311 1312 1393 1343 usu
1429 1299 1660 1344 contrario
1694 1300 1740 1344 in
1775 1301 1931 1346 desue-

147 1380 355 1424 tudinem
390 1380 568 1435 abierit‚
607 1380 862 1439 Apostolica
898 1382 1033 1426 Sedes
1066 1382 1346 1427 consulenda
1390 1383 1500 1438 erit,
1537 1388 1587 1427 ut
1622 1384 1814 1428 facultas
1857 1385 1932 1429 ob-

147 1463 352 1508 tineatur
383 1464 440 1508 ab
472 1464 732 1509 huiusmodi
766 1479 905 1510 onere
939 1466 1131 1511 iuvenes
1166 1466 1444 1511 acatholicos
1477 1468 1714 1512 relevandi
1754 1468 1799 1512 in
1834 1483 1931 1526 gra-

147 1547 278 1591 dibus
310 1547 623 1605 suscipiendis.
665 1548 844 1593 Etenim
878 1549 913 1593 si
948 1549 1240 1607 praescindas
1272 1564 1296 1594 a
1333 1550 1531 1608 positivo
1556 1557 1815 1611 praecepto,
1841 1567 1931 1612 quo

148 1632 189 1674 S.
228 1630 361 1675 Sedes
410 1630 455 1674 in
504 1631 718 1688 erigenda
766 1632 1149 1692 approbandaque
1201 1634 1443 1679 Academia
1497 1635 1567 1679 vel
1618 1635 1929 1681 [nivei-sitate

147 1715 264 1758 forte
314 1714 632 1772 praescripsit,
671 1720 720 1759 ut
752 1716 1031 1775 quicumque
1066 1717 1111 1760 in
1151 1716 1226 1762 illa
1276 1717 1323 1761 in
1372 1732 1662 1777 quacumque
1712 1720 1929 1765 facultate

147 1798 336 1855 gradum
373 1798 620 1854 magisterii
649 1799 865 1859 consequi
891 1801 1052 1856 velint,
1079 1800 1277 1846 debeant
1299 1806 1434 1846 antea
1470 1801 1573 1847 fidei
1599 1803 1929 1861 professionem

147 1880 383 1927 emittere:
437 1883 549 1927 nihil
591 1883 637 1927 in
673 1884 807 1928 venia
860 1884 1036 1942 legendi
1085 1885 1250 1930 collata
1284 1899 1309 1930 a
1343 1886 1567 1932 catholica
1620 1887 1928 1932 [niversitate

147 1964 391 2010 iuvenibus
422 1954 714 2012 heterodoxis
746 1967 948 2012 inveniri
982 1968 1180 2022 videtur,
1216 1969 1336 2028 quod
1369 1970 1426 2013 ab
1459 1970 1700 2014 honestate
1725 1970 1927 2015 alienum

145 2047 216 2092 sit.
255 2048 484 2094 Nimirum
520 2050 765 2095 Academia
798 2051 1021 2097 catholica
1056 2067 1108 2097 ea
1144 2057 1300 2098 mente
1334 2052 1580 2099 iuvenibus
1628 2054 1724 2098 sive
1773 2055 1927 2099 catho-

143 2131 241 2176 licis
273 2131 370 2176 sive
403 2133 670 2178 acatholicis
703 2135 867 2191 gradus
899 2137 1110 2180 conferre
1144 2140 1376 2192 censetur,
1413 2141 1463 2180 ut
1497 2136 1538 2181 id
1572 2137 1735 2182 docere
1760 2137 1927 2196 ubique

146 2214 343 2273 possint,
379 2216 499 2275 quod
543 2216 588 2260 in
639 2217 731 2275 ipsa
780 2218 1088 2264 L'niversitate
1128 2220 1317 2277 gradum
1367 2221 1638 2264 conferente
1683 2220 1928 2264 didicerint

142 2302 352 2360 quodque
400 2315 485 2345 nec
518 2315 543 2346 a
578 2306 701 2347 recta
744 2302 856 2358 tide,
895 2316 978 2346 nec
1012 2317 1037 2347 a
1072 2302 1250 2348 ratione
1300 2303 1502 2348 alienum
1548 2304 1620 2348 sit.
1674 2305 1924 2349 Acatholici

144 2397 235 2428 non
272 2383 571 2442 prohibentur
603 2386 783 2442 docere,
818 2386 893 2431 sed
930 2386 1231 2445 prohibentur
1262 2388 1426 2432 docere
1459 2388 1578 2447 quod
1613 2388 1715 2432 fidei
1753 2388 1822 2433 vel
1858 2404 1924 2433 ra-

142 2466 258 2511 tioni
292 2467 582 2513 contradicit.

266 2551 392 2595 1123.
429 2551 675 2605 Quaeritur
707 2553 772 2597 5.⁰
807 2555 874 2597 An
911 2553 1196 2599 Universitas
1228 2555 1459 2600 Catholica
1496 2555 1634 2614 possit
1666 2555 1824 2600 titulos
1846 2557 1922 2600 ho-

142 2633 356 2679 norificos
388 2634 603 2690 doctoris,
639 2635 879 2692 licentiati,
915 2642 1024 2693 etc.,
1060 2639 1271 2682 conferre
1304 2638 1438 2682 alicui
1472 2638 1726 2683 acatholico
1749 2638 1826 2698 qui
1851 2640 1924 2684 vel

145 2717 464 2774 magistratum
498 2723 642 2776 gerat,
679 2720 750 2763 vel
786 2719 831 2763 in
865 2720 1035 2765 artium
1060 2721 1314 2766 liberalium
1351 2721 1512 2765 studiis
1536 2725 1582 2765 et
1604 2721 1811 2766 scientiis
1844 2735 1922 2767 na·

141 2799 364 2844 turalibus
404 2800 621 2846 emineat.
678 2802 757 2847 Cui
799 2803 1057 2862 quaestioni
1106 2803 1382 2848 affirmative
1433 2804 1799 2861 respondendum
1835 2808 1919 2859 est,

141 2883 365 2943 siquidem
403 2883 433 2927 ii
467 2883 587 2928 tituli
638 2884 801 2930 merito
848 2886 1035 2945 aequari
1077 2890 1268 2945 possunt
1313 2886 1456 2931 titulis
1493 2887 1658 2946 equitis
1693 2887 1763 2931 vel
1798 2901 1921 2932 com-

143 2966 455 3022 mendatoris,
490 2967 566 3027 qui
602 2981 695 3013 non
728 2969 873 3014 solum
909 2969 1183 3025 haereticis,
1219 2970 1295 3014 sed
1345 2970 1485 3015 etiam
1534 2970 1792 3017 infidelibus
1824 2971 1920 3016 dari

141 3049 199 3092 ab
230 3048 324 3107 ipsa
358 3050 614 3108 Apostolica
649 3051 759 3096 Sede
792 3056 1150 3097 consueverunt.
