2176 3386
535 156 665 185 Lmen
694 157 718 185 1.
749 157 806 185 DE
837 156 974 185 nanus
1004 156 1240 184 meni-:sue
1269 156 1596 185 smmTUALissus
1908 147 1959 187 37

174 259 377 307 incidere
411 263 566 320 possit,
601 263 866 309 nullatenus
899 263 1116 309 iustificat
1148 264 1342 309 abusum
1390 265 1436 309 in
1476 264 1747 324 quibusdam
1782 264 1958 312 dioece-

172 344 298 389 sibus
329 344 559 402 inolitum‚
585 360 676 406 quo
707 347 968 392 sacerdotes
1001 347 1352 392 sanctissimum
1377 350 1727 392 Sacramentum
1762 363 1785 392 a
1821 362 1960 394 mane

173 441 316 487 usque
347 429 404 474 ad
437 443 677 488 vesperam
711 443 868 475 secum
901 430 1132 486 deferunt,
1158 434 1205 475 et
1231 430 1460 476 Ordinarii
1494 431 1763 476 excitantur
1794 432 1850 476 ad
1884 447 1957 477 ru-

173 511 290 555 rales
321 512 550 557 aediculas
584 511 980 571 multiplicandas,
1016 517 1068 557 ut
1100 513 1147 557 in
1182 513 1342 558 iisdem
1391 514 1657 573 frequenter
1698 514 1958 560 sacerdotes

175 592 338 638 missae
370 594 645 641 sacrificium
680 595 928 641 celebrent.
982 596 1145 641 Itidem
1179 596 1410 655 proposito
1443 597 1611 654 dubio,
1646 611 1705 642 an
1739 597 1876 642 liceat
1907 597 1954 642 in

171 664 448 736 longissimis
475 676 722 725 'itineribus
759 694 915 725 secum
962 682 1078 725 ferre
1115 681 1474 736 Eucharistiam,
1513 695 1570 726 ne
1602 695 1655 726 ea
1690 682 1957 726 Sacerdotes

167 764 446 817 priventur,
482 762 827 816 Qualificatores
860 765 901 807 S.
937 767 990 808 Ο.
1026 763 1099 808 die
1132 765 1186 809 27
1222 764 1374 808 martii
1412 765 1553 820 1665,
1590 764 1951 823 responderunt:

171 856 263 909 non
300 843 459 901 licere;
495 849 542 889 et
577 845 674 890 Emi
707 846 1022 904 approbarunt
1053 846 1124 890 die
1162 847 1213 890 15
1247 846 1404 906 aprilis
1442 847 1569 892 1665.

291 928 390 972 679.
431 928 634 988 Denique
666 934 1010 974 sacramentum
1050 930 1359 975 Eucharistiae
1395 944 1487 975 non
1522 944 1651 990 posse
1684 931 1731 974 in
1758 930 1955 975 navibus

169 1010 353 1066 deferri,
389 1025 446 1055 ne
470 1016 638 1056 nautae
672 1016 718 1056 et
750 1016 960 1057 vectores
991 1014 1092 1058 sine
1115 1012 1285 1058 viatico
1318 1013 1560 1070 decedant,
1595 1013 1850 1058 declaravit
1882 1027 1954 1057 ea·

168 1093 273 1138 dem
308 1097 350 1139 S.
387 1096 438 1139 U.
475 1099 572 1154 Inq.
609 1095 680 1139 die
718 1096 769 1139 15
802 1095 896 1139 iulii
938 1097 1064 1140 1660.

893 1325 1125 1353 AR'rICuLus
1159 1326 1215 1354 Iv.

586 1439 650 1481 De
683 1438 814 1481 modo
849 1440 1130 1483 asservandi
1163 1439 1532 1483 Eucharistiam.

287 1565 387 1611 680.
425 1569 609 1611 Sacram
648 1568 979 1614 Eucharistiam
1029 1569 1229 1614 retinere
1262 1574 1445 1615 tantum
1497 1573 1688 1628 possunt
1731 1569 1952 1614 ecclesiae

165 1649 480 1707 parochiales,
515 1651 800 1696 cathedrales
833 1656 878 1697 et
915 1652 1237 1710 Regularium,
1276 1657 1456 1710 praeter
1488 1666 1590 1708 eas,
1626 1665 1739 1712 quas
1771 1657 1950 1711 aposto-

166 1732 306 1776 licum
342 1733 472 1777 iuvat
503 1733 732 1779 indultum
766 1740 846 1780 aut
879 1735 1258 1782 immemorabilis
1296 1737 1610 1793 consuetudo,
1645 1750 1762 1796 quae
1797 1736 1952 1781 hulus-

167 1814 290 1859 modi
341 1815 503 1860 indulti
540 1818 961 1875 praesumptionem
1002 1818 1190 1863 inducat
1217 1821 1246 1864 ¹.
1299 1823 1453 1864 Potest
1500 1824 1657 1864 tamen
1706 1819 1951 1876 Episcopus

165 1899 418 1943 concedere
467 1900 733 1946 facultatem
782 1903 1044 1960 exponendi
1093 1903 1443 1948 sanctissimum
1493 1906 1844 1947 Sacramentum
1893 1902 1949 1946 ad

165 1986 348 2040 tempus
371 1983 401 2027 ².
442 1987 577 2028 Porro
610 1985 664 2029 de
698 1985 782 2030 hac
815 1986 1103 2044 expositione
1137 1988 1475 2032 observandum
1507 1992 1591 2043 est,
1620 1986 1816 2031 vetitum
1851 1999 1949 2030 esse

165 2065 212 2111 in
245 2080 535 2127 quacumque
567 2067 666 2113 sive
698 2069 1001 2114 saecularium
1037 2070 1136 2115 sive
1186 2070 1463 2128 regularium
1505 2070 1695 2115 ecclesia
1739 2068 1947 2113 divinam

169 2149 499 2195 Eucharistiam
534 2166 783 2210 exponere,
820 2152 905 2197 nisi
941 2153 1057 2198 iusta
1091 2168 1235 2213 eaque
1258 2154 1314 2198 ab
1339 2154 1582 2199 ordinario
1615 2153 1845 2212 probanda
1881 2153 1946 2196 in·

164 2233 425 2278 tercesserit
456 2247 610 2290 causa,
636 2235 823 2294 eiusque
846 2249 1098 2280 consensus
1119 2236 1380 2281 accesserit.
1421 2237 1583 2282 Bened.
1611 2239 1707 2283 XIV
1741 2236 1786 2280 in
1813 2236 1943 2294 epist.

164 2314 219 2357 ad
263 2314 465 2373 Episcop.
508 2320 679 2362 Warm.
730 2318 780 2362 16
814 2331 910 2376 apr.
951 2319 1061 2363 1746
1105 2323 1151 2363 et
1198 2319 1244 2362 in
1293 2319 1423 2376 epist.
1460 2320 1515 2363 ad
1549 2318 1680 2363 Urbis
1714 2318 1946 2363 Vicarium

164 2398 219 2442 27
245 2398 338 2443 iulii
366 2399 493 2444 1755.
531 2401 892 2446 Sacramentum·
916 2415 1027 2448 vero
1060 2402 1417 2448 eucharisticum
1442 2403 1660 2461 privatim
1694 2417 1944 2461 exponere,

163 2485 232 2525 est
263 2482 483 2528 ecclesiae
517 2483 770 2529 rectoribus
803 2484 1032 2543 integrum
1058 2486 1089 2530 ⁸.

283 2563 385 2609 681.
422 2567 559 2611 Porro
594 2567 791 2611 vetitum
826 2572 894 2613 est
930 2568 1241 2614 Eucharistiae
1273 2573 1617 2614 sacramentum
1652 2568 1740 2614 alio
1775 2571 1821 2613 In
1846 2569 1945 2614 loco

161 2659 364 2704 servare,
391 2652 712 2709 praeterquam
747 2650 794 2694 in
827 2651 1126 2696 tabernaculo
1159 2652 1204 2696 in
1231 2651 1380 2696 medio
1403 2651 1560 2696 altaris
1583 2651 1743 2710 posito.
1782 2655 1823 2696 S.
1854 2651 1942 2695 ait.

159 2732 323 2789 Congr.
362 2745 520 2777 mense
552 2732 731 2790 augusti
769 2734 895 2779 1865.
949 2734 1052 2780 Eius
1087 2749 1196 2780 vero
1244 2735 1527 2781 tabernaculi
1575 2736 1720 2780 clavis
1770 2749 1854 2780 nec
1897 2736 1944 2780 In

281 2883 291 2903 ¹
321 2885 455 2923 Bened.
481 2887 581 2932 XIV,
606 2888 730 2925 Const.
751 2889 924 2932 Quamvis
948 2890 1044 2926 iusto
1071 2890 1117 2926 50
1134 2899 1210 2936 apr.
1241 2889 1342 2926 1749.
1370 2890 1521 2926 Collect.
1540 2899 1574 2926 n.
1594 2890 1674 2927 747.

285 2957 298 2975 ³
322 2958 356 2995 S.
383 2958 516 3005 Congr.
544 2960 656 2997 Cone.
687 2960 730 2996 12
756 2970 841 3007 aug.
871 2960 974 2998 1747.

282 3027 295 3048 ⁸
320 3029 455 3067 Bened.
483 3030 583 3074 XIV,
610 3031 647 3067 in
673 3041 732 3076 ep.
758 3032 820 3068 eit.
