2176 3386
219 151 223 155 *
255 158 336 199 250
927 166 1038 197 PARS
1065 167 1107 196 11.
1141 166 1198 195 DE
1227 166 1364 195 uenus

257 280 432 330 autem,
465 274 544 335 qui
575 274 823 320 admodum
858 274 988 333 pauci
1021 279 1147 330 sunt,
1184 273 1364 319 Vicario
1398 273 1578 332 proprio
1599 273 1930 334 obsequuntur.
1968 274 2034 318 Fi-

257 358 433 404 delibus
465 371 576 403 vero
610 358 724 402 ritus
755 356 927 416 Coptici
961 357 1145 415 adiungi
1170 360 1362 415 possunt
1394 355 1548 401 fideles
1571 354 1800 411 Abissinii,
1824 355 1901 414 qui
1933 356 2035 401 sub-

257 442 363 487 iecti
397 447 506 487 sunt
537 441 719 486 Vicario
758 439 1015 499 Apostolico
1057 440 1261 486 eiusdem
1306 441 1537 499 nationis,
1573 439 1652 486 sed
1683 439 1887 498 linguam
1935 453 2035 498 pro-

257 526 404 585 priam
437 525 625 581 babent,
660 539 777 584 quae
808 524 989 583 ylteza,
1025 524 1082 569 ad
1114 523 1363 569 discrimen
1411 524 1595 582 linguae
1640 523 1917 570 amltaricae
1955 536 2035 568 seu

257 608 476 667 vulgaris,
515 613 824 667 nuncupatur.

989 790 1223 820 ARTICULUS
1259 791 1303 819 ΙΙ.

530 896 594 937 De
626 893 907 952 differentiis
940 894 1065 936 inter
1097 894 1339 950 utriusque
1376 892 1601 937 Ecclesiae
1633 894 1767 936 ritus

379 1027 505 1070 1169.
546 1024 740 1070 Dissidet
763 1038 787 1068 a
814 1023 985 1068 Latinis
1005 1022 1309 1068 Orientalium
1335 1022 1572 1081 disciplina
1600 1023 1719 1068 circa
1749 1036 1901 1067 sacros
1923 1022 2038 1067 ritus

256 1109 457 1168 primum
492 1108 670 1153 ratione
707 1107 905 1165 linguae,
941 1121 1080 1166 quam
1115 1106 1161 1150 in
1195 1106 1337 1151 sacris
1368 1106 1527 1151 officiis
1560 1105 1874 1164 persolvendis
1907 1119 2037 1151 usur·

257 1198 355 1252 pat;
401 1192 564 1237 deinde
614 1191 791 1236 ratione
842 1190 1143 1248 Eucbologiae
1184 1194 1230 1234 et
1268 1189 1586 1247 liturgiarum,
1622 1204 1735 1250 quas
1782 1190 2038 1236 Orien-tales

257 1276 462 1334 proprias
484 1274 671 1319 habent.
701 1273 926 1318 Dill'erunt
950 1277 1183 1331 praeterea
1210 1273 1255 1317 in
1279 1273 1438 1318 ordine
1471 1272 1734 1318 divinorum
1765 1272 2036 1327 officiorum,

2140 1414 2165 1430 ἕ
2151 1232 2176 1379 *mm-⁴9.

257 1375 373 1420 quae
406 1362 463 1404 ab
499 1358 826 1405 Ecclesiasticis
874 1357 1162 1413 recitantur,
1198 1371 1250 1402 ac
1286 1357 1462 1401 ratione
1509 1356 1774 1414 disciplinae
1818 1371 1957 1416 quam
1990 1356 2038 1400 in

257 1443 480 1488 obeundis
529 1441 711 1487 ieiuniis
758 1444 963 1485 servant.
1016 1443 1253 1485 Postremo
1303 1439 1410 1484 illud
1460 1440 1662 1484 maxime
1709 1439 1967 1483 Orientales
2013 1453 2038 1483 a

257 1526 430 1572 Latinis
462 1524 781 1580 discriminat,
816 1523 936 1583 quod
986 1523 1114 1567 iuxta
1148 1537 1307 1568 eorum
1353 1522 1639 1581 disciplinam
1675 1522 1903 1580 simplices
1935 1526 2038 1566 Pre-

258 1609 430 1668 sbyteri
466 1609 651 1653 unicam
675 1613 721 1652 et
746 1608 971 1666 virginem
1007 1621 1199 1651 uxorem
1234 1606 1400 1651 babere
1432 1605 1620 1664 possint,
1646 1619 1784 1665 quam
1819 1604 2037 1648 duxerint

257 1695 522 1751 priusquam
557 1691 697 1736 sacris
730 1690 965 1735 ordinibus
999 1689 1167 1733 initiati
1201 1689 1308 1734 sint.

384 1776 507 1819 1170.
546 1778 639 1819 Iam
673 1775 725 1818 ad
762 1774 963 1832 linguam
997 1773 1116 1832 quod
1150 1772 1333 1827 attinet,
1369 1772 1478 1817 olim
1512 1785 1738 1828 graecam,
1774 1783 1916 1829 usque
1956 1770 2039 1814 sal-

258 1862 351 1902 tem
385 1858 441 1902 ad
474 1871 591 1902 saec.
630 1860 701 1912 lV,
737 1870 1035 1901 communem
1072 1855 1207 1900 fuisse
1241 1855 1455 1899 omnibus
1487 1853 1785 1899 orientalibus
1818 1852 2036 1909 ecclesiis,

257 1940 294 1984 si
329 1953 496 1998 paucas
528 1939 795 1998 dempseris,
830 1952 947 1999 quae
981 1938 1158 1997 syriace
1185 1939 1374 1982 fortasse
1398 1941 1444 1982 et
1465 1936 1732 1995 aegyptiace
1760 1935 1899 1982 sacris
1932 1949 2035 1994 ope-

259 2025 507 2079 rabantur,
543 2027 831 2082 compertum
866 2027 949 2066 est.
1002 2027 1095 2066 Hac
1129 2022 1182 2066 de
1216 2034 1350 2065 causa
1385 2019 1625 2065 orientalis
1669 2019 1886 2064 ecclesiae
1927 2018 2041 2063 ritus

258 2107 515 2152 unixersim
564 2107 678 2151 ritus
724 2107 944 2152 ecclesiae
991 2118 1179 2163 graecae
1213 2104 1428 2162 appellari
1478 2104 1657 2158 solent,
1693 2107 1830 2162 atque
1878 2115 2040 2146 omnes

258 2190 432 2247 origine
466 2189 616 2247 graeci
651 2192 942 2247 reputantur,
978 2188 1085 2232 licet
1118 2187 1334 2244 deinceps
1369 2186 1647 2231 mutationes
1679 2185 1853 2245 aliquas
1895 2185 2040 2230 subie-

259 2273 382 2328 rint,
417 2277 660 2331 postquam
694 2270 781 2316 alia
815 2271 969 2328 lingua
1002 2284 1131 2315 sacra
1172 2269 1238 2313 uti
1272 2273 1540 2327 coeperunt.
1597 2269 1794 2313 Ecclesia
1829 2281 2038 2323 armena,

257 2370 374 2415 quae
406 2369 431 2400 a
465 2368 626 2413 graeca
660 2357 906 2399 Caesareae
949 2352 1146 2398 Ecclesia
1194 2366 1301 2396 cum
1338 2352 1555 2410 Episcopo
1593 2348 2040 2408 disciplinamacce-

258 2442 418 2497 perat,
455 2438 587 2483 initio
631 2438 780 2498 quinti
828 2436 996 2482 saeculi
1032 2440 1130 2480 tum
1164 2448 1291 2479 sacra
1328 2433 1465 2478 Biblia
1499 2438 1598 2477 tum
1632 2433 1744 2477 alios
1775 2432 1831 2477 ad
1863 2445 2042 2477 sacram

257 2522 544 2581 disciplinam
581 2521 863 2579 pertinentes
895 2519 1049 2575 libros,
1084 2518 1265 2577 propria
1299 2517 1453 2575 lingua
1477 2515 1669 2575 scriptos
1702 2515 1869 2559 habere
1896 2515 2040 2559 illam-

258 2607 424 2667 quein
467 2606 608 2651 sacris
654 2603 921 2664 peragendis
968 2615 1189 2660 usurpare
1238 2599 1409 2658 coepit;
1461 2599 1506 2643 in
1543 2611 1624 2643 usu
1658 2597 1793 2643 huius
1838 2597 2039 2654 linguae,

257 2689 397 2735 eliam
448 2703 573 2733 nunc
625 2687 809 2733 Armeni
860 2688 1174 2745 perseverant.
1231 2683 1429 2728 Ecclesia
1476 2680 1835 2740 Mesopotamiae
1881 2680 1984 2725 inde
2016 2694 2042 2725 a

257 2771 541 2830 temporibus
572 2770 832 2829 apostolicis
874 2767 1232 2821 florentissima,
1267 2765 1421 2823 lingua
1460 2764 1642 2824 propria
1675 2777 1754 2809 seu
1788 2765 2041 2808 aramaica

259 2855 391 2900 initio
425 2868 504 2899 usa
536 2861 606 2899 est
637 2854 684 2898 in
717 2853 858 2898 sacris
891 2852 1032 2896 etiam
1067 2849 1305 2895 faciendis.
1343 2852 1394 2893 Et
1429 2862 1572 2908 quum
1607 2845 1882 2902 Nestoriani,
1913 2845 2042 2890 dece·

259 2939 396 2984 dente
420 2938 511 2983 iam
544 2938 726 2982 saeculo
763 2940 813 2992 V,
849 2948 1011 2981 omnes
1044 2936 1187 2979 ferme
1219 2933 1317 2978 illas
1349 2932 1566 2978 ecclesias
1598 2930 1828 2990 pestilenti
1861 2943 1942 2974 suo
1973 2942 2042 2974 er-

259 3038 361 3069 rore
394 3024 672 3078 infecerunt,
709 3020 929 3066 nonnulla
961 3018 1199 3064 doctrinae
1231 3030 1341 3061 suae
1372 3015 1552 3075 placitis
1583 3017 1899 3060 consentanea
1922 3011 2041 3056 inse-
