2176 3386
540 0 670 23 ,xo-„¹¹
731 0 745 2 ἡ
788 0 834 20 ᾖδ’
870 0 875 3 ’
893 0 1099 21 Ὗ1,”ρι·ὴ’,“··οῐ
1150 4 1154 11 ι

587 157 718 187 Lim-:R
746 158 770 186 1.
805 157 862 186 DE
893 156 1032 186 izi-:nus
1060 155 1296 185 eccm-:snm
1325 155 1651 186 smanAmsz
1931 144 2010 185 247

229 265 327 311 voti
357 265 712 324 implementum
746 277 906 322 urgere
937 277 1084 322 posse.
1136 265 1179 320 2)
1217 265 1385 308 Votum
1421 264 1495 308 vel
1527 277 1716 322 gravem
1751 264 1825 310 vel
1858 264 2008 309 levem

226 347 552 407 obligationem
576 347 792 392 inducere
815 361 896 405 pro
919 346 984 392 rei
1006 350 1191 392 natura.
1227 346 1269 402 5)
1300 349 1466 391 Votum
1489 345 1678 391 dubium
1703 346 1875 392 nullam
1899 346 2009 392 obli-

227 430 459 489 gationem
493 430 725 475 inducere.
768 430 812 486 4)
836 432 1004 475 Votum
1039 429 1307 487 negativum
1341 443 1522 488 semper
1555 443 1732 487 urgere,
1759 429 2008 488 positivum

226 518 432 573 tempore
481 514 754 572 praestituto
801 513 1086 572 implendum
1120 525 1233 557 esse.
1286 512 1329 569 5)
1354 515 1521 557 Votum
1556 512 1760 557 alienum
1804 513 1925 558 reale
1963 517 2010 558 et

224 598 441 643 haeredes
474 597 682 653 illiusque
714 609 998 642 successores
1031 595 1245 654 obligare,
1286 608 1417 640 secus
1448 595 1484 640 si
1520 597 1771 653 personale.

348 682 473 726 1157.
522 679 624 725 Voti
673 679 887 737 obligatio
938 678 1250 738 multipliciter
1298 684 1447 724 cessat
1493 693 1659 737 nempe
1711 680 1749 734 1)
1782 686 2009 736 pereunte

224 776 276 807 re
307 765 555 820 promissa,
593 762 664 808 vel
696 768 900 808 cessante
932 776 988 807 ew
1022 764 1204 819 inccyw
1235 762 1378 821 finali
1408 775 1570 818 cansa,
1603 762 1677 807 vel
1709 762 1845 806 rebus
1877 769 2008 807 nota-

223 846 375 890 biliter
419 849 693 891 immutatis.
745 847 786 902 2)
824 848 979 891 Cessat
1026 851 1187 891 votum
1240 847 2008 904 commutatione,-dispensatione

221 929 470 974 dummodo
501 931 559 974 ab
590 944 644 974 eo
676 929 754 989 qui
787 929 1151 974 iurisdictionem
1201 930 1339 974 habet
1388 930 1729 988 proportionata
1772 931 1827 975 dc
1870 944 2007 976 causa

222 1010 349 1055 fiant.
387 1016 536 1066 Quare
569 1012 825 1057 notandum
859 1013 944 1058 hac
977 1012 1024 1058 in
1060 1028 1106 1058 re
1139 1018 1209 1058 est
1247 1015 1282 1070 1)
1311 1014 1531 1058 nonnulla
1569 1019 1674 1058 vota
1709 1018 1759 1058 R.
1799 1013 2007 1059 Pontifici

221 1106 317 1138 esse
350 1099 583 1139 reservata
618 1093 752 1139 sicuti
788 1099 950 1139 votum
990 1101 1260 1154 perpetuum
1308 1096 1558 1151 castitatis,
1594 1096 1824 1154 ingressus
1858 1096 1903 1140 in
1939 1111 2006 1140 re-

219 1176 435 1234 ligionem
468 1178 785 1235 adprobatam,
821 1185 901 1223 aut
935 1179 1316 1237 peregrinationis
1351 1181 1422 1224 xel
1456 1194 1703 1234 romanae,
1742 1180 1813 1224 vel
1859 1180 2004 1225 hiero·

219 1259 550 1319 solymitanae,
588 1262 661 1306 vel
694 1262 1097 1321 compostellanae.
1146 1263 1188 1319 2)
1227 1266 1326 1307 Non
1360 1262 1532 1308 cadunt
1574 1263 1658 1307 sub
1691 1263 2005 1309 iurisdictione

219 1344 409 1402 praelati
437 1349 542 1389 vota
565 1358 681 1403 quae
705 1344 919 1403 primarie
943 1345 989 1389 in
1012 1345 1206 1390 aliorum
1234 1345 1481 1390 utilitatem
1507 1346 1670 1391 emissa
1697 1351 1805 1391 sunt
1827 1347 2005 1406 quoties

218 1426 276 1471 ab
307 1427 377 1471 his
409 1426 652 1485 promissio
686 1427 824 1472 suerit
855 1432 1108 1486 acceptata.

340 1509 466 1554 1158.
513 1512 666 1554 Cessat
715 1510 901 1554 tandem
948 1516 1108 1555 votum
1143 1511 1282 1556 etiam
1316 1514 1586 1557 irritatione
1628 1527 1685 1557 ex
1719 1518 1846 1571 parte
1886 1513 2003 1558 illius

216 1593 293 1651 qui
335 1597 610 1651 potestatem
660 1594 1002 1639 dominacivam
1044 1594 1090 1638 in
1127 1598 1378 1639 voventem
1423 1596 1496 1640 vel
1541 1596 1586 1640 in
1633 1611 1727 1641 rem
1770 1611 1887 1656 quae
1919 1596 2003 1641 sub

218 1682 325 1722 voto
359 1678 496 1734 cadit,
532 1679 683 1724 habet.
721 1682 933 1724 Ceterum
958 1680 1011 1724 de
1036 1684 1145 1725 voto
1180 1680 1420 1725 materiam
1457 1681 1601 1726 fusius
1624 1696 1756 1739 agere
1790 1682 1846 1726 ad
1876 1683 2000 1728 theo-

215 1759 338 1817 logos
370 1760 609 1806 brexitatis
642 1762 785 1819 gratia
820 1762 1055 1807 remittere
1089 1762 1312 1820 cogimur.

962 2015 1140 2059 CAPL‘T
1174 2017 1246 2058 [v.

418 2144 478 2179 DE
506 2144 660 2182 SACRA
687 2145 914 2182 LITURGIA
941 2146 1000 2182 AC
1027 2147 1088 2182 DE
1117 2147 1280 2184 SACRIS
1307 2147 1566 2184 ECCLESIAE
1594 2148 1790 2185 RITIBUS.

334 2261 461 2305 1159.
500 2264 695 2307 Actuum
731 2264 998 2322 complexus
1019 2264 1183 2323 quibus
1210 2266 1406 2311 Ecclesia
1435 2270 1524 2311 Deo
1547 2267 1722 2311 cultum
1748 2271 1995 2314 externum

211 2347 258 2387 et
289 2343 504 2389 socialem
539 2346 675 2391 certis
697 2347 861 2406 quibus
892 2348 1055 2394 ritibus
1086 2354 1304 2407 praestat,
1329 2364 1470 2395 sacra
1505 2352 1717 2409 litaryz'a,
1750 2353 1821 2397 vel
1854 2353 1994 2399 etiam

210 2425 478 2484 simpliciter
511 2430 723 2487 lituryia,
759 2445 817 2476 ex
853 2431 1022 2476 iamdiu
1059 2433 1252 2491 receptis
1286 2434 1487 2478 moribus
1520 2449 1577 2479 ex
1605 2435 1779 2492 graecis
1809 2436 1995 2482 vocibus

191 2512 442 2568 „publicam
478 2516 792 2559 ministerium
815 2515 1196 2575 significantibus,
1223 2518 1379 2563 vocari
1402 2519 1659 2564 consuevit.
1699 2520 1763 2565 Ad
1786 2520 1995 2567 doctores

209 2594 264 2639 de
297 2609 424 2641 sacra
455 2596 635 2655 liturgia
669 2613 726 2643 ex
760 2600 962 2658 professo
986 2605 1175 2658 agentes
1197 2615 1314 2660 quae
1338 2602 1392 2646 ad
1418 2615 1595 2646 sacram
1630 2602 1860 2660 liturgiam
1894 2619 1993 2662 per·

148 2726 150 2729 y
208 2675 376 2732 tinent,
414 2680 706 2726 remittentes
738 2682 867 2727 haeic
899 2683 954 2727 de
976 2683 1118 2728 saci-is
1144 2683 1369 2729 Ecclesiae
1394 2684 1557 2728 ritibus
1589 2684 1792 2730 brexiter
1823 2686 1989 2744 agitur,

208 2771 314 2804 cum
349 2761 462 2808 haec
495 2763 794 2811 missionariis
827 2766 1033 2826 apprime
1072 2772 1305 2825 comperta
1341 2781 1439 2812 esse
1472 2767 1684 2812 debeant.
1722 2769 1787 2813 Sit
1825 2769 1987 2827 igitur:
