2176 3386
227 163 303 203 108
871 175 981 204 PARS
1010 176 1032 204 1.
1070 176 1127 204 DE
1156 176 1367 205 PERSONIS

224 283 371 340 legem
404 283 601 327 condere
620 290 764 340 potest
784 290 826 328 et
845 284 1150 341 privileyium
1182 283 1444 328 concedere.
1482 284 1523 338 Ξ)
1554 284 1720 329 Nullus
1740 291 1890 350 ¹potest
1921 285 2008 344 pri-

226 367 443 425 vilegium
477 367 729 412 concedere
761 367 838 427 qui
872 368 1018 425 legem
1042 367 1239 413 condere
1265 381 1354 411 non
1380 370 1542 424 potest.
1580 371 1702 412 Haec
1729 369 1883 425 regula
1919 368 2006 426 pri-

228 465 351 495 mam
386 449 563 509 perficit
597 449 657 494 ita
692 453 743 493 ut
773 449 1043 507 simpliciter
1074 449 1161 492 dici
1197 447 1363 506 possit:
1401 447 1528 493 Solus
1551 449 1628 493 ille
1657 436 1802 506 potest'
1816 450 2005 506 privile-

227 537 358 592 yium
393 534 510 578 dare
541 535 622 590 qul
650 538 790 589 potest
824 533 968 589 legem
1003 531 1147 588 ferre.

717 675 734 717 ξ
761 675 792 709 4.
836 695 864 696 κ’
892 674 950 709 De
972 673 1281 719 privileqiorum
1309 673 1513 709 divisione.

354 779 447 822 144.
483 778 638 822 Plures
670 777 788 834 ap'ud
821 780 1031 820 auctores
1066 775 1405 834 privilegiorum
1431 775 1681 821 divisiones
1703 776 2006 821 exhibentur:

231 861 495 920 praecipuas
529 862 698 904 referre
731 858 927 903 sufficiat
964 860 991 901 ¹.
1032 861 1074 905 ai
1101 858 1339 916 Privilegia
1362 858 1450 902 alia
1473 863 1582 902 sunt
1600 859 1768 914 realia,
1796 858 1882 903 alia
1904 872 2009 916 per-

228 943 433 998 3οηαίἱαῖς
469 944 542 987 illa
576 944 746 987 directe
780 943 842 986 rei
877 942 1028 992 alicui,
1068 942 1264 997 muneri,
1299 941 1551 987 conditioni
1575 956 1599 986 3
1625 955 1816 1000 persona
1852 942 2010 987 distin·

230 1032 331 1072 ctae
363 1026 697 1080 conceduntur,
734 1027 847 1070 haec
880 1024 1145 1069 immediate
1181 1038 1400 1082 personae
1434 1026 1465 1068 '·'.
1510 1025 1638 1079 Quod
1680 1031 1836 1069 autem
1873 1025 2010 1084 privi-

230 1110 397 1167 legium
432 1109 490 1153 sit
523 1110 650 1153 reale
686 1109 755 1153 vel
787 1108 1035 1164 personale
1077 1107 1401 1165 cognoscitur,
1438 1109 1805 1152 monet'Suarez
1845 1108 1877 1161 ³,
1912 1112 2011 1152 tum

232 1191 408 1235 ratione
445 1192 568 1234 modi
598 1204 687 1249 quo
723 1203 941 1247 personae
977 1190 1025 1233 iit.
1058 1190 1219 1247 gratia,
1258 1194 1354 1234 tum
1390 1191 1567 1235 ratione
1600 1203 1771 1236 causae
1802 1205 1890 1248 qua
1928 1195 2012 1249 pri-

233 1274 449 1331 vilegium
486 1273 770 1327 conceditur,
809 1277 906 1316 tum
945 1273 1120 1317 ratione
1155 1276 1225 1317 rei
1256 1273 1376 1318 circa
1420 1287 1559 1333 quain
1595 1279 1806 1318 versetur
1847 1274 2012 1318 immu-

233 1356 353 1400 nitas
372 1356 611 1414 privilegii,
638 1362 731 1399 tuin
759 1355 936 1400 ratione
959 1357 1204 1399 verboram
1228 1356 1391 1415 quihus
1416 1356 1704 1414 privilegium
1736 1361 2010 1414 conceptum

232 1445 315 1483 est.
356 1445 401 1484 [n
446 1441 581 1484 dubio
629 1441 935 1499 praesumitur
977 1440 1213 1498 personale
1248 1440 1278 1483 ¹⁸.
1332 1439 1623 1498 Priviicgium
1667 1439 1785 1498 quod
1826 1438 2014 1495 collegio

234 1537 531 1582 personarum
567 1523 836 1568 conceditur
869 1524 1077 1568 nonnulli
1115 1529 1284 1568 vocant
1320 1526 1515 1567 mixtwn
1550 1527 1778 1582 quatenus
1810 1521 1864 1566 de
1894 1521 2015 1565 reali

234 1611 279 1650 et
311 1607 553 1663 personali
585 1606 843 1664 participat,
880 1620 1043 1650 verum
1079 1607 1193 1650 nihil
1219 1606 1407 1664 impedit
1439 1607 1688 1665 quominus
1720 1605 1809 1650 tale
1834 1604 2014 1663 privile-

234 1690 357 1747 gium
392 1691 596 1734 absolute
631 1691 756 1734 reale
791 1694 982 1735 vocetur
1014 1691 1142 1734 iuxta
1178 1690 1269 1735 iam
1304 1690 1440 1735 dicta.
1478 1692 1516 1744 b)
1558 1689 1795 1746 Prixilegia
1819 1688 1907 1733 alia
1942 1687 2014 1745 fa-

240 1774 480 1820 vorabilia,
507 1774 594 1817 alia
617 1774 772 1817 odiosa
805 1774 1052 1818 dicuntur:
1091 1774 1162 1817 illa
1196 1776 1430 1830 primario
1467 1775 1525 1817 in⁴
1548 1787 1768 1831 personae
1803 1771 2013 1829 favorem

236 1856 554 1899 conceduntur
586 1855 727 1900 etiam
761 1856 795 1899 si
832 1856 1054 1900 indirecte
1090 1856 1134 1900 in
1172 1855 1292 1900 tertii
1330 1856 1658 1914 praeiudicium
1685 1857 1717 1910 ⁵,
1753 1856 1865 1899 haec
1906 1867 2021 1907 vero,

238 1937 455 1995 primario
488 1937 533 1980 in
567 1938 725 1982 odiam
768 1939 956 1983 alterius
990 1940 1309 1984 conceduntur
1342 1939 1373 1982 ⁶.
1417 1942 1612 1993 Tamen,
1650 1942 1780 1982 notat
1815 1937 2014 1991 Machat‚

238 2019 471 2077 privilegia
507 2019 660 2064 odiosa
697 2020 850 2065 vocari
883 2024 1123 2064 communi
1158 2036 1242 2066 asu
1275 2035 1394 2080 qaae
1438 2024 1535 2065 ‘lari
1576 2022 1815 2064 commzmi
1855 2018 2017 2063 adver-

238 2106 398 2145 santur
430 2107 507 2146 aut
542 2105 667 2146 tercie·
694 2103 1044 2159 praeiudicium
1078 2106 1318 2146 continent
1352 2105 1382 2146 7.
1418 2105 1455 2154 6)
1495 2100 1735 2159 privilegia
1779 2099 1865 2145 alia
1908 2102 2017 2143 sunt

238 2186 401 2230 clczasa
435 2188 482 2228 in
518 2199 707 2242 corpore
742 2188 873 2241 iaris,
909 2185 994 2229 alia
1032 2186 1286 2242 procedunt
1319 2199 1378 2230 ex
1409 2185 1601 2242 speciali
1632 2186 1854 2239 rescripto
1878 2184 2017 2225 Prin-

238 2270 365 2324 cipis.
406 2267 481 2311 llla
518 2281 595 2325 per
628 2267 814 2312 modum
839 2268 948 2325 legis
971 2269 1312 2326 concipiuntur,
1349 2267 1414 2312 uti
1438 2269 1716 2312 clericorum
1746 2265 2014 2323 privilegia,

241 2351 302 2396 ita
337 2355 387 2394 ut
435 2351 621 2394 nullam
663 2351 722 2395 sit
767 2352 887 2410 quod
938 2352 1074 2396 iudex
1122 2357 1283 2397 contra
1325 2366 1378 2396 ea
1426 2351 1676 2396 decernat:
1713 2350 1858 2406 legem
1891 2347 2015 2393 enim

362 2530 369 2548 ¹
401 2531 450 2566 uf.
483 2531 641 2566 MAan'r
669 2540 726 2575 up.
753 2540 783 2566 c.
811 2536 846 2566 ct
874 2531 895 2567 1.
922 2540 952 2565 6.

361 2602 373 2619 ²
401 2603 488 2646 Gap.
521 2602 697 2638 Mandata
726 2602 772 2638 de
805 2607 1047 2648 praesumpt.;
1076 2602 1098 2638 l.
1130 2603 1197 2639 196
1224 2602 1257 2639 ff.
1284 2603 1327 2640 tle
1355 2603 1491 2648 regulis
1531 2604 1622 2640 iuris
1654 2609 1690 2640 61
1717 2603 1739 2639 1.
1767 2604 1882 2640 forma
1913 2603 1947 2639 ff.
1974 2604 2017 2641 de

242 2673 426 2710 censibus.
456 2674 543 2718 Reg.
570 2673 588 2708 7
619 2673 712 2709 Iuris
738 2674 773 2708 in
800 2673 848 2715 6⁰,
877 2683 951 2719 rog.
983 2673 1027 2709 78
1048 2673 1094 2716 ff„
1120 2674 1198 2714 §57
1224 2678 1259 2709 et
1287 2684 1340 2720 sq.
1368 2674 1458 2711 Inst.
1485 2674 1530 2711 de
1556 2680 1626 2727 act.>
1683 2726 1687 2728 ῃ

364 2745 377 2763 ³
404 2744 470 2791 Op.
499 2746 558 2781 cit.
586 2745 607 2780 1.
635 2746 666 2788 8,
694 2756 726 2781 6.
754 2746 787 2790 5,
814 2755 850 2783 n.
877 2746 898 2781 5
925 2750 959 2781 61
986 2755 1040 2791 sq.

361 2817 376 2837 ¹·
401 2817 453 2853 Cf.
482 2817 658 2854 D’Axmu.
686 2827 744 2863 op.
772 2822 806 2854 61
834 2817 901 2853 loc.
929 2828 960 2854 c.

363 2889 376 2907 ⁵
405 2889 462 2924 Uti
492 2889 579 2934 priv.
606 2899 651 2925 ex
677 2889 799 2924 Sonat.
826 2897 926 2924 cons.
955 2888 1083 2925 Vellei.
1111 2889 1150 2924 in
1178 2888 1296 2924 benef.
1323 2888 1489 2924 mulieris
1510 2888 1755 2925 fideiubentis.

364 2959 377 2980 ⁶
403 2960 461 2997 Uti
492 2961 580 3006 priv.
609 2971 656 2996 ex
682 2960 802 2997 Senat.
829 2969 930 2996 cons.
962 2959 1226 2997 Macedoniano
1254 2959 1291 2995 in
1317 2959 1442 2996 odium
1469 2959 1748 2996 foeneratorum.

368 3032 381 3051 ⁷
408 3032 473 3078 Op.
502 3032 561 3068 cit.
587 3036 621 3068 61
651 3032 671 3068 l.
699 3031 759 3068 cit.
