2176 3386
183 10 217 38 ..ἰ
258 0 419 25 -'⁸‘'·‘b‘x¹?
450 0 478 14 zv·
600 0 661 21 '-:·⁴.
747 0 763 21 ,ί
792 0 807 4 ..
1012 3 1018 34 7
1129 0 1133 3 .
1218 7 1221 10 Α
1700 22 1704 28 .
2033 0 2046 13 „V

0 0 136 266 W»

12 194 19 199 -
565 155 694 185 LIBER
723 155 747 184 1.
778 156 835 184 DE
865 155 1007 184 REBUS
1038 154 1274 184 ECCLESIAE
1305 154 1631 184 SPIRITUALIBUS
1943 144 1991 185 71

13 294 17 297 a
44 271 65 313 ¹,
195 259 280 306 lati
312 260 641 315 sacerdotibus,
676 260 884 318 exceptis
917 259 1202 319 regularibus
1234 259 1480 319 exemptis,
1516 259 1733 304 conferri.
1770 259 1887 305 Hinc
1910 272 1993 304 usu

43 335 50 346 ’
194 341 440 388 communi
474 342 726 388 iurisdictio
758 342 900 387 etiam
935 342 1204 402 approbatio
1236 341 1420 388 dicitur.

934 544 1166 574 Anncutns
1197 544 1260 574 ιιι.

961 653 1022 694 De
1057 649 1234 708 sigillo.

320 769 420 814 742.
461 772 604 814 Nemo
638 768 819 826 ignorat
852 767 977 813 nullo
1012 781 1218 828 unquam
1253 782 1362 813 casu
1405 773 1486 813 aut
1518 769 1721 828 periculo
1764 769 1832 814 fas
1865 781 1990 826 esse,

195 852 372 898 violare
405 853 739 898 sacramentale
773 852 988 911 sigillum,
1023 866 1140 912 quae
1174 852 1360 912 quidem
1387 852 1602 911 obligatio
1636 856 1818 897 mortuo
1851 852 1991 898 etiam

200 937 464 995 poenitente
502 936 729 996 perdurat.
787 936 932 982 Huius
965 935 1251 982 custodiendi
1285 937 1360 980 lex
1394 950 1488 981 non
1523 936 1658 981 modo
1691 935 1910 995 importat
1942 940 1994 980 ut

189 1021 510 1068 Confessarius
552 1021 782 1068 abstineat
825 1036 849 1066 a
886 1020 1113 1081 loquendo
1147 1021 1202 1065 de
1238 1020 1372 1066 rebus
1416 1034 1474 1065 ex
1511 1019 1660 1065 valida
1703 1020 1994 1065 confessione

195 1105 280 1150 sibi
315 1106 525 1163 cognitis,
565 1105 643 1150 sed
675 1104 816 1150 etiam
851 1119 909 1150 ex
943 1104 1176 1160 invalida,
1212 1104 1431 1162 sacrilega
1466 1104 1538 1149 vel
1574 1104 1814 1162 incoepta,
1858 1103 1994 1148 modo

194 1189 315 1234 facta
351 1188 410 1233 sit
442 1188 598 1234 animo
630 1202 678 1234 se
710 1188 957 1234 accusandi
1005 1188 1051 1233 in
1086 1189 1184 1233 foro
1221 1186 1548 1233 conscientiae.
1611 1186 1654 1231 Si
1697 1186 1823 1231 enim
1864 1186 1994 1230 fieret

188 1287 254 1319 ex
287 1273 374 1319 alia
407 1287 544 1320 causa
578 1288 652 1319 ex.
680 1288 746 1332 gr.
784 1273 900 1330 ioco,
937 1278 1018 1318 aut
1039 1274 1134 1319 solo
1158 1273 1317 1320 animo
1353 1273 1694 1321 confessarium
1716 1272 1990 1331 decipiendi,

195 1359 407 1403 tentandi
430 1363 519 1404 etc.
556 1357 687 1417 sigilli
723 1358 936 1417 obligatio
970 1362 1286 1404 evanesceret.
1325 1358 1442 1403 Hinc
1467 1357 1696 1416 proposito
1717 1356 1854 1402 dubio
1891 1377 1909 1397 α
1932 1371 1991 1401 an

189 1442 461 1488 Sacerdotes
496 1447 744 1487 teneantur
775 1442 920 1500 sigillo
956 1443 1000 1486 in
1026 1456 1134 1487 casu
1169 1455 1261 1502 quo
1298 1440 1544 1486 facinorosi
1568 1440 1706 1499 aliqui
1741 1440 1922 1498 lingunt
1944 1453 1992 1484 se

188 1526 422 1581 «confiteri,
458 1526 535 1570 sed
571 1525 753 1571 realiter
787 1525 872 1571 illis
905 1526 1068 1571 dicunt
1104 1526 1219 1571 velle
1254 1526 1566 1586 quantitatem
1601 1523 1840 1583 pecuniae,
1880 1523 1993 1568 alias

188 1623 272 1655 eos
304 1610 541 1655 occident:
584 1609 911 1655 Sanctissimus
943 1609 1015 1654 die
1052 1610 1102 1654 511
1142 1608 1236 1654 iulii
1277 1609 1387 1654 1659
1423 1609 1469 1653 in
1503 1612 1663 1666 Congr.
1700 1611 1741 1653 S.
1772 1611 1824 1653 Ο.
1862 1621 1990 1652 man—

188 1693 324 1738 davit
357 1694 560 1749 rescribi,
595 1693 715 1753 quod
748 1697 966 1738 oretenus
999 1691 1293 1737 confessariis
1326 1691 1555 1750 significet
1590 1692 1702 1749 (vic,
1739 1694 1908 1750 Apost.)
1943 1691 1990 1736 in

190 1778 279 1821 hoc
313 1790 420 1822 casu
455 1791 547 1822 non
575 1776 772 1822 militare
805 1776 1005 1834 sigillum
1030 1775 1334 1821 confessionis
1366 1775 1570 1834 adeoque
1594 1789 1671 1820 eos
1695 1788 1825 1833 posse
1862 1789 1990 1834 prae-

193 1861 343 1906 missis
375 1861 518 1906 solitis
553 1860 959 1919 protestationibus
992 1864 1038 1904 et
1070 1859 1267 1904 servatis
1308 1857 1541 1904 consuetis
1564 1857 1758 1904 cautelis
1782 1872 1991 1903 necessa·

191 1945 271 1989 riis
298 1944 354 1989 ad
376 1944 649 1990 evitandum
674 1944 909 1989 incursum
936 1943 982 1988 in
1008 1942 1414 2001 irregularitatem,
1445 1942 1651 1988 revelare
1675 1941 1991 2001 Superioribus

191 2028 373 2073 facinus
408 2028 492 2072 hoc
524 2028 645 2088 quod
677 2028 880 2073 latrones
912 2028 1085 2072 audent
1120 2031 1384 2086 perpetrare
1411 2044 1447 2070 n.

314 2113 414 2157 745.
445 2115 580 2157 Porro
603 2111 880 2170 obligatione
904 2111 1036 2169 sigilli
1059 2110 1414 2168 obstringuntur
1439 2114 1617 2170 praeter
1637 2110 1988 2156 confessarium:

197 2197 235 2251 1)
274 2195 530 2253 interpres;
581 2197 622 2251 2)
659 2196 872 2253 Superior
916 2195 971 2239 ad
1012 2208 1150 2254 quem
1194 2195 1372 2239 delatus
1420 2194 1479 2238 sit
1522 2207 1654 2239 casus
1699 2199 1987 2251 reservatus;

188 2279 235 2335 5)
274 2277 402 2324 iuxta
445 2278 815 2323 communiorem
850 2277 1144 2332 doctrinam,
1195 2281 1360 2322 Doctor
1401 2277 1456 2322 de
1491 2278 1772 2336 poenitentis
1804 2277 1990 2323 licentia

189 2363 429 2407 consultus
470 2376 495 2406 a
538 2361 849 2419 confessari03
901 2363 944 2417 4)
983 2363 1059 2422 qui
1107 2362 1355 2406 causaliter
1400 2361 1472 2406 vel
1517 2361 1743 2407 malitiose
1789 2362 1989 2407 alienam

188 2445 533 2489 canfessionem
571 2444 781 2503 audivit;
833 2446 874 2498 5)
913 2444 986 2490 ille
1030 2444 1102 2490 cui
1149 2445 1367 2490 Sacerdos
1413 2445 1752 2489 confessionem
1801 2445 1990 2490 alterius

195 2528 439 2574 revelavit.

311 2612 412 2657 744.
454 2612 624 2671 Duplici
650 2627 758 2658 vero
783 2612 917 2658 modo
952 2613 1153 2658 violatur
1193 2613 1392 2671 sigillum
1419 2632 1427 2658 :
1460 2612 1730 2670 formaliter
1752 2617 1799 2658 et
1819 2614 1991 2659 directe

189 2695 439 2740 revelando
482 2700 723 2754 peccatum
755 2697 938 2757 aliquod
983 2696 1030 2741 in
1067 2696 1357 2742 confessione
1389 2696 1627 2753 auditum,
1674 2697 1710 2741 si
1747 2697 1991 2756 poenitens

190 2776 423 2823 indicatur
453 2783 534 2824 aut
567 2779 854 2825 innotescere
890 2783 1063 2837 potest;
1116 2782 1158 2835 2)
1200 2781 1431 2825 indirecte
1464 2779 1633 2839 aliquid
1667 2780 1888 2836 dicendo,
1924 2783 1989 2825 fa·

186 2859 370 2916 ciendo,
409 2862 479 2907 vel
512 2862 769 2907 omittendo
802 2877 862 2908 ex
884 2877 974 2923 quo
1007 2862 1218 2908 deveniri
1257 2863 1399 2920 possit
1422 2863 1469 2908 in
1495 2863 1773 2921 probabilem
1798 2864 1990 2910 alicuius

189 2943 473 3001 poenitentis
514 2945 835 3004 suspicionem.
894 2946 958 2991 Ad
993 2947 1112 2992 banc
1147 2961 1258 2992 vero
1304 2946 1604 2992 violationem
1650 2947 1900 3006 requiritur
1938 2951 1989 2992 ut

193 3027 348 3087 aliquo
382 3028 516 3074 modo
549 3029 779 3075 indicetur
811 3043 1031 3089 persona,
1073 3044 1191 3090 quae
1225 3035 1467 3089 peccatum
1503 3031 1760 3077 revelatum
1795 3032 1987 3078 commi-
