2176 3386
233 164 310 203 156
879 175 990 204 PARS
1020 176 1044 204 1.
1075 176 1132 204 DE
1161 175 1372 204 PERSONIS

350 287 450 332 206.
488 287 553 332 Ad
587 286 783 331 Abbates
808 301 915 331 vere
948 286 1118 331 nullius
1148 286 1268 346 quod
1302 285 1501 344 pertinet
1534 286 1578 330 hi
1603 290 1712 331 sunt
1742 287 1819 342 qui
1850 301 2011 333 revera

231 371 358 430 quasi
392 370 695 429 episcopalem
720 369 1082 414 iurisdictionem
1109 369 1292 414 habent.
1326 373 1388 414 De
1416 369 1485 414 his
1511 369 1597 413 tria
1621 373 1730 413 sunt
1751 370 2011 429 quaerenda

237 455 274 506 1)
310 467 426 513 quae
459 453 518 498 sit
549 453 750 510 legitima
784 467 943 497 eorum
976 453 1102 509 origo
1136 453 1177 507 2)
1204 466 1322 511 quae
1355 448 1614 498 iurisdictio
1640 453 1681 508 5)
1708 466 1824 511 quae
1858 466 2012 498 onera.

232 540 443 581 Iamvero
476 536 530 580 de
564 535 738 593 origine
761 536 1014 580 tenendum
1038 539 1107 580 est
1133 536 1358 579 praelatos
1383 534 1745 580 iurisdictionem
1778 535 2014 594 acquirere

234 632 362 678 posse
397 620 470 664 vel
502 619 636 664 titulo
668 618 871 676 originis,
900 619 971 663 vel
1004 618 1136 662 titulo
1172 617 1392 676 privilegii
1428 617 1680 676 apostolici,
1717 618 1790 662 vel
1824 618 2013 663 tandem

233 703 367 747 titulo
415 702 796 760 praescriptionis.
845 701 1003 756 Quoad
1053 701 1236 745 titulum
1286 700 1475 758 originis
1508 691 1724 745 notamus
1755 701 1875 759 quod
1907 714 2012 745 cum

234 790 411 830 certum
436 785 494 831 sit
518 785 800 830 territorium
829 784 1055 829 Ecclesiae
1080 797 1221 841 usque
1245 784 1302 828 ab
1323 783 1457 828 initio
1491 783 1536 827 in
1562 783 1792 828 dioeceses
1814 782 2013 828 divisum

235 868 390 924 fuisse,
417 869 479 913 nil
504 868 714 926 prohibet
735 867 982 927 quominus
1014 867 1071 911 ab
1099 867 1230 911 initio
1263 867 1553 911 l‘raelaturae
1579 880 1684 910 vere
1708 865 1877 910 nullius
1908 879 2015 910 con·

235 952 422 997 stitutae
446 953 551 997 sint.
587 951 714 1005 Quod
738 951 937 1009 pertinet
963 964 1071 994 vero
1104 950 1159 994 ad
1195 949 1483 1006 privilegium
1519 954 1698 1007 oportet
1725 949 2014 1007 privilegium

235 1035 293 1080 sit
316 1035 449 1080 claris
474 1035 625 1080 verbis
648 1047 917 1092 expressum
938 1048 990 1078 ac
1013 1037 1191 1078 certum
1216 1047 1321 1077 cum
1345 1033 1399 1077 de
1423 1032 1661 1077 limitanda
1693 1031 2014 1091 Episcoporum

237 1117 549 1162 iurisdictione
572 1120 736 1174 agatur
758 1130 874 1175 quae
899 1116 942 1160 in
965 1116 1033 1160 sui
1058 1117 1265 1160 favorem
1291 1114 1402 1159 iuris
1421 1113 1840 1172 praesumptionem
1860 1113 2012 1158 habet.

237 1200 500 1260 Antiquitus
544 1202 683 1245 etiam
737 1199 940 1258 Episcopi
975 1214 1080 1244 cum
1116 1198 1300 1257 capituli
1345 1212 1600 1252 consensu,
1636 1197 1771 1242 alicui
1811 1198 2016 1242 Praelato

237 1284 599 1329 iurisdictionem
636 1284 680 1327 in
722 1283 1052 1328 Monasterium
1087 1287 1133 1327 et
1168 1296 1382 1340 personas
1415 1282 1546 1326 aliter
1579 1280 1832 1325 existentes
1855 1294 2016 1325 conce-

236 1367 342 1410 dere
376 1370 588 1423 poterant
621 1380 708 1424 qua
743 1366 799 1410 ab
836 1365 1051 1423 Episcopo
1083 1369 1324 1422 exemptos
1357 1365 1508 1419 liebat,
1543 1370 1591 1409 at
1624 1378 1860 1422 progressu
1903 1369 2017 1409 tem·

239 1449 357 1507 poris
390 1449 502 1493 haec
536 1452 736 1507 potestas
769 1448 825 1492 ab
861 1447 1092 1507 Episcopis
1133 1448 1307 1492 sublata
1353 1452 1422 1492 est
1457 1448 1517 1492 ita
1552 1452 1602 1492 ut
1635 1447 1766 1492 hodie
1814 1449 1897 1493 lioc
1931 1449 2017 1507 pri·

238 1532 457 1589 vilegium
482 1535 750 1586 concedere,
779 1531 961 1577 nonnisi
986 1532 1042 1576 ad
1066 1533 1224 1576 Sedem
1252 1531 1558 1589 Apostolicam
1586 1530 1812 1590 pertineat
1837 1532 1865 1575 ¹.
1903 1534 2016 1576 Tan-

238 1617 341 1661 dem
378 1617 569 1661 Praelati
605 1615 773 1661 nullius
800 1615 1162 1660 iurisdictionem
1196 1615 1405 1660 obtinere
1434 1619 1622 1673 possunt
1650 1617 2020 1672 praescriptione

239 1714 331 1744 non
355 1700 538 1757 quidem
563 1699 791 1744 ordinaria
818 1699 932 1744 idest
950 1701 1008 1744 40
1025 1714 1273 1755 annorum,
1295 1699 1371 1743 sed
1396 1698 1756 1757 praescriptione
1781 1699 2018 1744 immemo-

239 1782 337 1827 riali
363 1783 390 1827 ².
428 1783 607 1827 Etenim
644 1797 940 1827 romanorum
977 1783 1073 1827 iure
1107 1797 1212 1827 cum
1246 1787 1459 1839 ageretur
1497 1782 1551 1825 dc
1594 1781 1759 1826 linibus
1803 1782 2019 1840 praescri-

239 1865 397 1909 bendis
444 1865 721 1910 auctoritate
766 1865 943 1922 publica
995 1865 1260 1909 constitutis
1309 1864 1605 1922 praescriptio
1652 1863 1882 1908 ordinaria
1928 1877 2018 1908 non

240 1948 491 1992 sufficiebat
515 1949 553 2004 3;
589 1949 709 2007 quod
745 1949 811 1992 ius
844 1949 1122 1994 canonicum
1157 1947 1343 2006 recepit.

360 2033 458 2077 207.
483 2036 542 2076 De
566 2032 880 2078 iurisdictione
901 2032 1126 2077 Abbatum
1152 2046 1260 2077 vere
1285 2031 1452 2076 nullius
1477 2032 1516 2075 i‹l
1544 2046 1622 2089 pro
1646 2031 1797 2089 regula
1821 2031 2020 2089 generali

241 2116 379 2160 statui
431 2122 607 2174 potest,
645 2117 876 2161 praelatos
912 2130 1020 2162 vere
1068 2116 1235 2160 nullius
1284 2120 1441 2174 utpote
1488 2128 1621 2159 veros
1667 2114 1932 2160 Ordinarios
1969 2128 2021 2159 ac

244 2200 575 2253 Dioecesanos,
612 2214 827 2245 exercere
862 2214 990 2258 posse
1038 2213 1199 2244 omnes
1246 2205 1407 2255 actus,
1443 2199 1519 2258 qui
1559 2199 1614 2243 ad
1659 2197 2020 2242 iurisdictionem

241 2282 549 2342 episcopalem
593 2283 857 2341 pertinent,
894 2283 948 2327 iis
980 2283 1215 2340 exceptis,
1251 2296 1368 2342 quae
1410 2297 1434 2326 a
1470 2282 1566 2327 iure
1609 2294 1823 2340 expresse
1863 2280 2021 2325 iisdem

241 2365 552 2423 denegantur;
604 2380 679 2410 eos
714 2380 856 2421 vero,
892 2366 969 2425 qui
1002 2365 1057 2410 ad
1100 2365 1307 2410 ordinem
1358 2365 1624 2423 pertinent,
1659 2363 1886 2421 attingere
1929 2377 2021 2407 non

243 2461 390 2506 posse,
425 2448 553 2493 salvo
586 2449 735 2507 quoad
769 2449 1062 2493 collationem
1097 2448 1320 2493 Ordinum
1370 2448 1600 2492 minorum
1634 2451 1681 2491 et
1712 2445 2023 2491 confirmatio-

244 2530 314 2576 nis
343 2531 581 2589 privilegio
614 2531 878 2589 apostolico.
916 2531 1170 2577 Concilium
1194 2531 1513 2576 'tridentinum
1538 2529 1760 2588 praecipit
1782 2533 1833 2573 ut
1864 2528 1921 2572 ab
1952 2541 2021 2572 or-

243 2613 556 2659 dinationibus
578 2627 625 2659 se
647 2613 911 2659 abstineant
929 2614 1026 2659 sive
1045 2614 1331 2659 subditorum
1355 2612 1629 2658 secularium
1659 2612 1757 2657 sive
1783 2615 2024 2656 extraneo-

246 2709 348 2739 rum
383 2695 490 2740 licet
522 2695 803 2740 dimissorias
825 2709 848 2739 a
875 2695 1055 2753 proprio
1089 2695 1331 2740 retulerint
1353 2695 1584 2740 ordinario
1618 2693 1705 2738 nisi
1732 2691 2023 2752 privilegium

366 2905 373 2922 ¹
404 2903 441 2940 C.
469 2905 488 2939 7
516 2908 551 2939 et
580 2903 625 2940 10
650 2903 718 2939 Tit.
746 2903 825 2947 Vll,
853 2902 933 2938 Lib.
961 2903 992 2938 V
1021 2903 1058 2938 in
1085 2903 1146 2939 VI.

365 2975 379 2994 ’
405 2975 442 3012 S.
467 2974 601 3022 Congr.
631 2973 784 3011 Concilii
812 2973 1043 3019 adprobante
1062 2973 1248 3009 Clemente
1274 2973 1337 3009 xl.
1368 2973 1442 3010 Cfr.
1468 2971 1574 3009 Card.
1601 2971 1730 3008 PmnA
1757 2970 1779 3006 1.
1806 2979 1837 3006 c.

366 3043 380 3063 ⁸
407 3044 449 3080 L.
474 3043 497 3079 5
523 3043 610 3080 Cod.
633 3042 700 3078 Til.
728 3042 873 3079 Finium
901 3041 1162 3086 regundorum.

2146 3107 2147 3110 Α
2150 3006 2169 3070 ⁴⁹*-
2149 2959 2170 2997 ’ζῆ
