2176 3386
187 134 267 176 312
554 150 903 181 SUPPLEMENTUM
933 152 1212 187 QUORUMDAM
1240 154 1606 186 DOCUMENTORUM

187 252 346 311 gitime
378 268 486 300 usus
519 270 612 302 non
646 258 802 314 fuerit,
837 260 1115 306 servandam
1148 274 1247 307 esse
1281 262 1606 308 resolutionem
1639 263 1794 309 datam
1828 263 1876 310 in
1898 279 1966 310 se-

186 336 352 382 cundo.
390 338 454 383 Ad
487 339 530 385 4.
570 343 668 385 Non
702 346 910 400 spectare
953 357 1102 403 neque
1133 344 1190 388 ad
1227 344 1537 403 Religionem,
1573 360 1721 406 neque
1753 348 1807 392 ad
1842 351 1884 394 S.
1920 351 1965 395 C.

187 419 459 478 Spoliorum,
495 423 572 468 sed
605 424 661 469 ad
694 437 800 470 suos
834 426 1068 483 haeredes,
1105 429 1204 472 sive
1237 427 1294 472 ab
1327 428 1571 484 intestato,
1606 429 1705 475 sive
1738 445 1795 476 ex
1829 435 1966 477 testa·

186 506 346 550 mento
379 507 623 552 venientes
649 527 685 553 n.
721 511 765 554 S.
800 512 846 555 C.
888 513 969 555 EE.
1008 515 1054 555 et
1088 514 1178 555 RR.
1216 513 1241 556 6
1275 515 1372 556 Iun.
1410 513 1537 558 1856.

1032 784 1118 836 ΙΙΙ.

275 971 646 1025 Quaestiones
686 971 908 1046 aliquae
949 971 1131 1046 quoad
1170 971 1401 1026 Latinos
1443 980 1495 1026 et
1534 973 1876 1036 Orientales‚

756 1070 813 1120 in
859 1067 997 1121 locis
1037 1066 1394 1122 Missionum.

308 1258 520 1309 Quaestio
554 1259 588 1299 Ι.
627 1257 788 1300 Utrum
824 1256 1099 1302 Missionarii
1135 1262 1385 1302 teneantur
1418 1271 1687 1316 proponere,
1722 1262 1859 1318 atque
1898 1257 1964 1303 in-

183 1338 365 1383 culcare
400 1338 626 1383 Fidelibus
657 1340 714 1383 ab
747 1339 853 1397 ipsis
886 1339 1127 1398 baptizatis
1160 1340 1228 1385 ius
1261 1340 1510 1399 positivum
1550 1342 1803 1386 Ecclesiae?

304 1425 435 1479 Resp.
473 1422 644 1466 Affirm.
680 1421 860 1467 Etenim
886 1437 965 1481 per
987 1423 1213 1482 baptisma
1242 1423 1466 1469 Ecclesiae
1490 1423 1703 1482 potestati
1726 1429 1773 1469 et
1796 1423 1965 1481 legibus

182 1505 506 1561 subiiciuntur,
543 1510 593 1549 ut
626 1505 673 1558 ii,
699 1505 775 1565 qui
810 1505 855 1550 in
889 1506 1090 1566 aliquam
1123 1506 1388 1551 societatem
1424 1511 1716 1565 cooptantur,
1753 1506 1872 1551 illius
1903 1507 1965 1551 le-

183 1588 311 1646 gibus
344 1589 618 1634 subduntur.
658 1588 933 1634 Missionarii
967 1593 1123 1635 autem
1157 1589 1458 1648 obligationes
1489 1590 1719 1648 explicare
1752 1594 1798 1635 et
1822 1590 1964 1635 incul-

182 1686 287 1717 care
320 1672 489 1717 debent
523 1672 653 1717 novis
685 1671 916 1727 fidelibus,
951 1686 1065 1732 quas
1106 1673 1306 1718 subeunt
1338 1674 1447 1718 dum
1492 1673 1716 1718 Ecclesiae
1751 1673 1962 1732 potestati

180 1754 514 1812 subiiciuntur;
549 1755 754 1815 adeoque
787 1755 857 1801 ius
891 1756 1139 1813 positivum
1173 1757 1553 1813 ecclesiasticum,
1580 1757 1679 1802 sive
1703 1762 1961 1816 praecepta,

181 1839 346 1899 quibus
382 1839 598 1894 Ecclesia,
633 1844 859 1898 quotquot
892 1839 1031 1897 ipsius
1065 1841 1277 1898 potestati
1312 1841 1507 1897 subsint,
1543 1841 1741 1898 obligare
1774 1845 1963 1886 conten·

180 1922 262 1967 dit.
313 1923 622 1976 Quamobrem
672 1937 913 1981 supremae
951 1928 1045 1983 lnq.
1091 1924 1304 1979 decreto,
1339 1924 1622 1983 approbante
1655 1923 1794 1969 etiam
1830 1927 1964 1968 Inno-

182 2005 335 2050 centio
370 2010 404 2050 Χ
439 2020 549 2050 ann.
591 2007 700 2051 1646
734 2005 994 2062 delinitum,
1029 2020 1083 2051 ac
1116 2007 1200 2051 sub
1231 2021 1376 2065 poena
1410 2007 1550 2052 etiam
1589 2005 1964 2052 excommunica-

180 2089 321 2135 tionis
353 2091 473 2135 latae
505 2090 765 2135 sententiae
790 2090 1091 2136 Missionariis
1119 2091 1387 2136 mandatum
1422 2092 1525 2147 fuit,
1551 2095 1602 2136 ut
1624 2092 1692 2136 ius
1715 2090 1961 2150 positivum

182 2172 543 2218 ecclesiasticum
579 2172 903 2229 enunciarent,
940 2173 1372 2233 observandumque
1407 2174 1737 2233 praeciperent.

303 2259 367 2299 En
391 2254 580 2300 dubium
605 2259 725 2299 Sacr.
748 2259 911 2314 Congr.
940 2256 1244 2314 propositum:
1271 2258 1433 2301 Utrum
1452 2256 1697 2302 Christiani
1715 2256 1964 2302 Chinenses

181 2339 275 2384 sint
306 2339 492 2398 obligati
526 2340 582 2384 ad
614 2340 958 2385 observantiam
1004 2340 1115 2386 iuris
1159 2340 1367 2399 positivi,
1402 2345 1627 2400 quantum
1670 2340 1725 2384 ad
1769 2339 1960 2395 ieiunia,

180 2422 389 2468 confiteri
423 2424 564 2468 semel
601 2423 645 2467 in
679 2437 820 2479 anno,
856 2423 1209 2479 communicari,
1244 2428 1290 2468 et
1323 2424 1436 2468 festa
1485 2436 1687 2477 servare,
1723 2436 1777 2467 eo
1809 2423 1961 2477 modo,

180 2520 270 2566 quo
293 2506 555 2564 obligantur
578 2506 675 2552 Indi
699 2506 744 2550 in
772 2520 891 2551 nova
926 2507 1162 2564 Hispania,
1187 2510 1234 2550 et
1257 2505 1302 2550 in
1334 2505 1497 2550 Insulis
1526 2504 1808 2564 Philippinis,
1835 2504 1963 2548 iuxta

181 2590 528 2649 dispositionem
565 2593 711 2648 Papae
745 2589 869 2634 Pauli
907 2593 977 2635 tlt.
1016 2603 1095 2647 pro
1131 2588 1251 2634 indis
1283 2588 1643 2634 occidentalibus
1674 2592 1721 2632 et
1754 2587 1962 2632 meridio-

184 2672 392 2718 nahbus?

303 2756 400 2801 Emi
438 2760 517 2801 ΡΡ.
553 2762 862 2811 censuerunt,
899 2756 969 2802 ius
1002 2755 1253 2815 positivum
1296 2754 1656 2799 ecclesiasticum
1694 2754 1748 2798 de
1782 2752 1964 2798 ieiuniis

181 2840 386 2885 absolute
424 2840 622 2896 obligare
653 2839 928 2895 Chinenses3
976 2843 1022 2884 et
1053 2853 1078 2883 a
1113 2837 1413 2884 Missionariis
1453 2839 1540 2882 boc
1571 2850 1668 2882 esse
1702 2837 1788 2882 illis
1818 2850 1962 2882 enun-

182 2923 422 2980 ciandum;
472 2926 650 2968 attenta
686 2937 797 2968 vero
831 2922 1069 2981 regionum
1104 2927 1150 2967 et
1182 2934 1481 2981 personarum
1524 2920 1776 2981 qualitate,
1811 2921 1961 2966 locum

182 3020 307 3063 esse,
343 3008 378 3051 si
413 3006 710 3052 sanctissimo
742 3006 988 3065 placuerit,
1023 3003 1381 3064 dispensationi,
1414 3018 1532 3065 quae
1564 3004 1652 3049 fuit
1682 3004 1794 3050 alias
1824 3019 1850 3049 a
1882 3004 1957 3050 fel.
