2176 3386
812 186 941 215 121ssssss
970 187 995 215 1.
1025 186 1082 214 DE
1110 186 1306 216 cummis
1870 175 1953 216 407

163 293 348 339 Curiam
385 293 586 339 iustitiae
618 292 925 349 constituunt,
970 293 1090 338 sicut
1122 293 1279 338 Officia
1313 306 1447 351 supra
1486 296 1702 338 enarrata
1736 292 1955 338 dicuntur

166 374 224 420 ad
257 374 438 420 Curiam
472 375 645 433 gratiae
678 375 922 434 pertinere.
1558 360 1569 372 ⁰

800 510 817 555 ᾗ
844 512 876 547 1.
905 531 948 538 —
974 512 1034 548 De
1058 511 1096 548 S.
1123 512 1168 548 R.
1196 511 1310 548 Rota.

287 605 386 649 525.
424 609 520 649 Hoc
554 604 767 649 Tribunal
799 619 824 649 a
860 609 1030 649 Ioanne
1066 608 1197 650 XXII.
1235 618 1358 649 anno
1395 605 1506 649 1526
1545 604 1852 649 constitutum
1886 609 1956 650 est

165 687 223 732 ad
266 687 655 745 recognoscendas
695 701 748 731 ac
788 687 1063 732 decidendas
1095 686 1419 731 contentiones
1452 686 1498 731 in
1543 688 1689 732 forma
1736 687 1951 732 iudiciali.

166 772 293 816 Circa
340 771 540 817 nominis
572 771 794 826 originem
835 771 956 814 inter
995 771 1205 815 doctores
1241 770 1448 830 quaestio
1481 775 1549 815 est
1574 771 1603 814 ¹.
1659 769 1763 815 Eius
1811 784 1954 814 mem-

166 856 246 900 bra
289 856 520 900 auditores
553 855 609 899 ab
640 855 829 913 antiquo
873 853 1023 899 officio
1055 853 1344 912 appellantur
1377 852 1592 898 audiendi
1626 867 1787 899 causas
1821 858 1867 898 et
1898 855 1954 898 ad

169 944 426 986 Romanum
463 939 731 984 Pontificem
767 939 1011 983 referendi.
1048 937 1202 982 Sixtus
1228 940 1282 982 [V
1317 936 1464 981 voluit
1497 941 1548 980 ut
1585 938 1636 981 12
1671 941 1825 982 essent
1857 936 1954 996 qui·

166 1023 250 1067 bus
282 1027 460 1081 praeest
503 1022 736 1081 antiquior
772 1021 848 1080 qui
881 1021 1085 1065 decanus
1126 1025 1432 1078 nuncupatur.
1485 1025 1581 1065 Hoc
1624 1019 1839 1064 'tribunal
1882 1033 1954 1064 co-

164 1105 344 1164 gnoscit
375 1105 429 1150 de
463 1104 611 1149 causis
644 1109 695 1148 ut
729 1104 976 1162 plurimum
1010 1103 1222 1148 civilibus
1254 1118 1367 1162 quas
1400 1103 1481 1161 ipsi
1518 1103 1786 1148 iudicandas
1817 1103 1956 1148 tradit

161 1201 379 1246 expresso
410 1189 628 1232 mandato
654 1191 886 1232 Romanus
911 1187 1149 1243 Pontifex3
1186 1191 1323 1245 atque
1348 1187 1432 1230 hoc
1455 1186 1649 1243 speciale
1685 1187 1821 1231 babet
1858 1206 1876 1226 a<
1906 1191 1956 1230 ut

158 1285 327 1317 causae
362 1271 407 1315 in
444 1271 586 1329 prima
612 1285 691 1315 seu
715 1271 921 1315 ulteriori
956 1271 1175 1315 instantia
1210 1270 1256 1315 in
1292 1271 1364 1314 illa
1400 1270 1695 1326 terminatae,
1732 1271 1780 1315 in
1814 1270 1954 1328 gradu

163 1354 482 1413 appellationis
504 1355 548 1398 in
588 1358 738 1410 tertia,
765 1354 1056 1398 ulterioribus
1089 1354 1322 1398 instantiis
1355 1353 1399 1397 in
1436 1353 1597 1398 eodem
1631 1354 1798 1398 iterum
1831 1366 1954 1397 com·

166 1438 287 1482 mitti
322 1438 519 1483 debeant
546 1457 564 1477 υ
591 1439 621 1481 ².
662 1439 766 1483 Eius
791 1437 1042 1497 iurisdictio
1077 1441 1145 1481 est
1171 1436 1402 1481 ordinaria
1437 1437 1483 1481 iu
1517 1437 1852 1494 cognoscendO,
1878 1436 1956 1481 sed

163 1521 368 1578 delegata
404 1522 448 1565 in
473 1521 835 1579 pronunciando.
875 1520 1087 1564 Tribunal
1124 1522 1163 1563 S.
1194 1524 1335 1564 Rotae
1369 1524 1585 1564 censetur
1616 1519 1683 1563 uti
1714 1534 1738 1563 a
1765 1521 1805 1564 S.
1843 1519 1955 1564 Sede

157 1603 452 1660 distinctum,
480 1606 591 1649 adeo
616 1609 664 1648 ut
687 1604 743 1649 ab
765 1603 862 1648 eius
894 1603 1124 1648 sententia
1159 1603 1213 1646 ad
1252 1607 1511 1647 Romanum
1547 1602 1815 1647 Pontificem
1855 1615 1954 1659 pro·

164 1687 260 1746 prie
282 1689 497 1747 appellari
524 1693 684 1747 potest.
724 1691 765 1733 S.
796 1692 935 1733 Rotae
960 1687 1175 1732 'l'ribunal
1205 1701 1386 1745 semper
1420 1687 1548 1732 iuxta
1578 1688 1648 1732 ius
1675 1688 1818 1732 latum
1854 1702 1955 1733 scn-

163 1771 333 1815 tentias
369 1772 568 1829 rigorose
607 1772 739 1816 edere
773 1773 939 1827 debet,
974 1771 1094 1831 quod
1141 1771 1184 1815 in
1225 1771 1325 1815 aliis
1372 1771 1809 1829 Congregationibus
1859 1787 1956 1817 non

166 1856 430 1901 verificatur
462 1856 508 1901 in
538 1857 702 1916 quibus
732 1856 978 1915 aliquando
1012 1871 1034 1900 a
1072 1855 1181 1900 iuris
1216 1856 1361 1913 rigore
1395 1855 1615 1900 declinari
1644 1856 1773 1901 solet.
1813 1856 1958 1901 Huius

161 1940 418 1985 Tribunalis
451 1940 684 1998 proprium
718 1943 811 1984 est:
862 1940 897 1996 l)
935 1940 991 1982 Ut
1026 1939 1147 1984 nulla
1188 1952 1325 1983 causa
1361 1953 1439 1996 per
1464 1951 1511 1982 se
1535 1939 1574 1983 ei
1599 1937 1836 1983 subiaceat
1871 1938 1956 1983 nisi

160 2023 372 2080 specialis
418 2021 610 2067 Romani
651 2021 883 2066 Pontificis
922 2020 1184 2066 commissio
1220 2020 1525 2077 interveniat,
1578 2020 1619 2076 2)
1658 2019 1755 2065 illas
1796 2034 1957 2066 causas

164 2106 335 2150 iudicat
375 2119 491 2165 quae
534 2106 590 2149 ad
632 2109 889 2150 Romanum
927 2103 1193 2149 Pontificem
1230 2103 1428 2161 perlatae
1460 2103 1517 2147 ab
1550 2103 1710 2148 eodem
1748 2107 1956 2149 Romano

165 2189 384 2234 pontifice
417 2188 457 2232 ci
480 2188 774 2247 assignantur
796 2192 846 2231 ut
870 2191 1209 2245 cognoscantur
1241 2191 1287 2230 et
1321 2188 1646 2231 terminentur.
1684 2191 1836 2241 Quare
1870 2188 1956 2231 hoc

161 2273 379 2318 Tribunal
414 2286 505 2316 non
542 2272 744 2330 procedit
776 2271 832 2316 ad
869 2270 1066 2329 partium
1102 2270 1392 2326 instantiam,
1420 2283 1505 2314 nec
1540 2269 1715 2328 publice
1758 2270 1954 2314 advoca-

163 2361 236 2402 tos
280 2361 326 2401 et
369 2361 684 2415 procuratores
716 2355 870 2410 audit,
907 2354 983 2399 sed
1016 2353 1207 2411 scriptas
1250 2352 1542 2410 probationes
1578 2366 1631 2397 ac
1664 2352 1957 2398 defensiones

164 2440 327 2498 recipit
360 2439 653 2498 partiumque
685 2438 933 2483 advocatos
959 2437 1177 2496 prixatim
1202 2435 1344 2481 audit.
1383 2435 1499 2480 Huic
1533 2435 1764 2480 Tribunali
1790 2449 1955 2481 causae

162 2536 328 2568 omnes
360 2522 617 2580 spirituales
640 2522 781 2566 totius
805 2520 925 2566 orbis
957 2520 1332 2574 committuntur,
1369 2519 1610 2577 speciatim
1647 2534 1756 2564 vero
1789 2533 1954 2564 causae

160 2603 326 2649 civiles
374 2619 431 2649 ex
475 2608 601 2649 Statu
653 2604 967 2650 Ecclesiastico
1016 2602 1446 2648 committebantur.
1500 2603 1638 2646 Notat
1675 2600 1955 2646 clarissimus

169 2692 230 2733 De
266 2692 383 2733 Luca
421 2688 541 2747 quod
589 2687 771 2732 etiamsi
805 2687 903 2731 eius
934 2685 1193 2731 sententiae
1236 2684 1331 2728 vim
1370 2683 1655 2729 Pontiliciam
1691 2697 1783 2728 non
1820 2684 1955 2729 habe-

165 2775 287 2826 rent,
322 2774 477 2816 tamen
501 2772 558 2816 ob
580 2771 732 2828 legum
765 2769 1009 2815 scientiam
1048 2781 1102 2813 ac
1139 2767 1342 2811 iudicum
1368 2766 1701 2824 integritatem,
1738 2780 1954 2824 magnam

289 2902 297 2920 ¹
326 2902 395 2939 Cir.
423 2902 476 2938 DE
505 2902 605 2938 Luca
634 2900 745 2938 Relat.
765 2901 846 2937 Cur.
866 2910 898 2946 p.
918 2899 950 2935 2.
970 2900 1058 2937 disc.
1078 2899 1134 2943 22;
1169 2899 1289 2934 Bomx
1315 2898 1358 2934 de
1388 2898 1549 2934 Romana
1580 2897 1701 2941 Curia;
1734 2899 1956 2935 ANDREUCCI

168 2973 394 3010 Uici-archia.

287 3045 300 3063 ¹
327 3045 382 3081 De
407 3045 510 3082 Luni
535 3044 806 3081 Praelcctiones
834 3044 872 3080 L.
901 3043 932 3079 i.
