2176 3386
541 200 671 229 mel-:R
698 201 724 229 1.
754 200 812 229 DE
841 199 980 229 nunus
1009 199 1244 228 eccm-:sue
1271 199 1599 229 smmTUALmth
1847 201 1851 205 ’
1887 189 1964 229 139

181 308 309 353 tione
343 310 576 366 patratum
610 306 750 352 tuerit
781 310 833 351 ut
864 305 1095 351 homicida
1127 319 1232 350 cum
1256 306 1412 370 *altero
1444 305 1652 362 adultero
1690 307 1966 352 contrahere

183 389 351 448 possit,
392 393 439 435 et
483 403 606 435 mors
639 393 797 435 secuta
830 389 997 445 fuerit,
1043 403 1136 434 non
1169 393 1326 434 autem
1361 375 1611 448 requiritur
1642 393 1693 433 ut
1726 389 1965 434 communi

181 473 372 519 consilio
406 483 531 518 mors
563 471 747 530 coniugi
781 471 906 517 illata
940 471 1080 517 fuerit
1102 472 1134 517 ¹.

303 558 404 602 911.
441 560 553 602 Cum
587 557 674 602 hoc
707 556 1093 616 impedimentum
1127 555 1188 601 sit
1208 556 1263 601 de
1285 556 1383 601 iure
1407 556 1738 613 ecclesiastico,
1765 558 1874 603 hinc
1896 563 1964 603 est

181 641 300 700 quod
332 639 550 699 baptizati
583 640 661 700 qui
695 641 811 685 forte
844 639 1024 685 crimen
1067 639 1329 684 huiusmodi
1370 639 1417 684 in
1460 639 1731 686 infidelitate
1774 641 1967 686 commi-

178 725 341 780 serint,
376 726 538 770 eodem
572 724 906 783 impedimento
939 723 1132 768 minime
1164 723 1445 768 afficiuntur.
1481 727 1671 770 Constat
1702 739 1761 769 ex
1796 726 1967 771 resolu-

181 808 308 854 tione
342 811 383 853 S.
420 811 585 866 Congr.
624 807 717 853 Fid.
757 812 887 866 Prop.
923 807 994 852 die
1039 807 1095 852 25
1127 811 1308 865 august.
1348 808 1461 854 1852
1486 807 1517 853 ².
1570 810 1687 853 Sane
1734 808 1966 867 proposito

183 890 320 936 dubio
356 912 374 931 ι.
403 891 482 935 Vir
514 890 711 936 infidelis
743 890 820 950 qui
854 895 962 935 ante
995 890 1277 949 baptismum
1310 892 1522 949 copulam
1556 890 1713 936 habuit
1759 905 1866 936 cum
1901 892 1968 936 in-

182 975 301 1019 fideli
334 988 479 1019 uxore
511 974 717 1028 alterius,
754 974 844 1031 cui,
881 978 1119 1019 annuente
1155 974 1344 1020 muliere
1378 974 1516 1020 fidem
1549 976 1604 1019 de
1627 975 1784 1020 futuro
1810 975 1968 1020 matri·

182 1057 338 1103 monio
370 1061 674 1117 acceptante,
712 1062 910 1102 mortem
946 1057 1127 1113 intulit,
1169 1061 1379 1116 potestne
1414 1062 1515 1116 post
1546 1057 1787 1117 utriusque
1821 1057 1967 1116 bapti·

181 1153 334 1185 smum
368 1139 719 1186 matrimonium
753 1140 869 1185 inire
903 1154 1009 1185 cum
1042 1141 1165 1186 dicta
1199 1140 1391 1186 muliere
1419 1159 1457 1186 n.
1500 1144 1542 1186 S.
1579 1144 1742 1199 Congr.
1782 1154 1967 1200 respon·

183 1224 270 1269 dit:
309 1225 610 1270 Affirmative.

301 1309 402 1354 912.
441 1309 482 1353 Si
517 1323 628 1354 vero
662 1323 781 1354 unus
814 1310 1025 1368 complex
1058 1314 1128 1354 est
1160 1309 1321 1365 fidelis,
1357 1311 1474 1355 alter
1506 1309 1727 1366 infidelis,
1778 1315 1891 1356 tunc
1933 1310 1968 1356 si

183 1391 326 1436 fidelis
358 1392 499 1437 etiam
533 1407 586 1437 ea
621 1393 771 1451 posuit
802 1407 919 1453 quae
955 1393 1339 1451 impedimentum
1374 1393 1617 1450 inducant,
1659 1395 1744 1440 hoc
1778 1395 1963 1453 existit,

182 1488 313 1520 secus
346 1489 474 1531 vero,
509 1475 545 1520 si
579 1477 702 1521 solus
735 1476 930 1521 infidelis
963 1476 1037 1521 illa
1071 1476 1289 1535 posuerit.
1327 1476 1367 1522 Si
1405 1491 1550 1522 unum
1584 1491 1643 1522 ex
1677 1478 1747 1534 iis,
1773 1492 1890 1538 quae
1913 1479 1969 1523 ad

184 1559 568 1617 impedimentum
604 1561 925 1618 postulantur,
976 1560 1171 1618 contigit
1202 1561 1248 1605 in
1284 1560 1580 1621 infidelitatel,
1625 1563 1824 1608 alterum
1859 1577 1971 1608 vero

187 1648 286 1701 post
318 1643 617 1701 baptismum,
654 1643 1039 1702 impedimentum
1075 1658 1168 1689 non
1201 1644 1377 1701 existit,
1426 1650 1622 1704 excepto
1655 1651 1814 1692 tamen
1850 1647 1886 1691 si
1921 1646 1967 1691 in

184 1726 330 1784 prima
365 1726 500 1771 huius
542 1726 859 1785 impedimenti
905 1727 1148 1786 hypothesi
1195 1728 1436 1787 promissio
1476 1728 1662 1788 quidem
1707 1731 1780 1774 vel
1819 1734 1972 1774 atten-

184 1810 299 1855 tatio
332 1810 619 1855 matrimonii
653 1811 805 1856 locum
838 1810 999 1855 habuit
1032 1810 1078 1855 in
1113 1810 1416 1868 infidelitate,
1462 1812 1538 1857 sed
1584 1812 1630 1857 in
1670 1827 1723 1858 ea
1759 1817 1860 1871 post
1895 1812 1971 1857 ha·

186 1893 405 1952 ptismum
441 1898 790 1953 perseverantes
822 1894 1166 1952 adulteremur,
1202 1899 1316 1939 tunc
1349 1895 1474 1940 enim
1510 1895 1749 1953 promissio
1789 1895 1863 1940 illa
1898 1895 1971 1940 vel

183 1977 432 2022 attentatio
466 1991 627 2022 revera
664 1976 923 2022 virtualiter
957 1982 1244 2036 perseverat,
1290 1991 1367 2022 seu
1407 1977 1550 2022 veluti
1586 1981 1839 2023 renovatur
1872 1982 1972 2036 post

184 2059 479 2118 baptismum.

305 2213 313 2232 ¹
345 2215 653 2260 [inpedimentum
679 2215 845 2252 criminis
872 2216 1069 2262 multiplex
1094 2217 1173 2258 erit,
1201 2217 1231 2253 si
1259 2216 1481 2253 adulterium
1499 2222 1535 2253 et
1553 2216 1847 2262 coniugicidium
1874 2215 1972 2252 eius-

184 2286 283 2322 modi
310 2286 383 2323 sint
408 2287 543 2332 stipata
567 2287 866 2331 circumstantiis,
886 2292 924 2325 ut
943 2289 1061 2334 prima
1079 2298 1227 2335 quoque
1247 2288 1303 2325 vel
1323 2289 1488 2325 secunda
1507 2288 1726 2335 hypothesis
1754 2288 1838 2324 inde
1865 2297 1973 2324 exur-

185 2363 256 2404 gat.
283 2358 378 2395 Hinc
404 2359 598 2405 multiplex
623 2363 678 2396 est
704 2359 870 2396 criminis
897 2361 1220 2406 impedimentum:

303 2429 331 2466 Ι.
357 2429 513 2473 Quando
541 2439 613 2466 una
639 2441 658 2467 e
685 2431 802 2468 tribus
829 2431 1100 2478 hypothesibus
1126 2432 1306 2478 expositis
1334 2431 1542 2468 verificatur
1579 2431 1678 2467 circa
1715 2430 1861 2466 diversa
1896 2439 1973 2465 ma-

187 2487 370 2537 trimoni'a.

303 2570 347 2608 11.
374 2571 529 2614 Quando
557 2572 656 2608 circa
688 2580 804 2609 unum
843 2574 1121 2611 matrimonium
1148 2574 1387 2610 verificantur
1421 2573 1543 2619 plures
1570 2583 1615 2609 ex
1647 2573 1755 2610 dictis
1790 2572 1973 2619 hypothe-

186 2643 301 2679 sibuS.

305 2713 366 2750 111.
395 2713 548 2758 Quando
577 2715 707 2751 harum
735 2715 859 2761 plures
885 2715 1124 2753 verificantur
1149 2716 1249 2758 circa
1274 2716 1420 2752 diversa
1446 2715 1693 2752 matrimonia.

306 2784 366 2822 IV.
394 2786 551 2830 Quando
586 2786 622 2822 in
650 2787 768 2833 prima
794 2787 992 2833 hypothesi
1019 2796 1103 2824 cum
1130 2787 1313 2824 adulterio
1340 2787 1529 2824 concurrit
1555 2792 1632 2823 tum
1662 2786 1869 2832 promissio,
1895 2790 1972 2822 tum

188 2858 379 2894 attentatio
395 2887 404 2902 ‚
430 2857 487 2894 vel
514 2858 664 2904 quando
691 2859 729 2894 in
755 2858 956 2902 alterutro,
985 2858 1041 2895 vel
1067 2865 1223 2905 utroque
1252 2860 1389 2905 primae
1418 2859 1635 2906 hypothesis
1662 2867 1768 2902 casu,
1796 2857 1975 2904 multipli-

188 2934 292 2966 catur
317 2930 624 2975 impedimentum
653 2941 716 2977 pet·
743 2941 855 2968 unam
881 2931 940 2978 pel
967 2932 1089 2978 plures
1116 2942 1135 2969 e
1162 2932 1278 2969 tribus
1305 2932 1489 2978 prioribus
1516 2932 1625 2968 modo
1653 2931 1824 2968 indicatis
1851 2931 1974 2968 multi-

187 3000 361 3047 plicitatis
387 3002 521 3039 causis.

309 3073 322 3092 ²
349 3073 498 3111 Collect.
525 3083 563 3110 n.
595 3073 699 3112 1256.
