2176 3386
543 261 670 289 LIBER
701 261 723 288 l.
757 261 811 289 DE
844 261 980 290 REBUS
1011 262 1246 291 ECCLESIAE
1276 262 1602 293 SPIRITUALIBUS
1890 254 1965 294 147

182 365 352 411 haberi.
388 370 487 420 Quo
521 368 565 411 in
599 380 705 413 casu
740 368 927 412 deberet
971 368 1142 413 coniux
1185 383 1380 428 poenam
1423 370 1678 429 quamlibet
1723 371 1960 431 ipsamque

181 450 713 496 excommunicationem
749 452 985 496 humiliter
1018 452 1167 510 potius
1198 452 1442 508 sustinere,
1478 467 1615 512 quam
1651 468 1757 499 cum
1792 455 1876 500 hac
1900 455 1964 500 al-

181 538 276 578 tera
314 535 504 580 muliere
536 536 720 581 carnale
753 536 1084 581 commercium
1118 550 1335 581 exercere
1360 551 1451 581 non
1477 537 1574 581 sine
1598 537 1752 582 lethali
1777 539 1909 595 culpa
1931 540 1959 583 ².

301 618 401 662 929.
429 618 674 671 Quaeritur
695 633 752 663 an
783 620 1047 664 recedentes
1068 634 1092 664 a
1116 619 1227 663 locis
1252 619 1295 662 in
1321 619 1485 678 quibus
1508 620 1828 665 Tridentinum
1847 624 1962 666 Con-

181 700 336 746 cilium
372 707 607 760 receptum
641 708 710 748 est
741 708 787 748 et
819 704 1091 749 accedentes
1122 704 1178 748 ad
1222 703 1318 749 loca
1365 704 1408 747 in
1453 704 1618 763 quibus
1664 719 1754 749 non
1804 704 1957 763 viget,

183 786 331 830 valide
366 787 713 832 matrimonium
747 789 1042 844 contrahant,
1080 802 1170 833 non
1195 791 1380 833 servata
1403 788 1589 834 Concilii
1615 790 1799 834 forma?
1825 794 1961 834 Porro

182 869 215 914 si
251 873 346 914 tam
382 870 455 915 vir
485 885 622 930 quam
659 871 824 915 mulier
857 872 1031 916 incolae
1065 870 1158 915 sint
1191 871 1276 916 loci
1311 872 1355 916 in
1390 886 1480 931 quo
1503 872 1690 917 Concilii
1719 877 1961 919 Decretum

184 955 519 1011 promulgatum
555 959 639 1010 est,
676 955 748 999 vel
782 954 864 1013 ipsi
899 968 945 999 se
979 956 1268 1000 transferunt
1301 954 1347 998 in
1382 956 1532 999 locum
1569 955 1643 999 ubi
1681 955 1962 1013 publicatum

183 1052 275 1082 non
310 1042 378 1082 est
409 1037 566 1083 animo
601 1038 766 1083 ibidem
801 1037 1084 1083 domicilium
1121 1039 1193 1083 vel
1216 1038 1344 1097 quasi
1367 1038 1653 1082 domicilium
1679 1038 1863 1096 ligendi,
1892 1040 1963 1084 vel

180 1121 275 1166 solo
308 1121 464 1165 animo
499 1121 664 1165 ibidem
703 1121 1052 1166 matrimonium
1077 1122 1416 1165 clandestinum
1441 1120 1760 1165 contrahendi.
1800 1125 1849 1166 In
1877 1122 1963 1178 pri—

182 1219 256 1249 ma
290 1205 533 1263 hypothesi
569 1205 772 1249 validum
806 1205 894 1249 erit
929 1205 1306 1260 matrimonium,
1349 1204 1598 1263 unicuique
1634 1205 1758 1249 enim
1794 1204 1863 1250 ius
1895 1210 1965 1250 est

184 1288 459 1347 ubicumque
494 1289 706 1333 maluerit
738 1289 1022 1333 domicilium
1061 1290 1130 1332 vel
1164 1288 1292 1348 quasi
1327 1288 1611 1333 domicilium
1648 1288 1801 1345 ligere,
1832 1289 1965 1334 adeo-

181 1389 268 1434 que
302 1373 480 1419 etiamsi
516 1374 729 1419 videatur
762 1374 802 1417 id
838 1376 988 1419 facere
1014 1373 1058 1418 in
1087 1374 1294 1418 fraudem
1319 1373 1520 1418 hominis
1542 1377 1623 1418 aut
1645 1372 1770 1430 legiS,
1796 1388 1869 1417 ex.
1897 1387 1963 1431 gr.

184 1472 241 1502 nc
274 1471 428 1502 coram
466 1457 645 1515 proprio
682 1457 880 1502 Parocho
918 1458 987 1501 vel
1022 1461 1071 1499 ut
1104 1457 1202 1500 sine
1228 1456 1416 1500 Parochi
1444 1456 1702 1514 praesentia
1729 1456 1966 1501 matrimo-

184 1541 313 1585 nium
348 1541 546 1585 celebret
580 1540 654 1584 ubi
687 1541 923 1585 decretum
961 1554 1051 1584 non
1086 1539 1227 1596 viget,
1266 1539 1413 1583 valide
1447 1539 1698 1591 contrahit,
1741 1539 1965 1598 siquidem

187 1638 322 1668 nemo
356 1624 400 1668 in
437 1623 643 1668 fraudem
678 1623 771 1681 agit
801 1623 875 1682 qui
912 1636 993 1667 suo
1027 1622 1124 1667 iure
1159 1623 1318 1666 utitur.
1368 1627 1415 1666 ln
1455 1623 1542 1667 alia
1579 1637 1688 1667 vero
1722 1623 1966 1680 hypothesi

186 1709 532 1754 matrimonium
569 1709 744 1753 nullum
780 1708 883 1752 erit.

304 1793 403 1837 950.
441 1792 566 1846 Quod
602 1792 635 1836 si
673 1805 791 1836 unus
824 1806 880 1835 ex
915 1791 1297 1836 contrahentibus
1330 1790 1614 1835 domicilium
1640 1792 1713 1835 vel
1736 1791 1863 1850 quasi
1892 1792 1968 1836 do-

186 1875 406 1920 micilium
442 1876 606 1920 habeat
639 1875 685 1919 in
720 1875 818 1919 loco
852 1874 898 1918 in
932 1888 1022 1934 quo
1060 1878 1299 1919 Decretum
1336 1874 1476 1932 viget,
1513 1875 1628 1919 alter
1665 1888 1774 1919 vero
1809 1875 1854 1918 in
1878 1889 1968 1934 quo

186 1973 275 2004 non
315 1958 454 2017 viget,
491 1958 536 2003 in
574 1959 659 2004 hoc
692 1959 790 2004 loco
823 1958 1108 2003 clandestine
1142 1961 1432 2002 contractum
1470 1956 1823 2007 matrimonium
1847 1958 1968 2002 vale-

186 2043 267 2098 bit,
303 2042 526 2102 siquidvm
562 2056 664 2100 pars
696 2042 837 2086 altera
873 2041 1189 2086 communicat
1222 2041 1353 2085 alteri
1391 2040 1702 2099 privilegium,
1745 2041 1790 2085 in
1824 2042 1968 2085 altero

187 2141 296 2171 vero
330 2126 427 2171 loco
461 2130 750 2171 contractum
788 2126 963 2170 nullum
998 2127 1099 2169 erit.
1147 2130 1275 2170 Hanc
1308 2126 1365 2171 ob
1403 2139 1588 2170 causam
1634 2127 1738 2183 Sup.
1779 2125 1965 2169 Univer.

186 2209 356 2269 Inquis.
385 2209 399 2232 ²
433 2210 487 2254 ad
519 2208 779 2269 quaesitum
827 2208 1108 2267 propositum
1149 2223 1172 2253 a
1216 2210 1312 2253 Vic.
1353 2213 1503 2267 Apost.
1548 2209 1968 2267 Constantinopoli-

186 2298 312 2348 tano,
348 2297 504 2336 utrum
542 2293 715 2337 valeret
745 2292 1095 2337 matrimonium
1119 2306 1143 2336 a
1167 2292 1366 2351 quodam
1390 2291 1639 2336 Calvinista
1679 2306 1784 2336 cum
1823 2292 1968 2350 puella

187 2375 411 2419 catholica
445 2379 735 2419 contractum
770 2388 925 2419 coram
966 2375 1177 2420 ministro
1225 2376 1480 2420 acatholico
1533 2375 1735 2420 Lutetiae
1780 2375 1969 2420 Parisio-

189 2471 308 2512 rum,
343 2463 389 2501 et
419 2458 615 2502 alterum
649 2458 706 2502 ab
738 2459 899 2503 eodem
933 2457 1133 2502 civiliter
1165 2462 1458 2503 contractum
1492 2472 1647 2502 coram
1673 2459 1865 2504 Consule
1891 2462 1968 2502 Bo-

189 2538 359 2583 russiae
393 2539 805 2597 Constantinopoli,
840 2534 1108 2594 declaravit,
1144 2539 1343 2598 primum
1378 2540 1435 2583 ob
1466 2539 1852 2584 clandestinitatis
1886 2539 1967 2583 im-

191 2618 504 2677 pedimentum
538 2632 636 2664 esse
670 2618 942 2674 invalidum,
978 2619 1173 2663 alterum
1214 2633 1323 2663 vero
1358 2619 1580 2674 validum,
1616 2633 1670 2663 eo
1693 2619 1812 2678 quod
1839 2623 1969 2664 Lute-

188 2702 279 2746 tiae
312 2700 587 2746 Parisiorum
622 2701 858 2746 decretum
894 2701 1081 2747 Concilii
1118 2701 1241 2758 viget
1275 2705 1368 2744 tam
1407 2715 1484 2759 pro
1518 2701 1785 2756 catholicis,
1829 2715 1967 2760 quam

191 2798 271 2843 pro
303 2784 595 2839 acatholiciS,
640 2785 1034 2843 Constantinopoli
1068 2798 1179 2829 vero
1214 2798 1304 2828 non
1341 2784 1463 2841 viget
1497 2785 1582 2829 nisi
1621 2799 1698 2843 pro
1732 2785 1971 2829 catholicis

189 2868 359 2923 latinis,
395 2868 505 2912 hinc
539 2881 643 2912 cum
681 2882 781 2926 pars
815 2868 1093 2913 heterodoxa
1131 2871 1237 2912 nata
1273 2867 1331 2912 sit
1366 2868 1437 2911 vel
1473 2866 1756 2911 domicilium
1805 2868 1972 2911 habeat

192 2951 236 2994 in
271 2964 322 2995 ea
357 2949 564 3005 civitate,
600 2963 734 2995 suum
770 2950 1059 3008 privilegium
1095 2951 1211 3007 parti
1247 2949 1500 2994 catholicae
1533 2949 1863 2994 communicat.

311 3079 319 3097 ¹
349 3078 433 3124 Cap.
459 3077 504 3114 44
531 3077 574 3114 de
602 3083 692 3115 sent.
720 3086 901 3114 excomm.

312 3150 324 3169 ²
350 3150 420 3188 An.
449 3149 550 3187 1878.
