2176 3386
783 207 913 236 LmEn
941 207 967 234 1.
999 199 1057 235 DE
1085 206 1279 236 CLEnxcis
1843 196 1923 236 395

142 312 436 360 fundationes
469 313 713 357 missarum
747 316 794 357 et
824 312 1274 370 anniversariorum;
1310 313 1404 358 imo
1437 313 1714 371 probabilius
1739 314 1922 359 videtur

139 398 259 457 quod
291 397 389 442 sine
422 396 501 441 tali
535 409 762 441 consensu
801 401 847 440 et
887 396 986 441 sine
1028 396 1397 441 solemnitatibus
1440 402 1640 456 nequeat
1680 396 1920 455 repudiare

142 494 296 525 rerum
331 478 636 524 immobilium
669 478 766 523 sive
802 477 1103 536 pretiosarum
1127 479 1478 534 haereditatem,
1503 479 1578 524 vel
1601 480 1820 537 legatum,
1849 480 1921 524 vel

139 565 437 610 donationem
472 565 643 609 factam
680 564 921 608 Ecclesiae.

260 648 360 693 501.
398 647 606 691 Vidimus
627 645 735 706 quid
758 645 896 704 possit
918 646 1177 704 Capitulum
1202 646 1300 691 sine
1323 660 1550 691 consensu
1574 647 1794 705 Episcopi.
1835 651 1920 692 Ex·

141 733 285 790 poscit
309 732 399 777 iam
422 731 532 776 ordo
554 730 791 776 doctrinae
815 735 865 775 ut
888 731 1127 776 videamus
1149 730 1256 790 quid
1280 745 1372 775 non
1399 730 1538 788 possit
1558 730 1803 789 Episcopus
1821 731 1920 776 sine

138 815 360 874 Capitulo.
398 815 621 870 Quamvis
652 816 777 860 enim
815 814 1061 874 Episcopus
1094 814 1139 858 in
1175 814 1398 860 exercitio
1438 829 1547 860 suae
1591 815 1919 861 iurisdictionis

139 914 229 944 non
267 899 463 957 pendeat
494 913 519 944 a
552 898 775 957 Capitulo,
810 903 1018 944 attamen
1051 899 1185 943 debet
1216 900 1462 959 aliquando
1486 900 1744 946 necessario
1771 900 1920 960 requi-

140 997 238 1028 rere
272 996 548 1028 consensum
583 983 657 1027 vel
690 982 932 1028 consilium
966 983 1176 1040 Capituli,
1215 983 1259 1028 in
1297 983 1348 1041 iis
1371 983 1566 1039 casibus,
1594 984 1640 1029 in
1665 985 1829 1044 quibus
1851 985 1921 1029 ius

141 1080 353 1124 expresse
386 1067 659 1110 alterutrum
693 1065 849 1123 exigit.
890 1069 1026 1111 Porro
1060 1080 1312 1112 consensus
1344 1071 1435 1112 stat
1467 1067 1514 1111 in
1550 1068 1634 1113 boc
1665 1069 1785 1127 quod
1826 1083 1919 1113 ma-

138 1148 206 1194 ior
238 1154 283 1193 et
314 1150 468 1194 sanior
493 1163 594 1207 pars
615 1149 944 1207 capitularium
969 1150 1187 1207 approbet
1211 1149 1319 1194 illud
1342 1150 1462 1209 quod
1489 1150 1772 1208 proponitur,
1810 1164 1919 1196 con-

138 1233 288 1279 silium
325 1248 434 1278 vero
467 1238 558 1279 stat
592 1233 637 1278 in
672 1234 758 1279 hoc
789 1234 909 1293 quod
942 1238 1054 1278 ante
1078 1248 1174 1279 rem
1199 1235 1492 1279 statuendam
1516 1235 1788 1279 adhibeatur
1811 1249 1918 1280 con-

138 1317 323 1362 sultatio
357 1331 461 1362 cum
497 1318 829 1376 capitularibus
870 1318 1185 1376 capitulariter
1226 1319 1527 1377 congregatis.
1587 1319 1702 1363 Hinc
1735 1319 1919 1378 quando

140 1400 387 1459 requiritur
418 1414 685 1454 consensus,
722 1405 906 1446 tenetur
943 1401 1173 1446 Praelatus
1204 1402 1330 1461 sequi
1366 1401 1410 1445 id
1442 1402 1561 1460 quod
1597 1402 1743 1446 maior
1782 1407 1828 1446 et
1851 1415 1919 1447 sa-

139 1484 240 1528 nior
273 1497 376 1542 pars
408 1484 730 1542 capitularium
762 1484 1036 1540 decreverit,
1072 1485 1273 1544 alioquin
1310 1485 1509 1530 invalide
1534 1491 1652 1544 aget,
1679 1501 1736 1530 ex
1760 1489 1865 1544 Cap.
1897 1487 1913 1530 l

135 1568 191 1612 de
213 1568 283 1612 his
304 1581 423 1625 qaae
445 1573 565 1627 fiunt
588 1583 617 1613 α
637 1569 882 1622 Praelaco;
916 1569 1099 1628 quando
1133 1583 1243 1614 vero
1269 1569 1516 1629 requiritur
1537 1569 1798 1625 consilium,
1824 1571 1918 1615 sola

136 1652 412 1697 consultatio
444 1652 637 1697 sufficiet
669 1653 724 1697 ad
759 1653 1045 1698 validitatem
1079 1658 1209 1698 actus
1241 1654 1411 1713 absque
1445 1668 1498 1698 eo
1530 1655 1651 1713 quod
1684 1655 1919 1699 Praelatus

133 1750 293 1781 eorum
328 1736 591 1795 opinionem
627 1736 753 1796 sequi
788 1741 1017 1792 teneatur,
1055 1736 1116 1781 ita
1152 1741 1307 1782 tamen
1344 1742 1394 1781 ut
1429 1736 1586 1781 irritus
1618 1737 1675 1781 sit
1708 1742 1854 1794 actus,
1880 1738 1917 1782 si

136 1821 368 1865 Praelatus
401 1821 490 1866 tale
523 1820 766 1866 consilium
804 1834 882 1865 seu
916 1821 1309 1866 consultationem
1346 1835 1436 1866 non
1471 1821 1702 1876 adhibeat,
1728 1836 1785 1866 ex
1809 1824 1914 1880 Cap.

139 1906 269 1948 ‚Vovit
300 1904 354 1948 de
389 1904 458 1949 his
491 1908 579 1949 etc.

256 1989 354 2032 502.
383 1992 592 2033 Iamvero
616 1988 685 2032 ius
708 2002 921 2045 expresse
943 1988 1086 2045 exigit
1109 2002 1386 2033 consensum
1411 1988 1630 2046 Capituli:
1671 1990 1709 2045 1)
1737 1992 1785 2032 In
1810 1988 1917 2033 alic-

137 2071 323 2116 natione
358 2086 509 2116 rerum
543 2072 598 2116 ad
631 2071 877 2116 Ecclesiam
903 2073 974 2116 vel
998 2072 1254 2131 Capitulum
1282 2072 1353 2116 vel
1380 2085 1588 2116 mensam
1612 2072 1916 2131 episcopalem

135 2154 484 2212 pertinentium,
520 2155 768 2199 dummodo
803 2169 873 2199 res
906 2155 1000 2200 sint
1033 2155 1291 2200 immobiles
1326 2155 1398 2199 vel
1434 2155 1623 2200 mobiles
1670 2156 1911 2214 pretiosae.

135 2240 372 2283 Praeterea
407 2238 509 2283 talis
541 2238 731 2296 Capituli
766 2252 1018 2283 consensus
1050 2239 1184 2283 debet
1216 2253 1313 2283 esse
1337 2253 1579 2297 expressus
1603 2239 1648 2284 in
1673 2239 1911 2285 alienatio·

135 2334 192 2364 ne
227 2325 460 2379 perpetua,
495 2321 640 2380 qualis
672 2326 740 2365 est
772 2321 975 2377 donatio,
1013 2322 1215 2366 vendicio
1248 2327 1294 2367 et
1342 2325 1671 2376 commutatio,-
1723 2322 1918 2367 sufficiet

137 2419 247 2449 vero
281 2418 532 2450 consensus
568 2405 749 2461 tacitus,
786 2405 830 2450 id
863 2409 933 2450 est
965 2419 1218 2451 consensus
1250 2405 1438 2451 scientis
1471 2410 1517 2451 et
1551 2421 1642 2451 non
1688 2407 1915 2451 contradi·

134 2488 298 2544 centis,
335 2489 380 2533 in
413 2488 692 2534 alienatione
726 2489 984 2547 temporali,
1019 2489 1166 2548 qualis
1198 2494 1268 2534 est
1308 2490 1471 2534 locatio
1516 2491 1587 2535 vel
1629 2493 1914 2548 oppiynora-

135 2573 244 2617 tio¹.
283 2574 402 2630 2)1n
436 2573 678 2618 collatione
711 2573 1057 2629 beneficiorum,
1109 2573 1144 2617 si
1192 2588 1245 2618 ea
1286 2574 1599 2619 communiter
1640 2579 1819 2632 spectet
1858 2574 1915 2619 ad

138 2657 407 2716 Episcopum
441 2662 488 2702 et
519 2657 778 2716 Capitulum
811 2657 967 2716 ipsius,
1023 2658 1066 2715 5)
1097 2664 1144 2705 In
1188 2658 1506 2717 suppressione
1550 2657 1912 2702 canonicatuum

135 2745 181 2786 et
213 2742 383 2786 unione
418 2741 744 2787 beneficiorum
777 2742 1055 2801 simplicium
1089 2747 1274 2802 propter
1314 2742 1591 2787 tenuitatem
1638 2741 1913 2800 praebenda·

134 2838 236 2870 rum
270 2825 315 2870 in
349 2826 690 2872 Cathedralibus
723 2831 768 2870 et
799 2826 1056 2884 Collegiatis
1090 2825 1393 2884 insignibus2.
1430 2827 1471 2881 4)
1498 2830 1545 2871 [n
1582 2825 1753 2870 unione
1778 2825 1913 2870 benc·

254 3016 262 3034 ¹
293 3016 343 3053 Cf.
373 3017 705 3062 SchAchauann,
733 3017 795 3054 lib.
823 3018 873 3054 111
900 3019 1038 3055 Decrel.
1068 3020 1121 3055 tit.
1148 3018 1205 3055 20.

254 3086 267 3105 ’
293 3088 349 3124 Ex
374 3088 473 3124 'ri-id.
499 3089 596 3125 Sess.
623 3088 756 3132 XXIV,
784 3089 870 3136 Cap.
900 3089 985 3126 XVI
1011 3090 1053 3126 de
1080 3090 1242 3136 Reform.
