2176 3386
242 170 321 209 252
886 181 998 210 PARS
1026 182 1053 210 1.
1085 182 1142 210 DE
1170 181 1382 211 PERsoms

244 301 324 345 pro
356 287 449 332 suis
480 287 781 345 dioecesanis,
818 289 939 334 inter
959 303 1073 348 quos
1097 290 1305 348 paroecia
1330 291 1752 349 comprehenditur,
1784 306 1921 352 quam
1946 307 2026 351 per

244 370 456 416 accidens
488 371 781 417 administrat
800 373 827 417 ¹.

885 508 902 554 g
929 510 962 545 4.
988 530 1035 533 -—
1059 510 1119 545 De
1144 509 1385 546 Residentia.

363 622 464 666 286.
501 625 611 667 Cum
648 626 805 666 Pastor
838 621 959 679 gregi
994 635 1075 665 suo
1099 624 1313 666 teneatur
1335 622 1583 680 advigilare
1616 628 1662 668 et
1697 629 1875 682 praesto
1908 638 2022 680 esse,

244 705 468 762 obligatur
495 705 738 763 Episcopus
760 705 813 748 ad
838 704 1219 749 commorandum
1254 704 1432 750 assidue
1456 705 1500 749 in
1528 707 1625 751 loco
1658 707 1726 751 sui
1762 706 1881 751 tituli
1902 711 1948 752 et
1969 707 2024 752 ad

246 786 553 833 ministerium
591 788 814 844 pastorale
846 787 1173 832 exhibendum.
1215 792 1308 833 Iam
1343 789 1398 834 ‹le
1433 790 1678 835 residentia
1712 790 2021 850 inquiremus:

250 871 286 925 1)
313 870 567 915 cuiusmodi
601 884 697 914 esse
731 870 919 914 debeat:
958 871 998 926 2)
1030 884 1145 929 quae
1178 870 1270 915 sint
1304 885 1476 929 poenae
1510 872 1731 917 adversus
1759 872 2025 932 delinquen·

245 959 312 998 tes
345 969 369 999 a
403 954 543 999 sacris
577 954 831 1000 canonibus
865 958 1091 999 statutae:
1128 955 1170 1012 5)
1194 969 1310 1013 quae
1334 969 1497 1000 causae
1521 957 1577 1000 ab
1601 957 1760 1001 eadem
1784 962 2024 1002 excusent.

365 1037 464 1082 287.
506 1037 764 1082 Residentia
803 1037 1046 1081 delinitur:
1087 1037 1389 1082 commoratio
1424 1038 1646 1083 laboriosa
1690 1043 1736 1084 et
1767 1038 1946 1084 assidua
1978 1038 2025 1083 in

248 1121 444 1165 Ecclesia
478 1126 557 1165 aut
592 1121 636 1164 in
663 1121 760 1165 loco
784 1120 991 1165 beneficii
1026 1135 1163 1166 causa
1197 1121 1371 1165 servitii
1400 1121 1694 1167 ecclesiastici
1729 1122 2028 1180 personaliter

246 1203 505 1261 praestandi
530 1203 559 1247 ².
601 1208 735 1248 Porro
770 1204 1028 1248 huiusmodi
1073 1204 1317 1249 residentia
1352 1205 1496 1248 tribus
1533 1204 1800 1249 continetur
1838 1205 2025 1262 legibus,

244 1286 443 1330 scilicet:
484 1287 521 1342 1)
554 1286 754 1344 Episcopi
782 1301 990 1343 persona,
1017 1287 1196 1331 etiamsi
1232 1287 1396 1332 habeat
1418 1287 1748 1343 coadiutorem,
1774 1288 1936 1332 saltem
1961 1288 2026 1332 in·

245 1374 313 1413 tra
347 1370 565 1414 dioecesis
599 1370 824 1415 ambitum
849 1370 1123 1415 commorari
1158 1370 1307 1414 dehet.
1346 1374 1564 1428 Tempore
1589 1376 1742 1415 autem
1775 1372 2024 1429 Adventus,

245 1452 644 1509 Quadringesimae,
677 1453 942 1497 Nativitatis
965 1457 1010 1497 et
1037 1452 1400 1497 Resurrectionis
1438 1452 1634 1507 Domini,
1664 1457 1951 1498 pentecostes
1983 1457 2030 1498 et

245 1536 452 1592 Corporis
475 1536 638 1580 Christi
671 1551 693 1579 a
717 1536 966 1580 cathedrali
1001 1535 1192 1581 ecclesia
1215 1537 1371 1580 abesse
1396 1550 1488 1580 non
1513 1540 1677 1593 potest,
1704 1536 1788 1580 nisi
1821 1537 1936 1581 forte
1961 1550 2027 1581 ra-

246 1620 309 1664 tio
343 1621 435 1677 ipsa
461 1621 727 1679 episcopalis
761 1621 965 1665 muneris
997 1634 1102 1665 eum
1138 1621 1225 1664 alio
1258 1624 1423 1665 avocet
1457 1619 1575 1664 intra
1610 1634 1738 1664 suam
1764 1620 2023 1664 dioecesim.

246 1704 287 1757 2)
315 1703 447 1749 Curia
482 1718 558 1748 seu
597 1703 794 1749 tribunal
832 1703 1035 1762 Episcopi
1071 1703 1188 1761 apud
1226 1703 1473 1747 Ecclesiam
1499 1703 1809 1747 cathedralem
1834 1716 1930 1747 esse
1953 1703 2027 1747 de-

248 1786 337 1840 bet,
369 1786 548 1830 etiamsi
588 1786 832 1844 Episcopus
867 1786 911 1830 in
963 1786 1048 1830 alia
1099 1799 1206 1830 suae
1255 1785 1474 1830 dioecesis
1523 1789 1650 1843 parte
1698 1790 2025 1830 commoretur.

247 1870 287 1923 5)
317 1873 400 1913 Per
431 1870 543 1913 duos
579 1870 650 1913 vel
684 1874 776 1913 tres
811 1883 1008 1924 menses,
1043 1869 1141 1913 sive
1175 1867 1421 1913 continuos
1453 1868 1551 1913 sive
1587 1868 1887 1926 interruptos,
1924 1868 2030 1913 licet

250 1952 477 2010 Episcopis
510 1953 699 2011 singulis
732 1954 866 1998 annis
899 1967 922 1997 a
957 1967 1037 1997 sua
1070 1953 1264 1997 dioecesi
1299 1953 1472 2006 abesse,
1495 1951 1742 1996 dummodo
1767 1952 1809 1996 id
1825 1951 1910 1996 ‘liat
1931 1952 2029 1996 sine

246 2035 337 2078 ullo
371 2036 516 2092 gregis
547 2035 826 2080 detrimento
860 2040 905 2079 et
938 2050 996 2079 ex
1029 2050 1174 2094 aequa
1207 2049 1360 2089 causa,
1397 2049 1514 2095 quae
1537 2048 1696 2079 eorum
1720 2034 2030 2079 conscientiae

246 2117 536 2163 diiudicanda
572 2118 864 2177 relinquitur,
902 2133 1049 2178 neque
1083 2118 1255 2164 incidat
1289 2118 1334 2163 in
1369 2119 1464 2163 dies
1498 2122 1733 2177 exceptos,
1774 2117 1941 2177 ,quibus
1983 2119 2029 2162 in

248 2201 446 2246 Ecclesia
481 2201 735 2246 Cathedrali
777 2203 1046 2260 Episcopum
1082 2216 1180 2247 esse
1213 2207 1421 2259 oportere
1455 2201 1703 2246 diximus⁸.
1746 2206 1841 2246 Hoc
1874 2205 2028 2245 autem

248 2289 430 2343 tempus
462 2299 553 2328 non
591 2289 738 2342 potest
770 2300 876 2330 cum
909 2285 997 2330 alio
1033 2290 1238 2343 tempore
1279 2285 1494 2342 coniungi
1535 2299 1624 2344 quo
1665 2299 1721 2330 ex
1764 2284 1849 2328 alia
1894 2297 2029 2329 causa

247 2367 404 2412 abesse
437 2368 558 2423 licet,
586 2383 734 2427 neque
767 2368 999 2412 trimestre
1031 2368 1228 2425 spatium
1255 2368 1391 2412 unius
1413 2369 1521 2413 anni
1547 2381 1653 2413 cum
1680 2367 1896 2412 trimestri
1920 2367 2029 2412 anni

248 2451 481 2509 sequentis
528 2450 822 2506 continuari,
858 2456 938 2496 aut
986 2451 1202 2509 longioris
1240 2451 1474 2496 absentiae
1523 2450 1836 2509 compensatio
1878 2450 2031 2509 aliquo

249 2547 372 2578 anno
404 2533 626 2589 adhiberi,
662 2534 803 2593 siquis
834 2535 968 2579 annis
1000 2534 1309 2593 superioribus
1330 2550 1382 2579 ea
1411 2534 1544 2579 venia
1579 2547 1686 2578 usus
1719 2548 1810 2579 non
1840 2532 2026 2578 tuerit&

370 2747 379 2765 ¹
409 2747 442 2783 S.
471 2747 603 2793 Congr.
632 2748 709 2784 Fid.
730 2747 835 2793 Prop.
863 2747 1010 2783 decreto
1036 2746 1081 2782 25
1108 2746 1208 2792 Sept,
1240 2745 1341 2783 1865.

366 2819 379 2837 ³
406 2819 610 2856 meamus
637 2818 680 2855 de
707 2818 915 2862 residentia,
945 2817 1102 2854 Trident.
1130 2817 1215 2863 Cap.
1247 2818 1262 2853 1
1292 2817 1389 2854 Sess·
1419 2817 1460 2853 21
1491 2817 1535 2859 de
1564 2817 1723 2854 Reform.

371 2890 383 2910 ³
409 2892 518 2927 Cone.
546 2890 642 2927 Trid.
671 2891 765 2927 Sess.
794 2889 928 2934 XXIII,
948 2889 1034 2935 Cap.
1063 2889 1079 2924 1
1110 2889 1155 2925 de
1181 2889 1257 2925 Ref.

367 2961 382 2982 ⁸
408 2962 462 2999 Cf.
490 2963 702 2998 FAGNANUM
722 2962 759 2997 in
780 2960 866 3007 Cap.
894 2961 1059 3004 Qualibet
1083 2960 1126 2997 dc
1153 2960 1197 2996 cl.
1225 2970 1300 2996 non
1321 2960 1441 3004 resid.;
1461 2960 1597 2997 Bened.
1618 2959 1706 2996 XIV
1724 2959 1848 2996 Const.
1870 2958 1928 2994 Ad
1950 2958 2031 2995 Um·-

249 3044 375 3070 versae
400 3033 432 3070 5.
459 3043 546 3069 non.
573 3032 670 3078 Sept.
689 3031 789 3068 1746.
