2176 3386
516 200 643 228 Lmen
674 200 696 228 1.
732 199 788 228 ΒΕ
819 198 957 227 REBUS
986 198 1221 228 ECCLESIAE
1250 197 1578 226 SPIRITUALIBUS
1866 187 1942 227 125

159 311 387 364 vacante,
427 306 573 352 Abbas
608 306 717 350 nulli
758 305 976 364 Episcopo
1014 305 1257 350 'subiectus
1307 305 1446 349 relate
1479 306 1535 349 ad
1569 318 1674 350 snos
1721 305 1941 360 subditos,

160 394 354 448 Legatus
385 404 410 434 a
445 390 586 435 latere
620 390 666 434 in
702 390 940 448 legationis
974 389 1227 448 provincia,
1263 389 1528 436 Cardinales
1552 376 1630 447 pro
1654 389 1747 434 suis
1783 389 1941 434 titulis.

159 474 367 518 Secundo
400 473 652 532 dispensari
685 474 824 519 etiam
876 474 1076 532 legitime
1110 478 1259 531 potest
1290 488 1314 518 a
1349 473 1529 518 Vicario
1566 473 1812 529 Generali‚
1850 489 1942 520 non

161 570 269 600 vero
302 571 325 600 a
362 558 575 613 foraneo‚
615 556 699 601 nisi
738 556 980 614 Episcopus
1024 556 1157 601 aliter
1188 555 1476 614 disposuerit.
1514 556 1664 600 'sertio
1699 556 1866 614 poterit
1898 562 1943 601 et

158 653 181 682 a
216 641 435 697 Par-ocho,
472 641 507 684 si
541 642 630 684 duo
664 640 775 684 haec
808 644 1115 684 concurrant:
1159 640 1193 694 l)
1229 638 1349 698 quod
1385 652 1476 683 non
1514 643 1667 696 pateat
1699 639 1850 683 aditus
1888 640 1942 684 ad

163 723 460 781 Episcopum;
497 725 538 778 2)
575 725 694 783 quod
727 723 1080 781 dispensationis
1112 736 1248 768 causa
1283 723 1387 767 talis
1419 722 1477 766 sit
1507 727 1552 767 et
1574 727 1722 779 tanta,
1759 728 1809 767 ut
1846 724 1944 782 Epi-

158 819 321 864 scopus
355 811 591 851 teneretur
622 806 679 851 ad
711 806 1085 864 dispensandum.

276 890 378 934 865.
419 889 638 947 Legitime
673 904 783 935 vero
830 890 1122 948 dispensandi
1170 903 1335 935 causae
1377 890 1433 935 ad
1472 890 1560 934 duo
1605 890 1754 949 capita
1790 890 1943 935 reduci

161 978 363 1028 possunt.
403 973 605 1018 Primum
640 978 709 1018 est
744 973 984 1031 probabilis
1016 974 1169 1030 timor,
1196 974 1294 1018 sive
1324 972 1521 1031 suspicio
1553 974 1671 1032 quod
1708 973 1944 1018 matrimo-

161 1057 287 1102 nium
324 1057 548 1102 malitiose
585 1057 876 1115 impediatur,
911 1058 965 1102 de
998 1072 1085 1121 qua
1119 1071 1255 1102 causa
1300 1071 1513 1116 expresse
1558 1058 1771 1102 meminit
1804 1060 1941 1103 Cone.

160 1142 278 1187 Trid.
308 1145 423 1187 Sess.
454 1146 604 1187 XXIV.
645 1143 846 1188 Alterum
873 1150 940 1187 est
966 1143 1162 1201 prudens
1187 1143 1439 1201 periculum
1475 1143 1629 1201 graiis
1656 1143 1812 1188 damni
1846 1135 1943 1188 sixe

159 1226 359 1282 animae,
396 1226 494 1270 sive
527 1226 746 1284 corporis,
784 1225 881 1270 sixe
917 1228 1082 1271 famae.

278 1310 379 1354 866.
420 1309 483 1353 Ad
519 1323 687 1367 poenas
720 1310 837 1368 quod
873 1310 1040 1354 attinet
1064 1315 1223 1354 contra
1249 1323 1325 1354 eos
1348 1309 1422 1368 qui
1459 1309 1746 1367 culpabiliter
1768 1310 1943 1353 denun-

163 1392 376 1437 tiationes
409 1393 634 1436 omittunt
666 1398 879 1448 statutas,
919 1394 1172 1437 notandum
1208 1398 1292 1447 est,
1329 1393 1447 1452 quod
1481 1394 1627 1451 prima
1670 1393 1864 1437 habetur
1897 1393 1942 1436 in

158 1480 264 1535 Cap.
296 1478 405 1520 Cam
432 1477 640 1521 inliibilio
669 1479 678 1499 ¹
715 1477 784 1522 his
809 1478 984 1521 verbis:
1026 1490 1042 1500 ··
1071 1477 1112 1521 Si
1144 1477 1413 1534 parochialis
1446 1477 1657 1521 sacerdos
1680 1477 1794 1521 tales
1820 1478 1942 1533 (con-

162 1561 412 1617 trahentes)
447 1560 545 1604 sine
580 1560 1007 1605 denuntiationibus
1040 1560 1352 1615 coniunxerit,
1391 1575 1468 1617 per
1503 1559 1755 1604 triennium
1789 1559 1847 1604 ab
1879 1561 1943 1604 ol'-

163 1643 263 1689 licio
311 1645 617 1702 suspendatur
642 1663 679 1688 n.
731 1649 853 1690 Haec
896 1650 1051 1689 tamen
1098 1659 1238 1702 poena
1279 1645 1508 1702 ferendae
1548 1647 1806 1690 sententiae
1855 1649 1939 1690 est.

161 1728 364 1772 Secunda
403 1743 546 1786 poena
582 1743 636 1772 ex
674 1729 833 1773 eodem
858 1729 1006 1787 capite
1033 1729 1233 1786 procedit
1257 1734 1416 1774 contra
1453 1728 1572 1787 ipsos
1595 1729 1940 1784 contrahentes,

161 1815 206 1853 ct
239 1811 400 1855 statuit
434 1818 484 1855 ut
517 1811 603 1856 illis
637 1812 862 1869 condigna
897 1813 1181 1870 poenitentia
1218 1813 1495 1871 imponatur.
1534 1812 1701 1868 Tertia,
1727 1826 1843 1872 quae
1868 1812 1943 1856 ha-

162 1893 294 1937 betur
327 1893 373 1938 in
407 1897 512 1952 Cap.
556 1898 621 1938 Ex
654 1901 832 1950 tenore,
871 1895 1032 1940 statuit
1074 1899 1124 1939 ut
1157 1895 1191 1939 si
1229 1895 1446 1953 coniuges
1478 1896 1651 1953 prolem
1691 1896 1944 1953 suscipiant

164 1978 426 2035 ignorantes
462 1993 508 2024 se
541 1979 872 2038 impedimento
906 1980 1056 2039 aliquo
1089 1980 1335 2025 dirimente
1368 1980 1591 2037 laborare,
1628 1986 1673 2025 et
1709 1981 1943 2025 matrimo-

163 2063 290 2107 nium
326 2063 674 2119 contraxerint,
712 2079 802 2109 non
838 2065 1098 2123 praemissis
1137 2065 1590 2119 denuntiationibus,
1629 2066 1790 2122 proles,
1826 2080 1943 2125 quae

161 2148 343 2193 aliunde
377 2164 401 2193 a
438 2148 534 2194 iure
570 2154 804 2208 tamquam
841 2150 1043 2207 legitima
1077 2149 1430 2205 admitteretur,
1468 2154 1705 2209 tamquam
1741 2150 1942 2208 legitima

163 2246 254 2276 non
290 2232 525 2276 habeatur.
562 2237 732 2286 Quarta
765 2233 961 2292 denique
984 2233 1029 2277 in
1055 2236 1190 2277 Cone.
1228 2232 1346 2277 Trid.
1373 2233 1388 2257 ²
1422 2238 1491 2277 est
1523 2232 1707 2277 amissio
1731 2233 1824 2291 spei
1857 2232 1943 2278 dis-

163 2316 444 2374 pensationis
475 2316 750 2360 obtinendae
783 2329 917 2373 super
950 2315 1279 2374 impedimento
1315 2320 1468 2374 postea
1502 2315 1712 2373 delecto;
1748 2329 1827 2361 seu
1861 2317 1943 2361 dif-

164 2399 327 2445 licilius
358 2401 685 2445 contrahentes
718 2400 1106 2459 dispensationem
1142 2404 1498 2459 consequentur.

284 2565 293 2584 ¹
321 2566 373 2601 De
399 2565 524 2602 Claud.
551 2566 683 2612 spons.

283 2637 295 2655 ²
322 2637 419 2673 Sess.
447 2637 581 2680 XXIV,
608 2647 686 2683 cap.
713 2637 745 2673 5.
