2176 3386
237 36 244 44 ⁶
810 32 815 37 ι
1239 3 1267 14 ,Ἰ
1516 0 1682 33 ....,Ἀ-
1720 0 1731 5 ,
1803 0 1997 41 ’,Ὗᾞξ
2031 38 2034 39 ⁷
2095 36 2097 38 Ι

219 149 278 189 42
897 157 1006 185 PARS
1036 157 1077 186 11.
1112 157 1168 184 DE
1199 156 1335 185 REBUS
2144 0 2176 231 Ι

220 268 458 310 curratur.
494 265 536 322 2)
565 263 734 308 Deinde
768 264 998 322 praecepit
1029 268 1081 308 ut
1112 278 1138 308 a
1162 263 1497 319 Sacerdotibus,
1525 262 1751 319 Ecclesiis,
1777 261 2010 321 Capitulis,
2158 243 2176 290 '¹-

222 347 454 406 Collegiis,
493 346 815 406 Hospitalibns‚
851 345 1170 401 societatibus,
1207 346 1514 400 Monasteriis,
1540 345 1871 401 conventibus,
1902 348 2016 390 Con-

226 431 595 491 gregationibus,
614 429 826 475 domibus
850 444 911 474 ,ac
935 430 1046 474 locis
1081 430 1166 489 piis
1195 430 1559 489 quibuscumque
1592 429 1797 474 absolute
1822 433 1891 474 tot
1912 428 2017 473 mis-

226 530 306 561 sae
351 515 667 566 celebrentur,
703 518 815 573 quot
857 514 914 558 ad
958 513 1184 558 rationem
1229 512 1443 570 stipendii
1477 512 1575 557 sive
1618 513 1676 556 ab
1708 526 1824 567 una,
1859 511 1957 556 sive
1992 525 2017 556 a

231 598 437 658 pluribus
472 597 675 655 personis
698 595 869 651 collati,
894 601 1322 655 quantumcumque
1356 594 1595 652 incongrui
1630 598 1676 638 et
1697 593 1864 651 exigui,
1890 606 2018 650 prae·

227 683 428 741 scriptae
463 679 652 732 fuerint,
688 679 888 739 alioquin
925 679 971 735 ii,
1007 680 1061 723 ad
1093 692 1207 738 quos
1233 677 1447 736 pertinet,
1483 690 1591 722 suae
1625 676 1889 734 obligationi
1923 689 2016 720 non

228 765 549 819 satisfaciant,
584 764 792 823 quinimo
826 763 1028 820 graviter
1063 767 1255 820 peccent
1287 766 1332 806 et
1365 762 1420 806 ad
1455 761 1795 806 restitutionem
1830 766 2020 805 tenean-

235 854 324 894 tur.
359 851 646 906 Quapropter
679 852 868 891 revocat
911 846 1146 904 privilegia
1187 851 1233 890 et
1268 846 1442 890 indulta
1482 847 1636 890 omnia
1681 858 2020 904 quamcumque

231 933 294 977 ob
326 944 512 976 causam
548 943 782 985 concessa,
817 929 981 988 quibus
1015 929 1293 987 indulgetur,
1330 933 1381 972 ut
1413 934 1646 973 certarum
1680 929 1921 973 Missurum
1946 927 2020 972 vel

236 1014 674 1062 Anniversa1·10rum
710 1012 1051 1067 celebratione,
1086 1017 1167 1057 aut
1198 1012 1425 1071 aliquibus
1458 1012 1660 1057 collectis
1692 1024 1771 1056 seu
1805 1010 2021 1055 orationi·

237 1102 339 1155 bus,
377 1097 573 1157 plurium
618 1098 884 1142 earumdem
919 1097 1135 1141 oneribus
1175 1096 1383 1142 satisfiat.
1436 1098 1478 1153 5)
1518 1096 1753 1141 Prohibuit
1799 1094 2024 1140 sacerdoti

235 1183 315 1242 qui
351 1182 539 1226 missam
572 1181 773 1237 suscepit
805 1179 1126 1224 celebrandam
1161 1194 1266 1224 cum
1301 1185 1425 1224 certa
1458 1180 1774 1236 eleemosyna,
1811 1192 1868 1222 ne
1901 1191 2024 1221 eam-

236 1269 342 1312 dem
381 1266 566 1311 missam
618 1265 766 1316 alteri,
803 1268 931 1323 parte
964 1264 1168 1309 eiusdem
1203 1265 1525 1322 eleemosynae
1558 1263 1641 1308 sibi
1677 1267 1874 1317 retenta,
1909 1262 2024 1306 cele-

240 1351 463 1394 brandam
500 1349 780 1393 committat.
831 1349 874 1403 4)
915 1347 1130 1393 Decernit
1163 1351 1214 1391 nt
1247 1348 1439 1406 pecunia
1474 1360 1526 1391 ac
1561 1347 1678 1391 bona
1727 1343 1911 1389 mobilia
1955 1357 2026 1387 ec-

238 1431 408 1489 clesiis,
444 1431 672 1490 capitulis,
710 1430 1019 1486 monasteriis,
1054 1435 1165 1486 etc.,
1201 1435 1297 1474 tam
1332 1429 1642 1474 saecularibus
1673 1442 1811 1488 quam
1855 1428 2028 1485 regula·

243 1518 385 1572 ribus,
421 1516 588 1561 tradita
625 1517 696 1560 vel
732 1515 887 1560 relicta
923 1530 1028 1561 cum
1063 1530 1201 1560 onere
1247 1519 1465 1573 perpetuo
1509 1513 1751 1558 missarum
1795 1512 2028 1557 celebran-

240 1602 425 1655 darum,
452 1599 606 1644 statim
642 1600 726 1643 sub
760 1613 904 1657 poena
941 1599 1175 1644 interdicti
1200 1599 1256 1643 ab
1286 1599 1491 1656 ingressu
1525 1598 1744 1643 ecclesiae
1777 1596 1873 1654 ipso
1906 1596 2029 1640 facto

244 1683 553 1737 incurrenda,
589 1682 752 1742 deponi
803 1686 1002 1727 debeant
1045 1696 1183 1740 penes
1230 1682 1390 1727 aedem
1425 1695 1636 1736 sacram,
1673 1680 1747 1724 vel
1787 1691 2029 1738 personam

245 1767 332 1811 fide
366 1770 413 1811 et
446 1765 741 1810 facultatibus
791 1765 1001 1809 idoneam
1036 1765 1091 1809 ad
1126 1764 1340 1810 efl'ectnm
1376 1764 1449 1808 illa
1488 1777 1567 1808 seu
1612 1763 1791 1808 illorum
1832 1759 2029 1819 pretinm

244 1848 592 1908 quamprimum
629 1846 907 1891 investiendi
944 1847 988 1891 in
1025 1847 1156 1892 bonis
1189 1846 1498 1891 immobilibus
1532 1844 1781 1890 fructiferis
1813 1857 1920 1888 cum
1953 1856 2031 1886 ex-

247 1944 402 1990 pressa
435 1935 481 1975 et
515 1929 751 1974 individua
785 1929 938 1974 oneris
970 1929 1137 1974 adnexi
1164 1929 1417 1973 mentione.
1458 1931 1518 1972 Ac
1541 1926 1576 1972 si
1601 1927 1760 1972 eadem
1795 1925 1914 1969 bona
1949 1924 2031 1967 im-

251 2016 433 2060 mobilia
468 2016 744 2060 anctoritate
779 2015 1035 2073 Apostolica
1069 2013 1259 2058 alienari
1294 2012 1568 2070 contigerit,
1606 2010 1801 2070 pretinm
1846 2008 1930 2052 sub
1961 2022 2033 2052 ea-

245 2100 355 2144 dem
390 2114 533 2158 poena
569 2100 734 2157 deponi
768 2104 905 2158 atque
942 2099 986 2143 in
1020 2098 1121 2143 aliis
1155 2098 1285 2143 bonis
1318 2097 1555 2142 stabilibus
1588 2095 1746 2140 itidem
1786 2091 2036 2138 fructiferis

248 2196 358 2226 cum
392 2182 595 2227 eiusdem
631 2182 784 2227 oneris
831 2183 1102 2241 repetitione
1148 2186 1285 2241 atque
1317 2180 1577 2226 adnexione
1610 2177 1821 2224 converti
1853 2177 2031 2222 debeat.

250 2267 294 2323 5)
334 2266 568 2312 Prohibuit
616 2266 788 2312 eisdem
833 2266 940 2312 locis
985 2267 1068 2324 piis
1111 2280 1164 2311 ac
1199 2265 1467 2325 respectivis
1514 2277 1673 2309 eorum
1723 2261 2038 2320 Superioribus

253 2355 350 2395 tam
384 2351 715 2403 saecularibus,
751 2365 890 2409 quam
925 2350 1222 2409 regularibus,
1259 2364 1316 2395 ne
1349 2364 1488 2394 onera
1524 2351 1742 2406 perpetua
1787 2345 2039 2404 suscipiant

256 2434 502 2479 missarum
535 2435 932 2491 celebrandarum,
969 2434 1225 2479 saeculares
1256 2434 1440 2492 quidem
1475 2433 1573 2478 sine
1611 2431 1815 2490 Episcopi
1839 2431 1912 2474 vel
1942 2431 2040 2473 eius

252 2517 493 2563 Generalis
538 2517 732 2573 vicarii,
773 2519 1015 2575 Regulares
1061 2533 1168 2563 vero
1207 2519 1307 2563 sine
1350 2516 1586 2563 Generalis
1624 2515 1694 2559 vel
1742 2510 2038 2573 provincialis

254 2599 442 2645 licentia
479 2601 523 2645 in
558 2601 757 2659 scriptis,
793 2601 877 2647 sub
912 2615 1074 2659 poena,
1099 2606 1261 2646 contra
1297 2600 1484 2659 primos,
1511 2597 1742 2643 interdIcti
1778 2609 1831 2640 eo
1865 2595 1960 2652 ipso
1983 2593 2040 2637 ab

258 2683 464 2741 ingressu
500 2684 737 2740 ecclesiae,
773 2690 935 2730 contra
968 2684 1194 2729 secundos
1228 2681 1500 2742 privationis
1531 2681 1741 2727 omnium
1765 2678 2038 2732 officiorum,

254 2781 312 2812 ac
335 2772 581 2826 perpetuae
605 2768 905 2813 inhabilitatis
927 2769 983 2814 ad
1007 2768 1098 2824 illa,
1127 2768 1344 2828 vocisque
1366 2767 1548 2812 activae
1571 2769 1618 2810 et
1642 2763 1847 2823 passivae
1870 2762 2042 2820 absque

256 2851 347 2896 alia
380 2851 690 2897 declaratione
714 2853 1007 2898 incurrenda.
1044 2855 1086 2910 6)
1115 2853 1439 2910 Eleemosynas
1462 2863 1572 2894 vero
1597 2847 1835 2892 manuales
1866 2849 1913 2889 et
1933 2857 2043 2903 quo-

259 2934 459 2981 tidianas
494 2951 573 2995 pro
608 2936 757 2982 missis
789 2936 1074 2982 celebrandis
1108 2935 1245 2980 iidem
1279 2933 1486 2992 accipere
1519 2931 1723 2991 possint,
1758 2929 1795 2974 si
1828 2927 2044 2974 oneribus
2130 2887 2176 3004 i:

257 3025 400 3066 antea
435 3021 660 3080 impositis
681 3020 1007 3076 satisfecerint,
1033 3019 1235 3079 alioquin
1260 3017 1524 3063 abstineant
1555 3015 1612 3060 ab
1644 3010 1906 3059 huiusmodi
1927 3011 2044 3056 elec·
2167 3002 2176 3066 Ξ
