2176 3386
775 0 783 2 -
1680 0 1682 2 ’
1751 0 1762 3 ··
1805 0 1918 22 »που
1939 0 1950 6 “
1978 0 1992 4 ’
2015 0 2080 34 ’ψῖ

208 155 262 194 34
851 173 961 202 PARS
991 175 1015 203 1.
1054 175 1109 203 DE
1139 176 1349 206 Pssasoms
2066 0 2176 222 Ἴ

329 273 400 318 55.
438 277 487 318 In
522 275 733 320 facienda
766 279 1171 324 commendatione
1204 286 1392 326 cautum
1425 287 1504 341 gest
1543 288 1595 328 ut
1634 285 1711 344 qui
1753 300 2000 334 commem,

207 356 320 401 dant
351 357 481 402 dotes
512 359 862 405 candidatorum
897 361 1159 406 describant
1191 377 1243 407 ac
1268 364 1409 409 variis
1429 366 1775 425 quaestionibus
1799 383 1989 428 respon·

156 468 162 474 -
206 439 347 484 deant
379 441 507 486 iuxta
542 441 893 488 instructionem
930 446 970 488 S.
1009 447 1053 490 C.
1094 449 1222 504 Prop.
1259 446 1381 492 Fidei
1418 448 1446 491 ².

326 526 397 570 54.
434 527 589 580 Quoad
626 528 848 572 Ecclesias
880 528 1164 584 orientales,
1199 531 1318 588 apud
1350 531 1597 577 Chaldaeos
1633 537 1893 580 patriarcha
1929 535 1990 580 ad

207 623 418 655 normam
451 610 642 655 Constit.
684 614 803 655 Dum
840 613 1159 658 Ecclesiastiea
1193 613 1280 658 diei
1307 616 1356 659 51
1386 616 1574 673 Augusti
1603 617 1712 662 1869
1744 618 1994 677 Episcopos

207 691 252 736 in
287 694 522 751 Synodum
558 699 703 752 coget,
739 708 793 739 ac
837 699 929 739 tres
970 695 1239 741 candidatos
1278 699 1561 755 Apostolicae
1608 701 1708 745 Sedi
1752 702 1982 760 proponit.

205 777 361 828 Quoad
397 779 627 821 Armenos-
653 791 776 822 anno
816 778 918 822 1881
960 783 1185 824 statutum
1219 785 1289 825 est
1330 785 1381 824 ut
1412 782 1705 838 derogatione
1755 785 1872 829 facta
1916 789 1991 828 to·-

204 859 290 903 ties
322 860 501 919 quoties
533 861 860 905 Constitutioni
896 862 1180 920 Apostolicae
1214 866 1497 908 Reversarus
1528 865 1616 909 diei
1654 867 1705 911 12
1740 866 1836 911 Iulii
1869 868 1982 912 1867

203 957 320 1002 quae
353 944 585 1002 derogatio
618 959 641 989 a
676 944 939 990 patriarcha
976 945 1259 1004 imploranda
1293 952 1377 1003 est,
1414 949 1631 1010 requisito
1664 950 1698 994 si
1734 950 1874 1011 fuerit
1905 965 1983 1009 op-

204 1033 452 1085 portunum
487 1028 753 1073 testimonio
788 1029 902 1074 Cleri
938 1034 983 1074 et
1018 1029 1297 1074 Notabilium
1331 1031 1500 1089 populi,
1543 1033 1753 1088 synodus
1805 1030 1987 1090 Episco-

203 1127 362 1170 porum
398 1113 481 1156 sub
515 1113 818 1170 praesidentia
858 1112 1144 1158 Patriarchae
1179 1127 1322 1158 unum
1358 1114 1494 1171 eligat
1525 1129 1663 1173 quem
1698 1115 1989 1173 Apostolicae-

203 1196 301 1240 Sedi
337 1211 415 1255 pro
449 1196 802 1241 confirmatione
839 1201 1168 1254 repraesentat.
1207 1198 1332 1255 Apud
1368 1200 1563 1242 Graecos
1599 1199 1852 1254 Melcbitas,
1887 1204 1979 1244 Ma-

202 1282 392 1334 ronitas,
429 1280 584 1338 Syrios
624 1279 884 1324 patriarcha
931 1279 1078 1323 utitur
1116 1280 1306 1339 antiquo
1351 1280 1448 1325 iure
1496 1281 1689 1338 eligendi
1739 1281 1989 1340 Episcopos

199 1365 298 1410 aliis
333 1364 563 1423 Episcopis
595 1363 817 1407 consultis
835 1363 963 1408 iuxta
991 1378 1164 1408 morem
1191 1363 1549 1423 uniuscuiusque
1573 1363 1920 1409 communitatis
1944 1363 1984 1407 ²..

319 1450 389 1493 55.
428 1448 560 1492 Hisce
595 1446 855 1505 praemissis
887 1446 1227 1491 deveniendum
1263 1451 1347 1502 est,
1384 1447 1438 1491 ad
1480 1447 1635 1491 modos
1676 1438 1840 1506 quibus
1880 1447 1986 1491 iure⁴

198 1532 435 1578 communi
469 1531 630 1576 electio
665 1531 909 1589 peragitur.
942 1530 1111 1575 Electio
1134 1535 1226 1574 est:
1268 1551 1286 1570 a<
1315 1544 1534 1588 personae
1560 1530 1748 1575 idoneae
1771 1532 1826 1575 ad
1853 1545 2024 1588 prae->s

197 1618 393 1661 laturam
430 1620 675 1661 vacantem
711 1615 767 1659 ab
801 1614 855 1658 iis
887 1614 1050 1673 quibus
1085 1614 1153 1658 ius
1185 1618 1255 1658 est
1287 1614 1508 1659 canonice
1543 1615 1661 1659 facta
1694 1614 1873 1659 vocatio
1899 1629 1988 1672 per

196 1700 477 1758 superiorem
522 1698 837 1743 confirmanda
867 1717 884 1736 v
912 1698 942 1742 ⁸.
993 1697 1162 1742 Electio
1195 1698 1241 1741 in
1285 1697 1370 1742 1100
1403 1697 1555 1742 differt
1587 1712 1610 1742 a
1650 1698 1980 1756 postulatione,

193 1783 300 1842 quia
335 1798 501 1841 nempe
548 1782 792 1841 postulatio
834 1786 902 1826 est
945 1781 1145 1840 provisio
1193 1781 1557 1826 extraordinaria
1593 1795 1671 1826 3011
1706 1780 1974 1826 subsidiaria

196 1881 417 1925 personae
449 1867 504 1911 de
548 1866 645 1910 iure
690 1865 960 1924 impeditae:
1009 1865 1224 1908 innititur
1257 1863 1428 1922 gratiae
1467 1867 1511 1908 et
1556 1864 1655 1909 ideo
1695 1864 1863 1908 dicitur
1899 1864 1979 1908 ad*

314 2049 320 2065 ¹
353 2047 499 2084 Collect.
527 2046 562 2082 S.
590 2046 626 2082 C.
655 2047 710 2081 Pr.
740 2046 815 2082 Fid.
845 2055 878 2080 n.
906 2045 951 2080 58

311 2120 323 2138 ⁹
352 2119 594 2162 Quaestiones
622 2128 715 2163 quae
750 2121 1004 2162 proponuntur
1037 2116 1134 2151 circa
1159 2115 1353 2160 qualitates
1384 2114 1614 2151 necessarias
1642 2114 1678 2149 in
1706 2113 1981 2159 promovendis

191 2194 237 2230 ad
263 2191 472 2238 episcopale
501 2201 634 2226 munus
661 2200 703 2226 ac
738 2190 955 2235 dignitatem
984 2193 1086 2224 sunt:
1116 2188 1144 2223 1.
1173 2187 1327 2227 Nomen,
1361 2195 1578 2231 cognomen,
1605 2191 1719 2227 aetas,
1748 2185 1863 2230 patria
1889 2194 1974 2221 can-

192 2264 316 2301 didati.
342 2262 374 2299 2.
403 2262 515 2298 Cuius
544 2262 709 2298 Diocesis
736 2262 781 2297 sit
808 2271 850 2297 ae
877 2260 1096 2296 Provinciae
1121 2258 1405 2296 ecclesiasticae.
1431 2258 1462 2293 5.
1492 2257 1650 2293 Ubinam
1677 2256 1807 2292 studiis
1833 2255 1972 2293 theolo-

192 2336 285 2381 gicis
311 2336 505 2377 vacaverit,
532 2339 567 2369 et
594 2344 666 2379 quo
693 2333 870 2378 profectu.
897 2331 928 2366 [1.
958 2331 1015 2366 Α11
1043 2330 1180 2376 gradus
1207 2334 1398 2365 assecutus
1426 2328 1531 2364 fuerit
1558 2333 1594 2363 et
1620 2337 1724 2372 quos.
1750 2327 1783 2362 5.
1811 2327 1868 2362 An
1888 2325 1972 2361 Pro-

190 2407 308 2444 fessor
332 2406 515 2442 exstiterit
542 2409 577 2440 et
603 2405 707 2441 cuius
730 2403 921 2439 facultatis.
949 2401 980 2437 6.
1010 2401 1066 2437 Α11
1094 2406 1129 2438 01
1157 2401 1219 2437 ubi
1248 2400 1442 2436 missiones
1462 2408 1585 2435 sacras
1611 2398 1768 2433 obiverit
1793 2403 1829 2433 et
1859 2406 1968 2442 quam

190 2479 227 2514 in
254 2479 307 2515 eis
333 2477 599 2523 experientiam
628 2475 836 2511 obtinuerit.
866 2476 897 2510 7.
918 2474 1016 2517 Quot
1042 2473 1189 2518 linguas
1208 2472 1335 2508 calleat
1363 2475 1399 2507 et
1425 2480 1528 2516 quas.
1554 2470 1586 2506 8.
1612 2469 1753 2512 Quibus
1773 2467 1904 2504 officiis
1922 2469 1967 2504 sit

190 2550 414 2595 perfunctus,
433 2553 468 2584 et
493 2557 566 2593 quo
593 2556 779 2583 successu.
807 2546 839 2581 9.
869 2545 986 2588 Quam
1013 2543 1247 2589 prudentiam
1266 2541 1475 2578 exhibuerit
1502 2540 1539 2575 in
1565 2538 1906 2582 deliberationibus,
1932 2542 1968 2573 et

188 2621 321 2667 agendi
358 2620 510 2655 ratione.
549 2618 601 2653 10.
638 2619 696 2653 An
733 2618 776 2652 sit
805 2626 957 2662 corpore
984 2625 1116 2659 sanus;
1143 2614 1249 2659 frugi,
1275 2613 1428 2659 patiens,
1455 2617 1564 2657 atque
1591 2610 1627 2646 in
1653 2610 1969 2646 administratione

187 2701 308 2729 rerum
344 2690 602 2735 temporalium
634 2693 810 2725 versatus.
852 2688 906 2724 11.
940 2688 1068 2724 Utrum
1097 2687 1143 2723 sit
1168 2674 1344 2731 propositi
1373 2688 1500 2724 tenax,
1527 2692 1575 2718 an
1602 2682 1750 2726 ingenio
1788 2680 1967 2717 mutabili.

188 2763 242 2799 12.
268 2763 364 2799 Num
393 2761 551 2807 gaudeat
578 2761 672 2796 sama
701 2760 924 2799 honestatis,
951 2764 987 2794 01
1012 2768 1059 2793 an
1085 2758 1190 2794 suerit
1227 2764 1402 2801 umquam
1432 2754 1466 2789 in
1493 2763 1536 2789 eo
1562 2752 1650 2797 quid
1674 2756 1803 2788 contra
1833 2761 1967 2787 mores.

187 2833 242 2870 15.
271 2834 325 2869 An
353 2833 391 2868 in
417 2832 636 2868 exercendis
662 2830 954 2867 sacerdotalibus
981 2831 1116 2866 muniis
1144 2830 1189 2865 sit
1225 2832 1395 2870 attentus,
1421 2827 1649 2872 compositus
1680 2835 1762 2862 cum
1794 2825 1965 2861 aedifica-

186 2906 297 2946 tione,
324 2904 557 2940 rubricarum
575 2903 763 2939 studiosus
796 2902 1020 2937 observator.
1051 2901 1104 2936 14.
1124 2901 1181 2936 An
1210 2899 1347 2942 babitu,
1366 2904 1482 2944 gestu,
1503 2898 1649 2934 incessu
1669 2906 1840 2933 sermone
1864 2896 1966 2932 aliis-

185 2985 255 3020 que
283 2974 456 3009 omnibus
483 2972 699 3018 gravitatem
726 2982 768 3009 ae
797 2972 1010 3017 religionem
1041 2971 1272 3016 praeseferat.

306 3044 318 3063 ³
344 3045 396 3080 Ex
424 3044 501 3084 (3.7
530 3047 566 3079 01
591 3042 648 3079 [12.
675 3043 816 3079 Decret.
845 3043 879 3078 11.
908 3048 930 3078 t.
