2176 3386
822 213 951 241 Lmen
978 212 1002 239 1.
1035 211 1102 239 nr:v
1120 210 1316 239 eLEmcrs
1906 198 1957 237 27

299 321 592 366 Notandum.-
628 323 679 365 ln
713 318 915 364 Concilio
938 318 1155 363 Plenario
1190 317 1511 363 Baltimorensi
1547 320 1603 363 ΙΙΙ
1636 316 1756 376 quod
1788 330 1814 361 a
1839 317 1881 360 S.
1908 318 1953 361 C.

176 404 232 448 de
266 407 394 462 Prop.
437 403 540 447 Fide
574 401 861 460 recognitum
897 405 966 446 est
997 401 1182 446 decreto
1215 402 1265 446 21
1313 404 1512 460 Septem.
1560 385 1672 444 l885
1714 400 1828 444 haec
1868 403 1957 443 sta-

176 491 275 531 tuta
309 491 442 531 sunt:

299 571 336 614 l.
375 569 566 623 Quando
599 570 655 614 ob
687 569 841 613 sedem
879 571 1124 613 meantem
1163 568 1456 626 proponenda
1490 574 1599 613 sunt
1641 572 1682 614 S.
1732 571 1830 615 Sedi
1879 586 1958 616 no-

176 652 302 696 mina
335 666 494 696 eorum
528 651 606 711 qui
642 651 997 696 commendandi
1022 651 1270 696 videantur
1293 665 1372 710 pro
1395 651 1589 697 dioecesi
1616 657 1829 709 vacante,
1851 668 1956 700 con-

177 726 402 780 vocentur
434 735 721 779 consultores
753 739 799 778 et
832 738 1033 779 rectores
1066 734 1388 779 inamovibiles
1421 735 1680 792 praedictae
1718 736 1953 782 dioecesis.

173 822 345 862 Horum
379 818 466 863 erit
499 818 586 862 tria
621 818 809 862 nomina
844 831 1001 861 eorum
1035 831 1149 876 quos
1181 818 1341 875 dignos
1374 818 1684 864 iudicaverint
1727 820 1959 880 Episcopis

173 902 439 960 provinciae
473 901 694 956 indicare,
732 905 781 944 ut
815 900 857 944 ni
895 915 999 958 prae
1033 900 1177 945 oculis
1211 901 1410 945 habeant
1433 902 1546 947 haec
1577 902 1764 947 nomina
1786 905 1829 947 in
1858 919 1957 962 pro·

172 985 395 1043 ponendis
429 985 527 1029 Sedi
563 983 849 1041 Apostolicae
882 983 1152 1028 candidatis.

290 1070 330 1113 2.
368 1067 712 1113 Consultoribus
745 1072 790 1111 et
823 1067 1077 1112 rectoribus
1101 1067 1163 1111 ita
1187 1068 1475 1126 congregatis
1500 1069 1755 1127 praesideat
1774 1071 1956 1115 Archie-

171 1151 395 1209 piscopuS,
433 1151 503 1196 vel
538 1150 572 1195 si
608 1150 855 1209 impeditus
887 1155 972 1206 est,
1012 1150 1255 1209 Episcopus
1287 1151 1604 1209 suffraganeus
1633 1153 1836 1198 eiusdem
1857 1169 1955 1212 pro-

169 1233 350 1278 vinciae
387 1235 444 1279 ab
477 1234 572 1292 ipso
605 1234 912 1291 delegandus,
949 1234 983 1278 si
1023 1249 1130 1278 xero
1163 1235 1218 1278 de
1250 1235 1354 1279 sede
1380 1236 1732 1291 metropolitana
1758 1242 1956 1282 vacante

165 1323 344 1376 agatur,
380 1318 668 1375 congregatis
702 1317 957 1376 praesideat
988 1317 1303 1375 suffraganeus
1344 1318 1576 1378 antiquior
1619 1320 1796 1364 ratione
1839 1321 1955 1365 ordi-

169 1401 388 1458 nationis,
427 1403 497 1446 vel
531 1416 584 1445 eo
620 1400 854 1459 impedito,
891 1400 1006 1445 alius
1042 1400 1290 1459 Episcopus
1323 1402 1379 1445 al)
1412 1402 1508 1459 ipso
1541 1403 1832 1460 delegandus.

290 1487 330 1531 5.
371 1489 628 1543 Antequam
663 1485 718 1528 ad
753 1483 966 1541 suffragia
1002 1488 1195 1528 ventum
1231 1484 1386 1540 fuerit,
1421 1487 1707 1530 consultores
1740 1490 1785 1530 et
1811 1491 1956 1531 recto-

167 1583 237 1614 res
270 1569 492 1628 praedicti
528 1568 680 1612 iurent
713 1581 759 1611 se
794 1581 942 1625 neque
975 1566 1119 1623 gratia
1155 1581 1303 1626 neque
1337 1569 1495 1612 favore
1530 1568 1683 1613 induci
1718 1570 1772 1613 ad
1796 1569 1954 1613 suffra-

164 1654 287 1712 gium
324 1653 581 1698 ferendum.
621 1650 891 1695 Huiusmodi
926 1654 1080 1693 autem
1116 1649 1383 1707 suffragium
1416 1651 1504 1695 erit
1525 1657 1753 1696 secretum
1779 1657 1825 1697 et
1847 1667 1954 1697 con·

163 1737 387 1782 sultivum
422 1739 622 1780 tantum.

280 1821 322 1864 4.
360 1823 546 1864 Praeses
584 1817 726 1862 mittit
762 1817 944 1862 x‘crbale
978 1817 1113 1861 liuius
1146 1821 1424 1872 conventus,
1472 1818 1713 1862 Secretarii
1759 1819 1953 1864 subscri-

163 1903 319 1959 ptione
353 1902 605 1960 signatum,
641 1901 696 1945 ad
731 1905 909 1946 ceteros
945 1900 1186 1959 Episcopos
1218 1906 1264 1944 et
1297 1901 1350 1945 ad
1387 1903 1427 1944 S.
1462 1903 1889 1960 Congregationem.

285 1987 324 2030 5.
369 1985 446 2030 Die
481 1985 732 2030 constituta
768 1984 1052 2028 convenient
1089 1983 1294 2042 Episcopi
1328 1989 1374 2028 et
1407 1985 1594 2029 nomina
1615 1985 1680 2029 sic
1704 1985 1951 2044 proposita,

164 2070 235 2113 vel
269 2069 357 2113 alia
396 2070 453 2114 ab
487 2068 593 2127 ipsis
628 2068 939 2126 proponenda,
976 2068 1100 2112 iuxta
1151 2068 1506 2113 Instructionem
1556 2071 1596 2113 S.
1634 2070 1952 2127 Congrcgalio-

166 2151 236 2197 nis
268 2152 338 2196 die
376 2154 426 2197 21
469 2151 667 2196 Ianuarii
706 2152 811 2196 ‘1861
849 2151 1004 2196 datam
1039 2150 1304 2207 discutient,
1340 2157 1386 2196 et
1421 2153 1626 2197 notulam
1664 2153 1802 2197 trium
1845 2152 1952 2198 c⁰an=

159 2234 422 2280 didatorum
458 2239 651 2280 Sanctae
686 2235 785 2278 Sedi
820 2234 1127 2279 exhibendam
1163 2235 1426 2279 conficient.
1469 2236 1595 2290 Quod
1639 2236 1672 2280 si
1722 2236 1952 2281 indicave-

160 2319 253 2364 rint
287 2318 478 2364 nomina
513 2334 537 2363 a
572 2319 691 2364 clero
728 2318 955 2377 proposita
990 2333 1086 2364 esse
1122 2319 1385 2375 reiicienda,
1424 2321 1623 2365 rationes
1656 2335 1763 2366 suas
1789 2324 1951 2366 Sacrae

158 2402 511 2460 Congregationi
547 2417 779 2460 exponere
814 2417 907 2448 non
941 2403 1175 2448 omittant.

276 2487 316 2530 6.
364 2490 413 2530 In
449 2486 633 2545 reliquis
663 2486 879 2530 omnibus
913 2487 1193 2545 praedictam
1230 2487 1585 2533 Instructionem
1621 2493 1887 2547 sequantur.

275 2574 430 2622 Quum
465 2583 574 2613 vero
606 2569 762 2627 agitur
794 2570 848 2614 dc
881 2570 1163 2627 designando
1193 2570 1410 2629 Episcopo
1434 2568 1698 2616 ccadiutore
1721 2585 1828 2616 cum
1852 2571 1950 2616 iure

157 2652 459 2697 successionis
492 2652 685 2697 omnino
718 2658 965 2698 serventur
995 2667 1112 2713 quae
1147 2653 1190 2697 in
1228 2654 1394 2712 regulis
1430 2655 1470 2710 l,
1513 2655 1555 2710 5,
1591 2655 1634 2710 4,
1671 2655 1713 2709 5,
1749 2658 1795 2698 et
1829 2656 1853 2698 6
1877 2668 1950 2699 su-

157 2747 234 2790 pra
268 2734 420 2779 citatis
453 2741 808 2781 enumerantur.
851 2737 1016 2794 Regula
1052 2742 1207 2781 autem
1243 2739 1269 2781 2
1302 2738 1367 2781 sic
1389 2737 1727 2782 immutabitur.
1764 2738 1949 2782 Consul-

159 2815 330 2862 toribus
361 2823 407 2862 ct
444 2819 703 2864 rectoribus
736 2819 798 2865 ita
833 2820 1120 2878 congregatis
1155 2821 1428 2877 praesidebit
1451 2820 1828 2879 Archiepiscopus
1851 2821 1950 2866 sive

162 2898 406 2958 Episcopus
441 2916 519 2960 pro
551 2916 641 2961 quo
683 2903 923 2948 coadiutor
955 2903 1192 2961 eligendus
1224 2907 1318 2960 est;
1365 2909 1472 2959 aut,
1508 2903 1543 2948 si
1591 2903 1842 2961 impeditus
1873 2902 1949 2959 sit,

159 2980 365 3027 vicarius
398 2987 651 3041 Generalis,
688 2988 761 3031 vel
795 2988 910 3031 alius
942 2987 1153 3031 sacerdos
1175 2986 1232 3030 ab
1255 2986 1350 3044 ipso
1373 2987 1665 3044 delegandus.
1706 2986 1951 3044 Episcopus

507 0 769 37 ῥ’·’τννῑῊΠ-ιςἫ
782 0 927 30 ·’ςμ’μ’·
961 2 966 14 ·-
1055 0 1058 5 ·
1358 0 1396 29 jv*
1424 0 1444 14 r-
1560 0 1642 19 ‘swn-
1719 0 1748 15 ’Ἰ
1770 0 1813 22 ef*
1883 0 1935 19 κα
1963 0 2091 37 γαμψψ

2036 20 2074 35 ηδ
