2176 3386
19 145 43 247 x
234 198 238 202 ·
443 227 447 231 .
813 209 943 238 mnan
972 209 996 237 1.
1027 208 1084 236 DE
1113 206 1306 237 CLI-:mois
1873 197 1949 238 135

167 332 278 364 vero
308 317 559 363 secundam
593 315 857 374 generalem
880 312 1083 374 speciali,
1117 317 1198 358 aut
1219 312 1465 372 specialem
1490 313 1742 359 secundam
1773 314 1948 374 primae

169 400 354 461 speciali
396 400 678 459 praevalere,
714 397 806 443 nisi
838 398 894 443 de
926 396 1012 442 hoc
1050 409 1263 455 expresse
1302 399 1540 442 caveatur.
1565 382 1719 450 'Quae
1753 396 1948 444 dicenda

165 488 274 529 sunt
304 481 486 528 etiamsi
518 481 593 526 lex
637 481 918 526 antecedens
959 479 1018 524 sit
1063 478 1254 525 Concilii
1307 478 1624 535 oecumenici,
1675 484 1722 525 et
1753 493 1950 540 sequens

166 571 296 613 Rom.
336 565 568 612 Pontificis
593 566 621 610 ¹.
659 569 775 610 Nam
809 564 984 623 species
1006 563 1162 622 generi
1185 563 1374 621 derogat
1395 563 1410 587 ²
1435 577 1528 608 non
1551 577 1662 608 vero
1695 577 1839 621 genus
1869 568 1950 610 aut

166 650 340 709 species
372 649 538 708 speciei
570 649 600 693 ³.
637 651 848 694 Ceterum
881 647 1082 692 secunda
1115 647 1190 691 lex
1216 646 1404 691 strictae
1427 650 1496 690 est
1518 645 1947 705 interpretationis⁴

165 734 253 779 nisi
271 735 479 779 favorem
503 732 741 778 contineat
760 733 789 777 ⁵.
816 736 866 776 In
890 731 1017 776 omni
1041 745 1150 776 casu
1172 729 1493 789 interpretatio
1516 730 1724 788 eligenda
1746 733 1816 776 est
1831 745 1948 791 quae

168 817 331 862 melius
362 831 467 862 cum
502 816 602 861 aliis
634 815 806 874 legibus
838 814 1165 873 componitur⁶
1198 828 1405 874 quaeque
1428 813 1617 874 aequior
1641 818 1831 872 apparet
1854 815 1884 859 ⁷.

279 901 322 957 8)
362 900 489 957 Legis
522 912 710 944 sensum
744 913 802 944 ex
835 902 932 944 toto
964 898 1062 943 eius
1095 901 1318 943 contextu
1352 897 1608 942 eruendum
1641 911 1754 942 esse.

282 985 323 1040 9)
361 983 508 1028 Verba
541 996 647 1027 cum
680 981 847 1027 effectu
879 981 1146 1040 accipienda
1179 995 1292 1026 esse.

288 1068 352 1123 10)
391 1070 440 1111 [n
474 1080 525 1110 re
557 1065 693 1110 dubia
727 1064 879 1110 verbis
918 1064 1055 1109 edicti
1095 1065 1320 1109 inservire
1364 1065 1527 1109 melius
1560 1077 1657 1109 esse
1681 1065 1696 1086 ⁸
1730 1068 1817 1108 etc.
1855 1066 1944 1110 etc.

279 1153 468 1195 Ceterae
502 1150 683 1207 regulae
725 1148 1142 1193 animadvertimus
1165 1163 1270 1193 cum
1301 1148 1517 1193 Machat⁹
1552 1163 1610 1193 ex
1641 1147 1806 1205 regulis
1836 1147 1946 1191 utri-

165 1245 307 1290 usque
341 1230 451 1275 iuris
482 1234 527 1275 et
563 1230 629 1274 tit.
666 1230 722 1275 de
755 1233 807 1274 V.
845 1229 1180 1288 significatione
1212 1230 1522 1275 desumendae
1554 1234 1676 1274 sunt.

547 1416 579 1459 β)
607 1435 650 1441 -
676 1416 735 1451 De
762 1416 910 1461 regulis
947 1416 1288 1462 interpretationis
1315 1417 1551 1452 exlensilnw.

286 1565 366 1609 175
402 1569 452 1609 In
476 1563 638 1610 iisdem
661 1564 897 1623 principiis
919 1563 1192 1609 extensivae
1218 1563 1615 1623 interpretationis
1638 1566 1819 1623 regulae
1843 1567 1945 1611 fun-

162 1648 432 1692 damentum
468 1649 653 1693 habent.
690 1674 748 1681 —
779 1654 929 1701 Quare
961 1662 986 1692 a
1021 1646 1292 1692 Ductoribus
1324 1647 1478 1706 regula
1510 1647 1733 1693 traditur:

284 1732 322 1788 l)
360 1731 797 1790 interpretationem
831 1746 956 1776 mere
989 1730 1284 1776 extensivam
1318 1732 1375 1776 ob
1407 1730 1608 1791 aliquam
1634 1730 1864 1776 rationum
1890 1731 1946 1776 si-

168 1815 476 1860 militudinem
511 1829 604 1860 non
637 1814 835 1860 admitti.
873 1815 991 1860 Talis
1024 1815 1147 1860 enim
1182 1815 1502 1873 interpretatio
1536 1816 1654 1861 ultra
1678 1815 1948 1875 legislatoris

166 1903 372 1944 mentem
405 1903 525 1944 esset
555 1898 634 1957 qui
667 1898 866 1957 obligare
899 1913 993 1943 non
1026 1898 1228 1944 intendit
1260 1898 1348 1944 nisi
1380 1899 1436 1944 ad
1470 1898 1513 1944 id
1545 1900 1665 1959 quod
1708 1899 1944 1960 exprimit.

163 1980 355 2026 Etiamsi
389 1980 591 2026 rationes
629 1980 780 2041 aliquo
823 1981 958 2026 modo
991 1981 1163 2026 similes
1201 1981 1296 2027 sint
1336 1987 1494 2026 tamen
1527 1982 1760 2027 differunt.
1818 1984 1946 2028 Unde

160 2064 269 2109 illud
306 2084 325 2106 a
353 2065 469 2109 ratio
501 2065 612 2124 legis
645 2079 737 2110 non
771 2068 841 2110 est
871 2065 1041 2110 decisio
1074 2065 1183 2123 legis
1209 2085 1228 2105 n
1258 2067 1306 2110 ¹⁰.

279 2150 320 2206 32)
359 2148 400 2192 Si
434 2148 556 2194 aliud
589 2148 660 2193 ius
691 2149 874 2194 deficiat
908 2149 1106 2195 iudicem
1142 2163 1270 2208 posse
1302 2150 1357 2195 de
1390 2149 1538 2194 simile
1571 2150 1627 2195 ad
1659 2150 1808 2196 simile
1832 2150 1944 2196 iudi-

159 2245 289 2276 care:
343 2231 652 2290 praesumitur
695 2231 820 2277 enim
865 2233 1170 2290 legislatorem
1204 2238 1252 2277 et
1294 2232 1491 2277 similem
1525 2247 1683 2279 casum
1725 2246 1806 2278 sua
1849 2235 1945 2292 lege

280 2436 287 2453 ¹
318 2434 369 2471 Cf.
388 2434 568 2471 Samum.
586 2446 619 2471 o.
641 2445 671 2472 c.
692 2445 726 2481 p.
746 2435 801 2478 75,
823 2440 917 2481 post.
935 2436 1031 2472 cdix.

277 2507 289 2525 ²
317 2508 353 2544 C.
375 2507 392 2543 1
414 2507 460 2544 de
478 2511 596 2544 const.
615 2508 652 2543 in
671 2506 720 2550 6⁰,
738 2519 769 2544 c.
789 2506 835 2543 54
853 2507 898 2544 de
916 2517 992 2554 reg.
1013 2509 1082 2544 iur.
1102 2509 1138 2543 in
1158 2507 1206 2544 6⁰.

277 2578 290 2597 ³
317 2579 356 2615 L.
374 2578 431 2622 26,
451 2578 508 2622 28,
526 2578 561 2615 ff.
577 2579 621 2615 de
642 2579 677 2616 ll.
700 2580 730 2622 1,
748 2579 781 2622 2,
799 2583 814 2620 S
834 2580 888 2623 16,
909 2584 944 2616 et
965 2581 987 2617 l.
1005 2579 1038 2616 5.
1059 2585 1073 2620 ἐ
1095 2580 1147 2622 15,
1168 2580 1204 2616 ff.
1221 2580 1266 2617 de
1286 2580 1329 2616 V.
1350 2579 1451 2626 Sign.
1472 2580 1496 2616 l.
1514 2579 1577 2616 ult.
1598 2579 1632 2617 ff.

278 2649 291 2669 ³
317 2651 406 2696 Cap.
424 2650 470 2687 27
489 2652 533 2688 de
551 2650 657 2688 elect.
675 2651 714 2688 in
731 2651 783 2687 6⁰.
804 2653 843 2688 L.
862 2651 905 2687 27
927 2652 962 2688 h.
983 2656 1004 2688 l.
1024 2651 1060 2690 ff.

277 2721 290 2740 ⁵
317 2721 367 2758 Cf.
388 2721 516 2759 Rmrr.
535 2722 560 2764 Ι,
581 2722 625 2765 ΙΙ,
644 2722 690 2759 ad
707 2732 743 2759 n.
762 2722 842 2760 509.

279 2791 292 2811 ⁶
319 2793 356 2829 L.
375 2791 432 2838 26,
451 2791 509 2836 27,
529 2793 563 2829 h.
584 2798 606 2829 ῑ.
626 2792 661 2829 ff.

278 2863 290 2882 ⁷
317 2864 356 2900 L.
374 2862 419 2900 91
438 2865 484 2902 de
505 2865 545 2902 R.
565 2865 637 2903 lur.
654 2864 691 2901 ff.

277 2934 291 2954 ⁸
317 2936 356 2972 L.
377 2935 407 2980 1,
424 2940 439 2977 ἐ
458 2936 519 2973 sed
532 2937 563 2973 si
577 2937 707 2974 sciente
730 2936 777 2974 20
795 2938 846 2974 De
867 2937 1015 2974 exercit.
1034 2938 1169 2974 action.
1202 2939 1244 2974 D.
1271 2938 1400 2975 Thom.
1434 2938 1475 2974 la
1506 2936 1590 2980 2²0,
1605 2937 1663 2982 96,
1680 2938 1712 2980 6,
1734 2938 1781 2974 ad
1798 2936 1831 2973 2.

277 3006 290 3025 ⁹
315 3006 382 3054 Op.
401 3008 476 3045 etl.
496 3018 528 3045 c.

266 3076 294 3096 ¹⁰
320 3077 433 3115 Clam.
454 3078 471 3114 1
491 3079 536 3116 de
553 3079 658 3117 elect.
