2176 3386
765 182 895 211 mul-:R
925 182 949 210 1.
983 182 1041 210 DE
1071 180 1264 211 emmas
1827 170 1907 210 293

121 289 257 334 aliam
292 287 534 335 ecclesiam
569 288 760 333 clericos
806 289 1088 343 transferre,
1123 286 1485 346 iuripatronatus
1522 288 1737 357 ecclesias
1772 287 1908 333 subii·

122 385 224 416 cere
257 375 345 416 etc.
383 376 504 416 Haec
537 370 661 416 enim
695 369 891 429 speciale
924 371 1195 415 mandatum
1231 369 1438 428 exigunt.

241 456 342 500 542.
382 455 546 499 Vicarii
581 454 818 501 Generalis
855 457 1055 512 potestas
1088 458 1238 512 potest
1269 454 1559 514 aliquatenus
1592 454 1800 513 ampliari
1838 455 1910 499 vel

123 539 334 598 restringi
363 540 420 584 ah
447 539 679 597 Episcopo,
707 538 825 598 quod
850 537 901 582 fit
923 537 1106 596 speciali
1142 538 1376 583 mandato.
1414 538 1616 597 Speciale
1639 539 1908 583 mandatum

122 623 290 682 duplex
323 636 420 667 esse
454 625 629 680 potest:
671 622 708 675 1)
745 621 866 665 aliud
899 625 967 664 est
999 621 1119 679 quod
1152 621 1256 666 data
1290 621 1531 666 occasione
1566 622 1810 681 Episcopus
1844 622 1908 666 vi-

122 705 246 751 cario
268 718 350 750 suo
371 705 532 749 tribuit
554 705 609 749 ad
632 705 813 764 aliquod
840 706 1066 764 peculiare
1091 705 1323 762 negotium
1353 705 1684 763 peragendum;
1722 707 1762 760 2)
1789 706 1911 750 aliud

122 788 240 847 quod
271 792 371 846 post
395 802 616 846 personae
639 787 986 846 deputationem
1010 788 1066 832 ad
1089 788 1289 833 officium
1315 788 1483 833 Vicarii
1506 788 1739 834 Generalis
1762 788 1911 834 eidem

127 872 369 931 Episcopus
403 871 508 916 folio
542 871 712 930 scripto
747 871 887 916 tradit
918 886 1008 931 quo
1042 872 1284 917 facultates
1315 871 1615 929 designantur
1661 885 1773 931 quas
1811 873 1912 930 Epi-

123 969 285 1013 scopus
322 954 498 999 Vicario
533 955 735 999 tribuere
775 955 990 1000 intendit.
1042 955 1200 1008 Quoad
1235 955 1434 1013 primum
1477 955 1749 1000 mandatum
1789 956 1911 1000 nulla

122 1037 367 1082 difficultas
399 1037 506 1082 oriri
543 1042 708 1096 potest,
747 1027 854 1082 narn
895 1037 1100 1082 Vicarius
1133 1038 1399 1082 mandantis
1433 1042 1637 1082 mentem
1678 1038 1913 1096 cognoscit

123 1137 179 1168 ex
215 1121 540 1168 commissione
574 1121 658 1166 sibi
682 1121 787 1166 data
812 1120 994 1166 etiamsi
1028 1135 1194 1165 cavere
1226 1121 1389 1165 debeat
1418 1135 1474 1165 ne
1498 1121 1668 1165 limites
1700 1121 1910 1166 excedat.

123 1207 249 1262 Quod
284 1220 395 1250 vero
429 1206 484 1250 ad
529 1205 723 1264 speciale
776 1206 1046 1250 mandatum
1098 1207 1298 1264 pertinet
1347 1207 1459 1251 haec
1493 1210 1715 1251 notentur
1747 1220 1914 1265 nempe

128 1292 167 1349 1)
203 1290 473 1348 Episcopum
512 1302 639 1347 posse
686 1289 769 1334 sibi
807 1303 1043 1334 reservare
1074 1290 1301 1349 quaedam
1341 1290 1522 1348 negotia
1556 1303 1672 1347 quae
1707 1289 1915 1334 Vicarius

124 1374 358 1419 Generalis
393 1373 436 1417 vi
473 1373 676 1418 mandati
721 1373 946 1430 generalis
971 1378 1121 1431 posset
1154 1388 1385 1431 peragere,
1412 1373 1474 1418 ita
1508 1377 1664 1418 tamen
1699 1379 1750 1418 ut
1790 1377 1911 1431 pote-

125 1462 219 1502 stas
254 1457 419 1502 Vicarii
456 1456 606 1501 inanis
640 1461 685 1501 et
710 1456 838 1515 quasi
872 1456 1071 1501 illusoria
1098 1471 1190 1501 non
1216 1457 1444 1501 reddatur.
1482 1458 1523 1512 02)
1552 1457 1752 1514 Speciale
1788 1471 1914 1501 man-

125 1541 282 1585 datum
324 1555 413 1585 non
461 1540 596 1584 debet
643 1541 912 1585 mandatum
961 1541 1173 1598 generale
1220 1541 1454 1586 destruere
1493 1541 1606 1586 adeo
1647 1546 1697 1585 ut
1737 1555 1917 1600 semper

125 1624 212 1669 dici
250 1624 386 1683 possit
410 1624 642 1670 Vicarium
667 1624 936 1669 Generalem
974 1625 1241 1669 facultatem
1276 1624 1628 1669 administrandi
1669 1624 1912 1670 dioecesim

127 1708 307 1753 habere.
351 1709 392 1764 5)
431 1708 618 1752 Etiamsi
654 1708 698 1751 in
734 1707 1031 1753 concessione
1066 1707 1265 1766 generali
1298 1708 1471 1753 dictum
1508 1708 1647 1753 fuerit
1687 1721 1814 1766 posse
1850 1708 1916 1752 vi-

125 1791 300 1836 carium
347 1791 561 1849 expedire
610 1805 726 1850 quae
770 1790 966 1850 speciale
1017 1790 1287 1835 mandatum
1334 1790 1553 1848 exigunt,
1598 1794 1754 1835 tamen
1805 1792 1917 1835 haec

127 1874 320 1918 facultas
367 1889 458 1918 non
502 1878 719 1919 censetur
756 1873 934 1918 Vicario
967 1887 1182 1919 concessa
1226 1877 1270 1930 a)
1307 1874 1410 1934 quia
1447 1874 1492 1918 in
1529 1874 1625 1918 iure
1658 1874 1762 1918 talis
1795 1875 1916 1919 clau-

125 1958 221 2002 sula
248 1957 384 2002 nimis
407 1957 631 2015 generalis
658 1957 853 2002 habetur
879 1958 889 1979 ²
924 1958 963 2011 h)
989 1960 1033 2001 in
1060 1956 1114 2001 iis
1135 1972 1253 2016 quae
1286 1972 1310 2002 a
1345 1957 1442 2002 iure
1466 1958 1763 2002 exhorbitent
1796 1957 1917 2001 clau-

127 2041 251 2085 sulae
284 2041 519 2098 generales
554 2041 664 2086 nihil
689 2046 849 2099 agunt.
886 2044 924 2097 c)
951 2041 1077 2094 Quod
1107 2041 1143 2085 si
1178 2041 1222 2085 in
1259 2042 1477 2085 mandato
1510 2041 1692 2100 aliquod
1725 2040 1918 2098 speciale

130 2124 364 2181 negotium
399 2123 665 2169 nominetur
696 2130 741 2169 et
774 2124 1017 2170 adiiciatur
1049 2125 1249 2169 clausula
1288 2146 1305 2165 ιι
1333 2140 1438 2169 eum
1472 2128 1666 2169 caeteris
1698 2139 1817 2183 quae
1849 2140 1918 2169 re-

127 2210 324 2266 quirant
344 2209 542 2265 speciale
567 2191 897 2253 mandatum}
936 2209 1143 2253 Vicarius
1167 2209 1347 2266 negotia
1373 2209 1558 2253 levioris
1584 2209 1681 2254 sive
1713 2209 1917 2253 eiusdem

129 2291 370 2346 momenti,
411 2305 500 2336 non
534 2306 644 2337 vero
677 2306 792 2351 quae
829 2292 1052 2350 gravioris
1086 2293 1308 2337 momenti
1341 2297 1450 2337 sunt
1482 2294 1699 2351 expedire
1734 2293 1915 2351 poterit.

249 2375 351 2419 545.
388 2374 554 2419 Vicarii
581 2375 815 2420 Generalis
842 2380 1042 2434 potestas
1074 2381 1221 2421 cessat
1260 2378 1295 2430 1)
1323 2376 1475 2435 elapso
1500 2382 1704 2435 tempore
1732 2376 1920 2421 delinito

129 2456 306 2515 quoties
350 2456 405 2500 ad
448 2460 630 2515 tempus
662 2458 836 2502 electus
871 2458 1029 2513 fuerit3
1079 2460 1120 2514 2)
1161 2464 1308 2504 morte
1346 2458 1550 2517 Episcopi
1584 2459 1682 2503 sive
1721 2458 1918 2503 naturali

130 2537 228 2583 sive
251 2538 377 2583 civili
412 2538 526 2584 idest
563 2539 765 2599 Episcopi
803 2540 1157 2586 renunciatione
1181 2543 1252 2586 vel
1287 2541 1570 2600 depositione
1593 2547 1682 2586 etc.
1719 2543 1760 2597 5)
1796 2542 1919 2586 Eius-

130 2622 234 2668 dem
268 2624 434 2667 Vicarii
469 2624 704 2669 Generalis
737 2638 951 2683 expressa
975 2626 1049 2670 vel
1083 2625 1221 2671 tacita
1247 2625 1623 2683 renunciatione3
1659 2627 1703 2683 4)
1733 2640 1919 2670 revoca-

130 2705 258 2750 tione
292 2706 593 2764 Suspenditur
625 2711 781 2770 autem
817 2706 985 2752 Vicarii
1020 2708 1256 2753 Generalis
1289 2713 1489 2766 potestas
1528 2710 1566 2766 1)
1599 2710 1918 2754 excommuni-

131 2788 327 2834 catione.
364 2790 437 2834 vel
470 2791 772 2848 suspensione
815 2790 1094 2836 nominatim
1137 2792 1414 2837 denunciata
1450 2793 1548 2837 sive
1584 2792 1722 2850 ipsius
1754 2793 1917 2838 Vicarii

130 2870 234 2916 sive
273 2870 478 2930 Episcopi
515 2886 607 2917 non
648 2887 759 2918 vero
803 2873 839 2919 si
878 2874 1154 2919 auctoritate
1195 2873 1430 2919 Pontificia
1471 2874 1679 2919 vicarius
1716 2875 1917 2932 existat;

135 2953 177 3008 2)
214 2954 418 3012 Episcopi
451 2954 593 3013 ipsius
627 2955 880 3001 voluntate.

252 3092 263 3112 ²
292 3093 377 3140 Cap.
403 3093 425 3130 4
451 3093 495 3130 de
513 3095 702 3132 procurat.
731 3095 769 3131 in
794 3095 842 3132 6⁰.
