2176 3386
494 209 624 237 LmER
654 209 677 237 1.
709 208 766 236 DE
795 207 934 237 REBus
963 207 1199 237 Eccm-:siAE
1227 207 1558 237 smm‘rUAmBus
1846 198 1921 238 187

133 314 303 360 dicitur
333 313 718 374 impedimentum
752 314 826 358 vel
857 313 964 374 quia
997 314 1191 359 omnino
1224 328 1317 360 non
1351 315 1665 382 cognoscitur,
1702 317 1776 362 vel
1813 315 1921 376 quia

132 396 426 456 cognoscitur
456 397 780 443 tantummodo
808 411 831 442 a
857 397 1014 456 paucis
1035 396 1149 443 viris
1180 397 1483 456 prudentibus
1504 397 1566 443 ita
1590 401 1642 442 ut
1663 398 1919 457 periculum

134 480 413 539 publicitatis
445 494 539 525 non
588 484 762 538 urgeat.
821 485 870 525 In
903 479 1007 537 foro
1049 486 1239 525 externo
1279 484 1414 526 Sacra
1451 481 1813 527 Poenitentiaria
1856 483 1920 528 fa-

132 564 354 609 cultatem
386 577 411 608 a
445 562 666 608 Pontiflce
699 563 837 608 habet
868 563 1162 621 dispensandi
1195 564 1231 608 si
1265 564 1320 609 de
1355 565 1699 623 impedimentis
1730 565 1923 624 publicis

132 646 412 705 dispensatio
444 647 502 691 ab
533 647 795 693 oratoribus
829 647 1103 705 pauperibus
1137 651 1334 706 petatur.

255 730 383 775 1007.
423 732 637 775 Attamen
671 730 1065 776 extraordinaria
1098 731 1155 775 de
1185 744 1332 776 causa
1359 732 1416 776 ad
1440 734 1482 776 S.
1511 731 1921 777 poenitentiariam

134 813 305 858 recurri
339 817 490 871 potest
524 818 621 857 tum
645 812 682 858 si
705 817 911 858 oratores
934 827 1026 857 non
1061 813 1154 858 sint
1188 827 1426 872 pauperes,
1465 829 1545 874 pro
1577 815 1923 874 impedimentis

133 896 355 954 publicis;
402 901 500 940 tum
535 910 615 954 pro
648 895 990 954 dispensatione
1024 895 1070 940 in
1105 897 1204 941 foro
1236 900 1431 942 externo
1465 898 1500 942 si
1535 897 1921 956 impedimentum

133 980 192 1026 sit
218 981 486 1037 occultum;
523 983 728 1025 attamen
763 979 1034 1024 Ordinarius
1066 993 1253 1025 causam
1287 981 1704 1027 extraordinariam
1739 984 1780 1026 S.
1807 984 1921 1027 Con-

133 1063 386 1122 gregationi
420 1063 680 1122 expendere
713 1063 864 1119 debet,
890 1077 936 1108 v.
963 1077 1029 1121 gr.
1067 1063 1102 1108 si
1138 1063 1244 1109 licet
1277 1064 1660 1123 impedimentum
1692 1065 1751 1109 sit
1772 1065 1922 1110 occul-

131 1151 231 1192 tum
279 1151 438 1191 tamen
491 1146 747 1191 necessaria
782 1146 842 1192 sit
874 1147 1155 1205 dispensatio
1204 1147 1345 1192 etiam
1385 1162 1473 1205 pro
1506 1147 1610 1205 foro
1642 1155 1833 1193 externo
1866 1149 1922 1194 ad

135 1231 348 1276 scandala
384 1230 573 1275 vitanda
606 1230 789 1290 quando
824 1230 1211 1289 impedimentum
1234 1231 1280 1275 in
1306 1232 1457 1290 populi
1493 1232 1706 1277 notitiam
1743 1233 1918 1278 veniat.

135 1316 191 1358 At
224 1313 351 1357 firma
389 1317 582 1358 manent
615 1313 712 1357 iura
748 1315 790 1357 S.
831 1312 1042 1358 Datariae
1077 1315 1156 1371 Ap.
1191 1315 1252 1358 ita
1287 1318 1338 1358 ut
1370 1314 1641 1359 Ordinarius
1689 1330 1921 1375 exponere

131 1395 295 1440 debeat
329 1395 558 1453 propriam
592 1398 828 1440 oratorum
861 1395 1172 1439 conditionem
1206 1401 1252 1440 et
1284 1401 1511 1455 quantum
1545 1398 1808 1455 expendere
1842 1412 1921 1444 va-

131 1479 272 1534 leant,
309 1479 429 1537 quod
461 1481 512 1523 in
550 1481 778 1524 Datariae
811 1491 956 1536 capsa
988 1482 1260 1524 remittitur.

255 1561 382 1606 1008.
419 1562 549 1615 Quod
582 1562 617 1606 si
651 1562 705 1606 de
738 1562 913 1606 duobus
957 1562 1301 1620 impedimentis
1334 1578 1406 1609 res
1438 1565 1497 1609 sit
1529 1580 1725 1625 quorum
1767 1581 1919 1612 unum

129 1647 187 1689 sit
215 1645 468 1701 publicum,
509 1645 643 1689 aliud
675 1645 920 1701 occultum,
956 1659 980 1689 a
1016 1647 1057 1689 S.
1098 1646 1280 1690 Dataria
1328 1647 1610 1706 dispensatio
1648 1649 1924 1708 impetratur

133 1728 188 1772 de
222 1728 432 1787 publico,
469 1732 514 1772 et
546 1728 763 1786 deinceps
810 1728 1090 1787 dispensatio
1135 1729 1190 1773 de
1238 1732 1419 1775 occulto
1454 1734 1495 1775 S.
1535 1732 1922 1779 Poenitentiariae

134 1814 306 1873 petitur
353 1813 484 1871 facta
536 1817 769 1858 mentione
817 1814 871 1858 de
910 1814 1251 1872 dispensatione
1294 1831 1318 1860 a
1353 1819 1394 1860 S.
1435 1816 1616 1861 Dataria
1651 1818 1705 1862 de
1741 1818 1921 1876 publico

131 1899 336 1943 obtenta.

254 1983 381 2028 1009.
420 1985 588 2027 Verum
613 1982 761 2042 quoad
795 1982 1161 2041 dispensationes
1183 1997 1300 2042 quae
1325 1998 1403 2042 per
1436 1987 1477 2029 S.
1506 1985 1918 2030 Poenitentiariam

130 2065 177 2109 in
211 2066 358 2110 forma
394 2078 645 2123 pauperum
680 2065 1015 2120 conceduntur,
1051 2065 1258 2124 quaestio
1291 2080 1315 2110 a
1350 2066 1606 2111 canonistis
1638 2068 1817 2112 institui
1852 2081 1921 2112 so·

130 2151 216 2196 let:
253 2150 359 2210 quid
393 2148 452 2193 sit
483 2149 729 2193 dicendum
762 2148 816 2192 de
850 2148 1192 2206 dispensatione
1225 2153 1275 2194 in
1311 2149 1470 2205 forma
1501 2164 1772 2208 pauperum
1812 2165 1919 2195 con-

131 2247 254 2278 cessa
290 2247 395 2278 cum
443 2245 601 2276 revera
646 2235 852 2276 oratores
893 2245 985 2276 non
1030 2232 1169 2277 fuisse
1205 2247 1426 2292 pauperes
1474 2236 1686 2279 constat?
1733 2236 1920 2279 valetne

130 2315 443 2374 dispensatio?
475 2318 608 2359 quta
631 2329 684 2359 ea
706 2328 823 2374 quae
847 2314 902 2359 de
931 2316 1257 2374 rescriptorum
1283 2317 1438 2361 valore
1473 2317 1648 2362 dictum
1683 2322 1768 2372 est,
1795 2322 1921 2364 certe

131 2398 299 2443 nullius
321 2403 390 2443 est
414 2399 581 2443 valoris
613 2398 893 2457 dispensatio
914 2399 1094 2458 quoties
1116 2400 1317 2457 obreptio
1341 2404 1386 2445 et
1407 2402 1639 2458 subreptio
1662 2416 1718 2446 ex
1744 2401 1921 2458 fraude

131 2496 187 2527 ac
219 2482 321 2526 dolo
352 2489 597 2527 oratorum
630 2484 864 2539 originem
894 2481 1080 2526 habeut.
1122 2486 1182 2527 De
1206 2483 1292 2527 hoc
1315 2483 1439 2527 nulla
1465 2483 1587 2528 inter
1609 2484 1820 2529 doctores
1852 2483 1919 2529 in-

131 2564 338 2610 stituitur
367 2565 590 2624 quaestio.
646 2567 702 2609 At
734 2564 769 2609 si
803 2579 932 2609 error
963 2579 1021 2609 ex
1054 2568 1337 2623 iquorantia
1384 2569 1464 2611 aut
1511 2569 1806 2624 inqenuitate
1853 2567 1918 2613 di·

132 2647 412 2704 manaverit,
447 2648 658 2693 doctores
690 2647 735 2692 in
770 2647 1002 2693 diversam
1036 2648 1209 2692 abeunt
1241 2649 1541 2694 sententiam.

255 2732 381 2776 1010.
418 2731 504 2786 Qui
537 2734 771 2776 affirmant
801 2732 960 2777 valere
992 2734 1134 2776 etiam
1168 2734 1218 2775 in
1252 2746 1366 2776 casu
1407 2732 1817 2790 dispensationem,
1855 2734 1918 2780 ita

131 2818 473 2873 argumentant.
498 2819 632 2860 quta
655 2814 914 2859 doctrinam
938 2814 1212 2859 canonicam
1235 2814 1290 2859 de
1315 2814 1564 2873 rescriptis,
1589 2815 1769 2874 quoties
1791 2830 1920 2861 error

131 2911 191 2942 ex
238 2897 496 2955 ignorantia
530 2897 576 2942 in
611 2910 798 2942 causam
842 2896 1137 2955 impulsivam
1186 2896 1333 2952 cadit,
1370 2897 1643 2956 rescriptum
1678 2899 1829 2954 valet,
1864 2913 1918 2945 eo

131 2980 236 3039 quia
270 2979 401 3024 firma
451 2984 611 3025 manet
643 2980 859 3024 voluntas
905 2979 1235 3034 concedentis,
1270 2979 1397 3039 atqui
1427 2987 1690 3038 paupertas
1727 2995 1823 3026 non
1855 2988 1920 3027 est

130 3074 275 3106 causa
309 3063 482 3106 motiva
513 3061 592 3106 sed
623 3062 877 3118 impulsiva
919 3074 1008 3120 qua
1051 3060 1319 3106 conceditur
1351 3060 1653 3119 dispensatio;
1689 3077 1796 3121 ergo
1829 3063 1917 3109 dis·

132 3144 340 3203 pensatio
375 3145 512 3190 valet.
566 3143 745 3190 Etenim
790 3147 1033 3203 paupertas
1056 3158 1150 3189 non
1174 3147 1243 3189 est
1275 3145 1363 3190 nisi
1398 3144 1514 3189 ratio
1546 3145 1792 3204 specialem
1828 3147 1917 3192 for-
