2176 3386
228 176 309 217 298
875 186 986 215 PARS
1015 187 1040 216 1.
1078 173 1135 215 ml:
1165 186 1376 215 PERsoms

231 292 421 347 virtute,
450 291 678 348 moribus,
714 291 923 337 doctrina
958 293 1313 350 praestantiores
1345 306 1459 348 esse,
1494 293 1568 338 lex
1602 295 1726 340 enim
1761 294 2012 340 tridentina

157 373 160 375 ’
229 377 387 422 multis
419 377 713 422 corroborata
736 376 1019 434 Apostolicae
1045 377 1169 422 Sedis
1189 377 1616 433 Constitutionibus,
1654 378 2012 437 nullatenuspa-

228 460 358 517 titur,
394 461 620 520 quoslibet
651 460 779 515 alios,
816 460 901 504 nisi
935 460 1165 518 digniores
1197 461 1253 505 ad
1288 460 1568 518 parochiales
1600 462 2010 521 ecclesiaspromo-

228 543 343 599 veri,
381 544 568 602 praevio
601 557 828 588 concursu
852 543 1140 602 solemnique
1164 544 1373 588 omnium
1398 544 1754 602 competitorum
1778 545 2010 602 examine,

228 640 384 671 coram
420 627 564 671 tribus
596 627 759 670 saltem
794 624 1190 670 examinatoribus
1223 626 1518 683 synodalibus
1558 631 1603 670 et
1642 640 1797 671 coram
1839 626 2014 673 dioece-

227 723 340 755 sano
375 709 594 768 Episcopo
630 710 701 755 vel
736 710 834 755 eius
870 709 1048 754 Vicario
1083 709 1294 755 Generali
1330 711 1601 768 peragendo.

345 794 449 854 3522.
488 794 553 838 Ab
586 794 672 838 hac
695 794 791 850 lege
821 806 1072 838 concursus
1106 793 1404 838 eximuntur:
1445 795 1482 850 l)
1512 795 1738 839 Ecclesiae
1771 795 1818 839 in
1851 794 2014 854 quibus

227 877 490 929 animarum
525 890 633 921 cura
667 881 842 934 spectat
869 877 924 920 ad
947 877 1190 922 ecclesiam
1224 876 1529 935 collegiatam,
1554 883 1600 922 et
1628 892 1737 922 cura
1771 881 2015 923 exercetur

229 974 308 1017 per
340 959 624 1005 Canonicum
661 960 733 1004 vel
766 960 907 1004 alium
941 959 1179 1004 clericum.
1215 964 1258 1016 2)
1289 960 1529 1015 Ecclesiae,
1558 960 1602 1004 in
1625 959 1790 1019 quibus
1812 974 1920 1005 cura
1943 963 2013 1004 est

228 1057 367 1100 penes
399 1042 676 1100 Capitulum,
713 1046 792 1086 aut
827 1043 1180 1098 monasterium,
1217 1043 1290 1087 vel
1323 1043 1521 1102 aliquam
1556 1042 1844 1100 dignitatem,
1874 1056 2012 1102 quam

228 1141 339 1171 vero
374 1126 575 1170 vicarius
607 1130 748 1183 gerat.
800 1127 842 1182 5)
874 1126 1072 1170 Ecclesia
1107 1125 1379 1184 parochialis
1411 1127 1589 1170 adnexa
1632 1126 1842 1184 dignitati
1886 1126 2015 1170 cuius

226 1211 319 1270 ipse
353 1210 575 1268 dignitate
609 1215 772 1254 auctus
805 1224 963 1255 curam
999 1210 1201 1268 suscipit.
1239 1212 1281 1265 4)
1311 1211 1351 1255 Si
1386 1210 1487 1270 quis
1523 1211 1833 1268 parochialem
1869 1211 2009 1256 eccle-

226 1295 340 1339 siam
377 1294 575 1352 resignet
607 1308 763 1338 coram
800 1293 1017 1339 Pontifiee
1056 1295 1100 1338 in
1137 1296 1343 1339 favorem
1379 1300 1530 1339 certae
1565 1308 1806 1353 personae,
1843 1294 1879 1339 si
1914 1309 2010 1353 per-

228 1378 423 1422 mutatio
457 1377 535 1421 liat
568 1376 792 1421 beneficii.
828 1378 869 1434 5)
894 1377 935 1420 Si
970 1377 1159 1422 ecclesia
1195 1377 1253 1421 sit
1288 1377 1397 1421 iuris
1431 1382 1700 1435 patronatus
1723 1376 1906 1422 laicalis.
1946 1377 2007 1422 Ad

226 1461 364 1505 haec:
403 1459 497 1517 lege
531 1473 782 1504 concursus
815 1459 1111 1504 eximuntur:
1159 1461 1199 1515 6)
1230 1459 1475 1504 Parochiae
1509 1459 1661 1517 exigui
1697 1459 1868 1503 reditus
1901 1460 1927 1503 i.
1966 1473 2005 1504 e.

225 1559 342 1604 quae
376 1559 467 1589 non
502 1544 736 1588 excedunt
768 1545 824 1589 20
857 1558 1020 1588 aureos
1052 1544 1106 1588 dc
1150 1548 1338 1589 Camera
1385 1543 1536 1601 (libell.
1574 1544 1757 1588 circiter
1795 1544 1891 1597 170)
1936 1543 2009 1586 de-

225 1627 374 1672 ductis
407 1628 635 1685 expensis.
674 1629 715 1682 7)
745 1631 902 1672 Novae
939 1628 1191 1686 paroeciae,
1227 1628 1304 1671 sed
1339 1627 1481 1685 prima
1509 1627 1608 1671 vice
1631 1631 1828 1671 tantum.
1862 1626 1903 1682 8)
1932 1629 2010 1670 Pa·

226 1710 379 1755 roccia
414 1710 554 1755 semel
587 1714 634 1755 et
667 1710 833 1754 iterum
859 1709 1102 1755 concursui
1138 1710 1363 1767 exposita,
1401 1709 1585 1754 nemine
1609 1712 1915 1754 concurrente
1938 1708 2012 1752 vel

227 1795 493 1853 approbato.
518 1797 688 1838 Verum
715 1793 886 1837 nullam
913 1807 970 1838 ex
996 1793 1064 1837 his
1087 1794 1297 1837 conferre
1320 1792 1425 1836 licet
1448 1791 1545 1836 sine
1569 1791 1785 1836 examine
1807 1790 2012 1848 exceptis

225 1876 429 1922 invicem
454 1876 745 1935 permutatis,
767 1881 812 1920 et
832 1890 890 1920 ne
913 1876 982 1920 his
1005 1875 1189 1934 quidem
1213 1874 1436 1932 exceptis,
1462 1875 1496 1918 si
1522 1874 1652 1931 longe
1675 1874 1827 1931 dispar
1848 1872 1906 1917 sit
1929 1887 2011 1916 nu-

225 1973 379 2005 merus
430 1959 692 2003 animarum
756 1960 991 2018 utriusque
1050 1958 1317 2015 paroeciae,
1359 1963 1438 2002 aut
1483 1957 1757 2002 beneficium
1799 1970 1892 2001 non
1935 1970 2010 2014 pa-

224 2042 423 2087 rochiale
456 2055 562 2086 cum
605 2042 853 2100 parochiali
899 2047 1186 2100 permutetur
1209 2043 1236 2086 ¹.
1297 2045 1579 2088 Concursum
1624 2041 1825 2085 indicere
1869 2039 2008 2084 solius

226 2126 432 2184 Episcopi
466 2131 559 2181 est,
594 2125 809 2184 quamvis
841 2125 1023 2170 collatio
1056 2125 1111 2170 ad
1145 2125 1286 2169 alium
1322 2124 1575 2182 pertineat,
1612 2129 1658 2168 et
1690 2123 1794 2168 sede
1828 2136 2003 2179 vacua,

223 2209 391 2254 Vicarii
416 2209 698 2267 Capitularis.

345 2293 447 2356 5}ss-
485 2296 580 2336 Iam
615 2293 811 2336 formam
846 2304 1098 2337 concursus
1130 2292 1186 2336 ab
1218 2291 1314 2350 ipso
1347 2291 1613 2335 Tridentino
1646 2289 1847 2334 Concilio
1880 2302 2007 2348 prae-

222 2375 441 2433 scriptam
482 2375 765 2434 ampliarunt
796 2390 849 2420 ac
882 2376 1176 2420 declararunt
1210 2374 1385 2419 Summi
1428 2372 1667 2418 Pontifices
1704 2375 1743 2417 S.
1779 2373 1882 2416 Pius
1918 2371 2003 2427 V2,

223 2458 433 2503 Clemens
461 2463 518 2503 xl
539 2459 552 2482 ³
586 2464 633 2503 et
666 2458 937 2503 Benedictus
972 2461 1067 2503 XlV
1088 2459 1117 2503 ¹⁸.
1153 2457 1427 2516 Praecipuae
1465 2470 1573 2501 vero
1605 2456 1690 2500 hac
1724 2456 1771 2499 in
1807 2469 1853 2499 re
1886 2454 2007 2511 leges

223 2547 358 2586 sunt:
398 2543 436 2598 1)
468 2541 671 2601 Episcopi
705 2542 826 2586 intra
860 2556 942 2586 sex
978 2555 1158 2586 menses
1190 2555 1216 2586 a
1249 2540 1320 2585 die
1355 2539 1609 2584 vacationis
1654 2538 1888 2595 paroeciae
1932 2536 2006 2581 de-

222 2626 350 2683 bent,
387 2627 422 2672 si
451 2626 642 2671 ecclesia
678 2640 771 2670 non
806 2625 1045 2670 vacaverit
1078 2625 1123 2669 in
1160 2623 1394 2669 mensibus
1418 2621 1700 2681 Apostolicae
1735 2620 1834 2665 Sedi
1862 2633 2004 2665 reser-

342 2833 351 2852 ¹
381 2832 451 2869 err.
478 2833 760 2868 RmFrENswEt.
788 2831 849 2873 111,
877 2830 909 2873 5,
939 2830 1018 2866 146.

340 2905 352 2922 ²
379 2905 501 2940 Const.
531 2903 574 2939 In
599 2902 818 2948 conferendis
847 2901 889 2937 15
908 2901 980 2938 kal.
1008 2911 1084 2947 apr.
1117 2901 1218 2938 1567.

342 2975 355 2995 ³
379 2977 450 3013 Per
476 2975 616 3011 litteras
643 2975 722 3011 Sac.
749 2973 882 3020 Congr.
909 2973 1012 3010 datas
1038 2973 1097 3010 die
1126 2973 1171 3011 10
1196 2974 1267 3009 ian.
1297 2971 1399 3009 1721.

341 3046 355 3066 ¹⁶
380 3046 504 3084 Const.
531 3045 624 3083 Cum
641 3045 743 3081 illud.
