2176 3386
245 169 327 208 244
890 177 1000 207 PARS
1029 178 1054 206 1.
1089 178 1146 206 DE
1175 176 1388 206 PERSOle

364 286 463 330 279.
505 289 565 330 De
594 284 799 343 personis
835 284 1150 344 quaerendum
1183 297 1301 343 quae
1333 283 1428 328 sint
1459 287 1505 328 et
1535 283 1593 329 ad
1628 284 1738 344 quid
1763 284 2026 331 teneantur.

249 368 341 412 iam
373 373 424 411 ut
455 381 480 412 a
523 367 671 426 primo
712 366 1030 421 exordiamur,
1073 365 1358 425 quadruplex
1398 380 1557 411 earum
1608 367 1773 424 gradus
1813 367 2032 412 constitui

248 454 414 509 potest,
450 450 496 495 in
529 465 725 510 quorum
759 450 904 508 primo
938 454 1006 494 est
1041 449 1312 507 Episcopus,
1360 448 1406 493 in
1441 448 1529 493 alio
1562 448 1623 504 ii,
1667 448 1745 508 qui
1787 454 1834 494 et
1875 449 2032 495 vocari

245 535 414 580 debent
446 541 492 580 et
523 535 679 580 adesse
713 539 958 591 tenentur,
995 534 1041 578 in
1076 534 1212 579 tertio
1235 533 1264 578 ii
1288 533 1365 593 qui
1389 532 1699 591 praetermitti
1726 537 1929 592 possunt,
1956 534 2034 579 sed

247 618 398 663 vocati
435 621 654 662 tenentur
685 617 867 673 adesse;
903 618 948 662 in
984 621 1148 675 quarto
1182 616 1210 660 ii
1243 617 1321 675 qui
1356 615 1540 660 nonnisi
1574 615 1846 675 quibusdam
1880 616 1927 661 in
1961 630 2034 662 ca-

249 699 373 744 sibus
404 700 459 744 ad
493 699 721 757 synodum
756 702 946 757 possunt
979 698 1206 756 compelli.

370 781 573 840 Episcopi
608 787 758 839 partes
794 781 839 826 in
873 795 953 826 sua
997 781 1174 839 synodo
1208 796 1265 826 ex
1299 782 1383 825 hac
1428 782 1621 826 formula
1675 781 1864 841 intelligi
1905 783 2035 828 facile

248 871 454 924 possunt,
488 865 608 925 quod
643 865 736 923 ipse
770 878 862 909 non
899 865 1031 909 modo
1054 864 1276 909 eiusmodi
1300 865 1464 920 synodi
1490 869 1560 909 est
1586 878 1791 923 praeses,
1817 866 1895 910 sed
1918 879 2037 911 unus

247 952 333 1003 est,
368 949 443 1007 qui
480 949 524 991 in
564 948 724 992 eadem
767 948 836 992 ius
884 947 1022 992 habet
1061 948 1234 991 ferendi
1270 947 1389 1005 leges
1422 953 1468 992 et
1500 949 1732 1007 quamvis.
1755 949 2037 994 adstantium

249 1031 491 1076 consilium
525 1036 760 1090 exposcat,
798 1045 890 1075 non
925 1035 1080 1075 tamen
1115 1031 1293 1089 cogitur
1326 1031 1433 1075 illud
1466 1031 1612 1090 sequi.
1650 1032 1780 1076 L'nde
1814 1033 2034 1092 sequitur:

250 1114 303 1157 ad
338 1127 443 1157 eum
470 1113 696 1170 pertinere
731 1127 822 1156 non
850 1112 983 1157 modo
1007 1113 1236 1171 synodum
1271 1113 1490 1169 indicere,
1517 1113 1648 1173 eique
1676 1127 1882 1170 praeesse
1902 1115 1934 1170 ¹,
1961 1129 2038 1160 ve-

251 1210 352 1240 rum
387 1197 526 1240 ctiam
562 1209 632 1240 res
664 1196 981 1240 deliberandas
1014 1211 1285 1255 proponere,
1320 1211 1486 1255 easque
1524 1197 1626 1253 (nisi
1677 1198 1731 1242 de
1772 1213 1819 1242 re
1859 1203 2036 1257 agatur,

251 1282 296 1325 in
331 1295 420 1337 qua
453 1280 645 1338 Capituli
679 1294 954 1324 consensum
991 1280 1088 1324 iura
1111 1280 1339 1337 exigunt),
1366 1280 1534 1325 auditis
1556 1283 1752 1326 aliorum
1778 1282 2036 1339 sententiis,

251 1377 332 1408 suo
363 1363 551 1408 arbitrio
585 1363 791 1417 delinire,
827 1363 1030 1422 adeoque
1062 1362 1246 1408 decreta
1279 1377 1361 1408 suo
1397 1359 1584 1408 nouline
1611 1364 1877 1420 inscribere,
1903 1369 1949 1409 et
1971 1379 2039 1410 so·

252 1448 344 1491 lum
378 1446 692 1504 subsignare?
729 1449 895 1491 Contra
933 1446 1044 1490 nihil
1080 1459 1206 1503 posse
1240 1451 1372 1491 extra
1405 1447 1690 1491 sententiam
1716 1447 1880 1505 synodi
1909 1447 2042 1506 (idest

229 1536 383 1601 ‘extra
417 1531 662 1589 synodum)
700 1536 780 1574 aut
812 1531 973 1574 saltem
1007 1529 1198 1588 Capituli
1233 1530 1531 1585 Cathedralis,
1570 1534 1809 1590 tamquam
1858 1531 2040 1588 synodi-

253 1630 357 1661 cum
391 1615 629 1659 decretum
666 1614 970 1672 promulgare,
998 1614 1084 1658 nisi
1119 1614 1234 1657 forte
1268 1617 1309 1658 S.
1347 1616 1510 1671 Congr.
1547 1616 1688 1659 Cone.
1721 1613 1944 1659 eiusmodi
1978 1615 2042 1659 vi-

254 1698 369 1742 tium
389 1702 520 1742 sanet
537 1698 569 1741 3.
601 1696 807 1740 Diximus
825 1702 1068 1754 tamquam
1085 1697 1360 1755 synodicwn
1380 1696 1650 1751 deerecmn;
1673 1695 1874 1741 vidimus
1897 1696 2039 1753 enim,

254 1781 526 1839 Episcopum
561 1780 702 1824 etiam
735 1784 866 1824 extra
900 1779 1129 1837 synodum
1165 1779 1331 1823 habere
1367 1778 1436 1823 ius
1468 1779 1642 1823 ferendi
1676 1779 1815 1837 leges,
1840 1779 2042 1838 adeoque

254 1863 434 1908 easdem
474 1876 601 1920 posse
634 1861 908 1906 auctoritate
942 1875 1022 1906 sua
1056 1861 1272 1906 indicere.

376 1951 480 1991 Post
516 1946 784 2004 Episcopum
819 1946 848 1989 ii
882 1950 1155 2004 sequuntur,
1180 1945 1257 2004 qui
1280 1950 1326 1989 et
1350 1944 1505 1990 vocari
1539 1945 1709 1990 debent
1731 1949 1777 1989 et
1799 1945 1954 1990 adesse
1978 1949 2042 1989 te·

255 2035 441 2074 nentur.
481 2030 531 2074 Hi
567 2044 676 2074 vero
709 2034 833 2084 sunt,
869 2028 990 2073 inter
1025 2042 1101 2073 eos
1133 2028 1210 2087 qui
1245 2027 1549 2073 iurisdictioni
1591 2027 1796 2086 Episcopi
1829 2029 2039 2072 subsunt:

257 2114 302 2170 a)
327 2113 369 2156 Si
402 2113 477 2171 qui
511 2117 620 2157 sunt
654 2111 863 2167 Praelati,
899 2125 978 2156 seu
1013 2111 1208 2156 Abbates
1251 2125 1343 2156 non
1390 2112 1596 2169 exempti
1640 2111 1738 2155 sive
1789 2112 2045 2156 saeculares

257 2196 353 2240 sive
388 2197 631 2253 regulares.
668 2196 706 2250 b)
734 2195 818 2249 Qui
853 2194 1125 2252 dignitatem
1160 2194 1347 2249 habent,
1384 2197 1463 2239 aut
1496 2198 1812 2252 personatum,
1848 2198 1927 2238 aut
1950 2195 2043 2238 offi-

256 2278 342 2322 cia.
378 2279 415 2334 c)
438 2278 655 2322 Canonici
694 2277 918 2321 Ecclesiae
951 2276 1246 2322 Cathedralis.
1284 2277 1329 2332 d)
1358 2275 1547 2321 Parochi
1592 2280 1639 2320 et
1687 2275 1853 2320 Vicarii
1897 2275 2043 2320 curati

259 2360 482 2420 perpetui,
517 2361 720 2416 adeoque
755 2374 846 2404 non
880 2360 935 2404 ad
970 2363 1135 2403 nutum
1167 2358 1453 2403 amovibiles.
1491 2360 1531 2416 e)
1555 2359 1728 2412 Quibus
1762 2358 2045 2403 consuetudo

259 2444 328 2489 ius
359 2449 496 2503 atque
529 2458 645 2489 onus
677 2443 899 2488 eiusmodi
932 2442 1110 2487 detulit.
1150 2439 1272 2486 [nter
1304 2455 1381 2487 eos
1413 2442 1490 2501 qui
1524 2456 1549 2487 a
1584 2442 1900 2487 iurisdictione
1947 2442 2045 2500 Epi-

258 2528 382 2586 scopi
423 2528 694 2573 eximuntur
735 2531 867 2572 sunt:
916 2528 960 2584 α)
999 2525 1185 2570 Parochi
1230 2526 1341 2570 alias
1374 2527 1576 2583 exempti
1614 2527 1712 2570 sive
1750 2525 1977 2584 regulares
2000 2526 2042 2583 '⁶;

381 2742 390 2760 ¹
420 2741 590 2779 vicarius
617 2742 798 2787 generalis
826 2741 1014 2788 synodum
1041 2750 1246 2778 convocare
1274 2746 1393 2786 potest
1420 2743 1564 2787 quoties
1592 2742 1638 2779 ad
1671 2743 1705 2779 id
1733 2743 1947 2780 mandatum
1981 2743 2047 2779 ha-

263 2816 342 2852 buit
368 2816 462 2851 sicut
489 2815 624 2852 decidit
650 2815 684 2851 S.
713 2815 748 2851 C.
776 2814 931 2850 Concilii
956 2813 977 2848 [ι
1004 2814 1082 2850 dec.
1114 2812 1215 2850 1655.

382 2886 394 2905 ²
420 2886 555 2922 Bened.
583 2886 668 2922 XIV
696 2886 745 2921 De
773 2885 902 2931 synod.
930 2885 1052 2920 Dioec.
1081 2884 1142 2920 lib.
1172 2884 1226 2927 15,
1252 2894 1332 2930 cap.
1364 2886 1379 2920 l
1410 2890 1445 2921 et
1471 2884 1507 2922 2.

384 2957 396 2976 ³
424 2958 557 2994 Bened.
586 2957 672 2993 XIV
698 2956 722 2992 l.
750 2965 781 2992 o.

383 3030 397 3050 ⁸
423 3030 519 3066 Trid.
546 3029 642 3066 Sess.
670 3027 802 3069 XXIV,
829 3027 915 3072 Cap.
942 3026 974 3061 ΙΙ
1000 3026 1044 3062 de
1072 3025 1159 3069 Ref.;
1186 3026 1274 3063 Ben.
1301 3026 1399 3069 XIV,
1427 3026 1495 3063 loc.
1523 3026 1597 3069 cit.,
1623 3036 1655 3062 c.
1672 3027 1703 3070 1,
1728 3036 1764 3062 n.
1790 3027 1823 3063 8.
1850 3037 1952 3074 seqq.
