2176 3386
718 230 902 272 LIBER-1.
937 229 994 258 DE
1023 228 1217 259 cmmms
1731 253 1734 260 .
1780 218 1859 258 227

22 364 25 365 ’
75 339 358 388 cessionibus
390 338 597 396 publicis,
632 337 679 382 in
713 335 999 382 tumulandis
1030 335 1277 391 defunctis,
1303 335 1350 380 in
1373 335 1621 381 deferenda
1641 335 1856 392 umbella,

22 434 26 435 ’
74 425 264 484 aliisque
296 423 521 469 similibus
545 423 575 467 ¹.

202 510 270 553 10.
307 507 464 561 Quoad
498 505 871 551 observationem
904 504 1082 549 dierum
1108 504 1329 549 festorum
1353 518 1411 549 ex
1435 503 1638 550 eiusdem
1662 504 1860 564 episcopi

77 595 319 651 praecepto
350 588 745 634 observandorum
765 588 796 632 ².

198 672 446 727 11.-Quoad
469 684 769 717 censurarum
798 670 1153 729 publicationem
1189 670 1449 716 faciendam
1472 686 1528 717 ex
1557 672 1775 717 mandato
1797 672 1862 717 di-

80 753 140 799 cti
172 753 368 811 episcopi
406 751 452 796 in
477 766 636 797 eorum
672 750 894 807 ecclesiis,
920 751 1281 810 earumdemque
1314 765 1612 797 censurarum
1648 752 1860 798 observa-

1 879 11 906 Ι,
77 837 269 891 tionem,
296 836 435 880 etiam
464 835 499 879 si
526 834 844 880 mendicantes
866 834 958 879 sint
977 835 1008 880 ³.
1046 838 1140 880 Nec
1164 835 1252 880 illis
1272 835 1549 895 suffragatur
1570 836 1861 883 confirmatio

0 913 3 919 ’
78 919 227 980 privil.
254 934 279 964 a
314 918 392 965 Pio
423 922 456 962 V
489 931 724 974 concessa,
759 932 865 962 cum
900 919 1084 964 redacta
1117 918 1177 964 sit
1199 919 1254 964 ad
1278 920 1504 965 terminos
1525 925 1662 967 Cone.
1682 921 1802 966 Trid.
1824 921 1857 965 ⁸.

199 1005 266 1049 12.
303 1003 460 1058 Quoad
494 1002 838 1048 observantiam
864 1003 1232 1059 interdictorum,
1258 1018 1375 1063 quae
1398 1004 1637 1062 episcopus
1665 1005 1863 1062 promul-

77 1087 254 1146 gaverit
277 1087 308 1143 ⁵,
343 1101 433 1146 quo
466 1087 748 1131 declaratum
785 1087 887 1141 fuit,
923 1086 1070 1131 teneri
1104 1087 1158 1131 ad
1195 1087 1377 1132 illorum
1401 1087 1746 1133 observantiam
1780 1088 1861 1133 mi-

77 1172 178 1216 lites
209 1170 669 1228 Hierosolymitanos‚
706 1183 759 1214 ac
793 1183 849 1213 ex
884 1169 962 1214 cit.
999 1168 1227 1214 Giennen.
1263 1174 1310 1214 et
1343 1170 1658 1215 Ventimilien.

198 1254 264 1297 15.
302 1253 458 1307 Quoad
490 1253 775 1308 solemnem,
819 1256 900 1297 aut
943 1252 1169 1310 publicam
1213 1253 1550 1311 expositionem
1599 1256 1670 1298 SS.
1709 1257 1861 1301 Sacra-

80 1338 221 1383 menti
255 1338 425 1396 absque
458 1335 655 1395 episcopi
692 1335 928 1380 lieentiafi.

199 1422 267 1466 14.
303 1420 461 1475 Quoad
495 1419 806 1465 retentionem
840 1418 1064 1478 lampadis
1096 1432 1318 1464 accensae
1361 1424 1469 1464 ante
1512 1419 1862 1466 tabernaculum

81 1507 151 1550 SS.
188 1502 473 1550 Sacramenti
498 1503 530 1559 ⁷,
568 1516 653 1547 nec
685 1503 853 1547 sufficit
886 1502 1010 1547 illam
1044 1515 1286 1548 accensam
1332 1502 1532 1547 retinere
1575 1503 1619 1547 in
1665 1504 1804 1549 choro
1828 1505 1859 1549 ⁸.

202 1588 268 1632 15.
305 1586 462 1641 Quoad
495 1586 799 1640 observanda,
836 1590 882 1630 et
914 1586 1133 1630 evitanda
1168 1586 1213 1630 in
1248 1586 1556 1631 celebratione
1601 1586 1860 1644 missarum,

81 1670 219 1716 etiam
255 1670 301 1715 in
336 1668 541 1715 ecclesiis
573 1683 760 1714 suorum
795 1668 1009 1713 ordinum
1032 1669 1065 1713 ⁹.

201 1755 267 1799 16.
305 1753 462 1807 Quoad
497 1752 834 1811 appositionem
869 1752 1078 1797 insolitae
1112 1752 1326 1810 imaginis
1360 1752 1404 1797 in
1438 1767 1598 1798 eorum
1642 1754 1862 1810 ecclesiis,

84 1850 307 1882 novarum
342 1836 637 1895 reliquiarum
673 1835 1036 1894 expositionem,
1072 1849 1125 1880 ac
1159 1850 1389 1881 novorum
1425 1836 1751 1882 miraculorum
1786 1852 1864 1896 pu-

82 1919 375 1965 blicationem
409 1919 508 1964 sine
542 1919 739 1977 episcopi
763 1918 1093 1977 approbatione
1114 1919 1163 1964 ¹⁰.

202 2169 210 2187 ¹
239 2168 329 2204 Eod.
357 2178 435 2214 cap.
462 2168 560 2204 XIII.

199 2240 212 2260 ¹
239 2240 323 2285 Cap.
353 2239 432 2275 XII.
460 2239 628 2276 eiusdem
656 2239 752 2276 Sess.
779 2239 896 2275 XXV.

200 2310 213 2330 ³
238 2311 305 2347 Cil.
333 2321 411 2357 cap.
440 2311 520 2354 Xll,
552 2311 662 2354 Trid„
688 2317 723 2348 et
750 2322 830 2357 cap.
856 2311 879 2347 8
905 2311 1078 2357 Episcop.
1105 2311 1149 2347 de
1176 2311 1267 2357 priV.
1295 2311 1332 2347 in
1359 2311 1392 2347 6.

202 2381 215 2401 '⁸
242 2383 346 2419 Decr.
376 2383 493 2428 (long.
524 2383 663 2420 Concil.
692 2383 728 2418 in
758 2383 924 2419 Giennen.
945 2384 1130 2419 Observat.
1149 2383 1341 2419 interdicti.
1359 2392 1485 2419 mense
1504 2382 1596 2419 Nov.
1618 2383 1708 2419 1584
1736 2383 1815 2428 (lib.
1844 2384 1866 2420 4

86 2453 179 2490 decr.
207 2463 289 2500 pag.
315 2453 350 2499 7)
378 2458 412 2490 et
446 2455 623 2491 Ventimil.
651 2455 736 2491 Dec.
766 2455 868 2499 1586,
895 2455 942 2491 ad
970 2455 1014 2491 18
1041 2455 1118 2498 (lib.
1144 2454 1178 2497 5,
1207 2464 1290 2501 pag.
1318 2454 1391 2501 72).

200 2523 213 2543 ⁸
239 2523 303 2560 Cit.
331 2533 410 2571 cap.
441 2525 484 2560 1⁶2
511 2531 547 2561 et
577 2525 807 2561 Clementina
836 2526 849 2561 Ι
876 2526 920 2562 de
947 2535 1027 2562 sen.
1053 2534 1235 2562 excomm.
1262 2531 1298 2562 et
1323 2535 1367 2562 ex
1395 2525 1493 2563 decr.
1523 2525 1655 2572 Congr.
1685 2526 1795 2562 Cone.
1828 2527 1865 2562 in

88 2593 427 2642 Caesarauqustana
453 2596 634 2633 interdicti
662 2597 702 2633 11
732 2597 807 2633 lun.
838 2595 940 2633 1695.

201 2665 215 2686 ⁶
242 2666 394 2703 Decreto
421 2667 555 2712 Congr.
583 2666 694 2704 Cone.
721 2668 835 2704 relato
862 2677 884 2704 a
909 2668 1073 2714 Fagnan.
1099 2668 1138 2704 in
1165 2678 1245 2714 cap.
1265 2668 1320 2711 19,
1348 2669 1478 2711 Grave,
1505 2668 1550 2705 de
1577 2668 1671 2705 offic.
1692 2668 1769 2705 Iud.
1789 2669 1865 2705 ord.

85 2747 123 2776 n.
146 2739 202 2784 77,
227 2743 262 2777 et
290 2739 456 2785 pluribus
485 2740 641 2776 decretis
668 2739 800 2785 Congr.
829 2740 949 2785 Episc.
976 2743 1011 2775 et
1037 2740 1124 2785 Reg.
1152 2749 1195 2776 ac
1222 2739 1330 2776 Cone.
1358 2739 1481 2776 relatis
1501 2750 1522 2776 a
1540 2741 1654 2777 Lumo
1679 2740 1863 2776 Famulus

86 2809 257 2858 Prompta
281 2811 464 2853 Biblioth„
491 2810 594 2846 verb.
619 2811 867 2854 Eucharistia,
895 2820 928 2847 n.
955 2810 1012 2847 57.

201 2882 216 2902 '¹
241 2882 402 2918 Trident.
429 2881 467 2918 in
496 2882 644 2919 decreto
671 2883 715 2918 de
742 2882 901 2919 evitand.
929 2883 967 2918 in
993 2882 1166 2919 celebrat.
1195 2882 1295 2919 Miss.
1324 2882 1420 2922 Sess.
1448 2882 1567 2919 XXII.

203 2953 223 2973 ⁸¹
241 2954 396 2991 Decreto
422 2953 555 3000 congr.
584 2953 733 2991 Riluum
760 2953 803 2990 21
833 2954 927 3000 Aug.
957 2952 1059 2990 1699.

204 3025 218 3044 ⁹
242 3024 309 3061 Cit.
334 3024 432 3061 Trid.
457 3025 535 3062 dec.
562 3029 596 3061 et
624 3024 758 3072 Congr.
785 3025 896 3064 Cone.
922 3027 961 3062 in
994 3025 1185 3062 Vercellen.
1210 3023 1255 3060 21
1283 3024 1402 3061 Martii
1432 3024 1535 3063 1645.

190 3093 219 3114 ¹⁶
245 3095 343 3133 Trid.
370 3096 408 3133 in
434 3096 584 3133 decreto
610 3096 655 3132 de
681 3096 804 3134 Iuvoe.
830 3101 867 3133 et
892 3101 1054 3133 venerat.
1080 3102 1149 3134 etc.
1177 3098 1274 3134 sess,
1301 3095 1420 3133 XXV.
