2176 3386
518 206 647 235 LIBER
676 206 700 234 1.
732 206 788 233 DE
819 205 956 234 REBUS
986 204 1221 234 ECCLESIAE
1250 204 1576 233 SPIRITUALIBUS
1887 195 1941 234 57

903 397 1082 442 CAPUT
1115 400 1189 441 IV.

644 517 705 552 DE
732 515 1055 554 SACRAMENTO
1080 516 1449 553 POENITENTIAE.

277 621 379 667 709.
418 622 731 667 poenitentiae
766 622 988 667 virtutem
1022 621 1209 681 eiusque
1244 623 1445 666 fructum
1480 621 1686 667 Christus
1723 621 1945 667 Dominus

155 705 265 749 ritui
299 719 323 750 a
353 718 399 750 se
434 705 646 750 instituto
684 705 920 763 alligavit,
955 719 1045 765 quo
1089 704 1446 750 christianorum
1497 708 1683 762 peccata
1711 700 1944 748 'clavibus

161 788 386 833 Ecclesiae
428 788 515 833 rite
563 787 766 833 subiecta
800 788 1045 833 solvuntur
1077 793 1123 833 et
1155 788 1290 846 lapsis
1325 792 1424 844 post
1459 787 1767 845 baptismum,
1803 786 1943 830 bene·

156 871 312 916 ficium
348 871 509 916 mortis
540 871 705 917 Christi
738 872 1007 930 applicatur.
1045 876 1139 917 Hoc
1171 885 1306 916 sensu
1352 870 1638 915 poenitentia
1673 874 1742 915 est
1774 883 1939 914 verum

157 965 209 996 ac
242 953 475 1011 proprium
514 956 668 997 Novae
705 952 831 1010 Legis
859 956 1207 997 Sacramentum
1230 951 1515 996 remissionis
1548 952 1740 1009 gratiam
1779 950 1943 1009 produ-

158 1048 267 1080 cens
289 1050 347 1080 ex
381 1050 516 1094 opere
549 1040 750 1093 operato.
793 1040 927 1080 Porro
962 1035 1278 1080 Poenitentiae
1302 1036 1652 1080 Sacramentum
1676 1033 1945 1079 christianis

156 1117 473 1176 peccatoribus
505 1117 814 1163 necessarium
849 1122 918 1163 est
952 1117 1226 1162 necessitate
1261 1116 1489 1175 praecepti
1523 1130 1576 1161 ac
1610 1115 1775 1171 medii,
1812 1115 1944 1160 illud·

156 1215 244 1260 que
278 1200 510 1259 proprium
545 1201 682 1245 habet
714 1206 765 1244 ut
800 1200 1065 1245 institutum
1100 1201 1159 1245 sit
1191 1201 1246 1245 ad
1282 1201 1469 1245 modum
1504 1200 1675 1245 iudicii.

906 1379 1139 1408 ARTICULUS
1173 1382 1200 1409 l.

410 1477 472 1518 De
504 1478 707 1520 Materia
740 1482 780 1519 et
818 1477 987 1519 Forma
1023 1477 1322 1520 Sacramenti
1356 1478 1689 1522 Poeniterttiae.

276 1594 375 1638 710.
415 1593 607 1639 Materia
631 1597 809 1638 remota
834 1594 1118 1638 Sacramenti
1144 1594 1456 1652 poenitentiae
1489 1599 1598 1639 sunt
1620 1599 1808 1654 peccata
1842 1599 1947 1654 post.

157 1676 435 1734 baptismum
485 1676 745 1722 commissa.
799 1679 1044 1721 Peccatum
1083 1691 1190 1721 vero
1223 1677 1259 1721 si
1293 1682 1362 1722 est
1404 1681 1582 1722 certum
1636 1682 1682 1722 et
1730 1679 1941 1735 mortale,

157 1765 226 1806 est
261 1761 451 1804 materia
487 1758 768 1804 necessaria:
806 1759 840 1803 si
866 1773 976 1804 vero
1010 1763 1078 1804 est
1103 1761 1299 1815 veniale,
1329 1761 1400 1804 vel
1426 1760 1617 1805 mortale
1651 1765 1731 1804 aut
1762 1761 1946 1806 veniale

157 1845 269 1890 alias
303 1843 388 1888 rite
420 1844 680 1888 confessum
715 1847 761 1887 et
794 1842 1072 1898 absolutum,
1108 1847 1176 1887 est
1210 1842 1402 1887 materia
1438 1842 1577 1888 libera
1614 1848 1660 1888 et
1692 1843 1942 1890 sufficiens.

156 1927 285 1982 Quod
318 1926 353 1971 si
387 1926 617 1971 incertum
652 1939 730 1970 seu
764 1925 952 1970 dubium
987 1925 1062 1981 sit,
1097 1930 1168 1970 est
1201 1925 1391 1971 materia
1428 1926 1725 1972 insufficiens.

279 2009 469 2056 Materia
494 2024 604 2054 vero
639 2009 847 2067 proxima
867 2013 975 2054 sunt
1001 2014 1132 2054 actus
1165 2010 1462 2068 poenitentis,
1487 2010 1564 2069 qui
1589 2015 1682 2055 tres
1717 2011 1813 2056 iure
1836 2025 1944 2056 cen-

157 2099 317 2138 sentur
350 2092 525 2138 scilicet
556 2096 788 2146 contritio,
823 2093 1047 2150 confessio
1080 2096 1127 2137 et
1156 2092 1430 2150 satisfactio.

279 2181 439 2222 Forma
473 2176 668 2236 denique
703 2176 837 2221 huius
879 2176 1157 2222 sacramenti
1202 2180 1270 2221 est
1305 2177 1525 2221 absolutio
1562 2177 1753 2222 iuridica
1789 2174 1945 2223 Sacer·

158 2259 291 2304 dotis.

787 2390 804 2436 ξ
831 2391 863 2426 1.
891 2411 936 2414 -
962 2391 1021 2426 De
1048 2391 1308 2427 Coum-itione.

277 2485 378 2530 711.
415 2485 542 2539 Quod
586 2485 639 2529 ad
691 2484 971 2544 poenitentis
1018 2489 1148 2530 actus
1180 2485 1406 2544 pertinet,
1443 2486 1588 2544 prima
1629 2486 1944 2544 poenitentiae

158 2583 287 2629 pars,
323 2583 466 2629 eaque
500 2567 691 2614 omnino
739 2567 994 2613 essentialis
1026 2573 1163 2624 atque
1203 2568 1463 2626 potissima,
1500 2573 1569 2613 est
1611 2569 1829 2614 contritio
1861 2584 1942 2615 seu

162 2673 181 2695 a
206 2652 349 2698 animi
373 2653 500 2697 dolor
532 2665 585 2697 ac
617 2651 861 2697 detestatio
884 2651 938 2696 de
962 2656 1150 2710 peccato
1183 2651 1429 2697 commisso
1462 2666 1568 2696 cum
1593 2653 1824 2711 proposito
1847 2668 1942 2699 non

157 2735 376 2795 peccandi
410 2736 464 2780 de
498 2740 650 2782 cetero
677 2754 716 2777 n.

281 2822 416 2863 Porro
448 2817 665 2863 contritio
702 2817 837 2862 debet
869 2831 966 2862 esse
1007 2820 1201 2863 interna
1242 2831 1322 2863 seu
1364 2831 1502 2874 vera,
1536 2819 1940 2876 supernaturalis,

155 2914 343 2946 summa
377 2905 423 2945 et
455 2901 756 2953 universali&-
783 2900 1064 2959 propositum
1100 2915 1211 2946 vero
1243 2901 1379 2945 debet
1409 2914 1506 2946 esse
1538 2902 1749 2960 firmum,
1781 2901 1946 2962 efficax

158 2987 205 3026 et
236 2984 520 3028 universale.
557 2983 779 3029 Generica
819 2983 1113 3028 contritionis
1146 2983 1272 3027 notio
1296 2982 1393 3028 iure
1418 2983 1462 3027 in
1483 2983 1745 3041 perfectam
1779 2987 1825 3029 et
1856 2987 1943 3028 im-

159 3063 419 3122 perfectam
442 3064 591 3124 specie
614 3065 912 3124 distinguitur
933 3080 991 3111 ex
1014 3065 1243 3110 distinctis
1264 3064 1414 3124 specie
1438 3065 1643 3122 motivis,
1669 3069 1807 3126 atque
1829 3065 1943 3111 adeo
