2176 3386
227 182 302 221 158
865 191 975 220 PARS
1003 192 1029 221 1.
1063 192 1120 220 DE
1148 191 1360 221 Pssnsoms

225 299 448 344 mulative
481 312 588 344 cum
626 298 844 357 Episcopo
879 299 1102 345 viciniore
1135 300 1361 357 habeant3
1401 303 1447 358 y)
1485 315 1701 347 exercere
1733 304 2002 351 facultatem

228 380 458 440 Episcopis
493 381 710 426 tributam
750 396 775 426 a
811 381 1078 427 Tridentino
1102 383 1114 405 ¹
1147 382 1413 427 absolvendi
1445 396 1471 428 a
1505 383 1776 430 criminibus
1812 387 2005 432 occultis

225 469 414 511 Summo
434 465 639 511 Pontifici
662 466 908 510 reservatis
925 466 957 522 2;
983 466 1027 523 Ιι)
1052 480 1270 511 exercere
1292 466 1656 512 iurisdictionem
1676 468 1720 513 in
1744 470 2001 527 Regulares,

223 563 361 609 quam
400 549 603 608 Episcopi
639 554 796 607 utpote
839 548 965 594 Sedis
1000 550 1284 606 Apostolicae
1325 549 1516 608 delegati
1551 556 1772 596 exercent
1795 551 1824 597 ⁸.
1870 553 1912 607 5)
1938 553 2007 597 Ob

225 632 453 692 peculiare
487 632 775 690 privilegium
813 633 1007 677 Abbates
1044 633 1305 690 Regulares‚
1339 633 1414 693 qui
1451 634 1497 678 in
1531 634 1785 679 sacerdotio
1817 639 1926 680 sunt
1958 639 2005 680 et

225 715 477 759 solemnem
512 715 568 756 ab
605 713 821 770 Episcopo
844 711 1213 758 benedictionem
1242 718 1537 772 acceperunt,
1562 720 1754 773 possunt
1784 715 1879 760 suis
1900 716 2004 760 sub·

225 798 332 842 ditis
365 802 603 841 tonsuram
640 802 686 841 ct
719 796 921 841 minores
954 796 1137 841 ordines
1169 798 1380 842 conferre
1405 797 1437 842 ¹⁶.

347 881 445 925 208.
473 884 533 925 De
551 879 769 924 oneribus
789 879 833 923 in
854 893 1021 937 genere
1044 880 1183 924 statui
1209 885 1357 938 potest
1374 881 1531 926 eadem
1558 881 1717 927 iisdem
1736 882 2005 928 incumbere

225 964 389 1023 quibus
426 963 627 1021 Episcopi
664 963 841 1007 ratione
865 976 1003 1007 curae
1026 962 1286 1007 animarum
1326 968 1559 1019 tenentur,
1594 965 1798 1024 adeoque
1831 979 1908 1010 eos
1938 970 2006 1010 te·

228 1049 323 1092 neri
358 1048 658 1105 obligatione:
696 1048 742 1103 α)
771 1046 1018 1102 residendi;
1055 1047 1094 1101 b)
1124 1046 1412 1103 praedicandi
1436 1047 1585 1106 quoad
1620 1051 1809 1104 possunt
1833 1061 1911 1105 per
1933 1061 2001 1104 se3

225 1137 262 1186 τ’)
290 1133 547 1179 celebrandi
587 1132 769 1177 Missam
797 1146 875 1189 pro
899 1131 1062 1189 populo
1087 1130 1278 1187 singulis
1299 1131 1458 1175 diebus
1482 1130 1608 1175 festis
1631 1130 1735 1175 licet
1757 1131 2005 1189 apostolico

227 1217 403 1261 indulto
437 1214 625 1260 sublatis
649 1215 685 1271 53
732 1215 776 1268 d)
808 1213 1022 1258 xisitandi
1055 1227 1186 1258 suam
1219 1214 1346 1272 quasi
1380 1213 1655 1269 dioecesim,
1690 1215 1809 1273 quod
1849 1219 2005 1259 tamen

231 1313 347 1344 onus
395 1313 644 1343 commune
677 1303 746 1342 est
780 1298 998 1342 PraelatiS
1047 1297 1216 1341 nullius
1263 1311 1368 1342 cum
1407 1297 1623 1356 Episcopo
1669 1298 1848 1354 vicino3
1900 1298 2008 1342 hinc

226 1382 483 1426 curandum
506 1381 571 1425 eis
594 1385 661 1425 est
695 1380 862 1439 nequid
890 1379 1091 1438 Episcopi
1126 1379 1321 1424 decretis
1358 1383 1490 1438 (quae
1509 1394 1689 1438 semper
1709 1380 2007 1438 praeferenda

226 1467 348 1521 sunt)
377 1464 662 1509 contrarium
692 1465 945 1507 decernant
969 1463 1000 1520 ὃ;
1031 1465 1068 1519 e)
1095 1463 1292 1522 denique
1318 1462 1533 1507 visitandi
1558 1476 1685 1507 sacra
1720 1463 1879 1507 limina
1905 1465 1934 1507 ⁷.

346 1550 445 1593 0209.
489 1553 548 1592 De
573 1548 756 1606 reliquis
778 1547 954 1591 duabus
990 1547 1299 1590 Praelatorum
1334 1546 1604 1591 inferiorum
1639 1546 1874 1604 speciebus
1896 1547 2008 1591 haec

225 1633 372 1690 quoad
409 1633 659 1690 legitimam
695 1644 853 1675 corum
887 1629 1130 1688 originem,
1168 1629 1529 1674 iurisdictionem
1554 1643 1606 1674 ac
1630 1643 1769 1674 onera
1803 1628 2008 1674 animad-

227 1716 419 1760 vertisse
453 1716 562 1759 satis
595 1715 666 1759 sit.

345 1799 482 1855 Origo
516 1802 613 1841 tum
666 1812 723 1841 ex
771 1797 1021 1855 apostolico
1071 1796 1338 1854 privilegio,
1376 1802 1473 1840 tum
1523 1795 1662 1840 etiam
1697 1811 1754 1840 ex
1790 1795 2006 1854 praescri·

229 1886 383 1942 ptione
415 1882 777 1942 quadragenaria
812 1895 903 1925 una
937 1894 1042 1925 cum
1077 1879 1209 1924 titulo
1243 1881 1444 1925 colorato
1476 1880 1635 1924 deduci
1672 1884 1819 1937 potest
1843 1879 1875 1922 ⁸.

348 1966 603 2011 Iurisdictio
628 1980 720 2010 non
746 1966 879 2010 modo
903 1964 1130 2010 limitatur
1152 1965 1299 2023 quoad
1334 1969 1480 2018 actus,
1515 1963 1591 2022 qui
1628 1963 1845 2008 Praelatis
1866 1963 2007 2007 etiam

229 2050 397 2094 nullius
431 2049 787 2103 interdicuntur,
826 2062 986 2092 verum
1021 2048 1160 2092 etiam
1195 2047 1343 2106 quoad
1378 2046 1474 2091 illos
1510 2045 1587 2104 qui
1620 2059 1645 2090 a
1678 2044 1878 2090 Concilio
1917 2044 2009 2088 'rri-

227 2134 418 2178 dcntino
467 2134 573 2178 solis
618 2132 872 2177 ordinariis
910 2131 1130 2176 reservati
1177 2134 1316 2184 sunt,
1352 2130 1555 2188 adeoque
1605 2128 1821 2174 Praelatis
1868 2128 2006 2172 etiam

230 2217 399 2260 nullius
433 2230 483 2260 ca
520 2215 696 2260 ratione
721 2215 1070 2273 permittuntur,
1095 2213 1215 2273 quod
1249 2212 1343 2257 veri
1377 2215 1627 2258 censentur
1647 2210 1894 2266 Ordinarii‚
1919 2223 2009 2269 quo

228 2298 412 2358 quidem
450 2298 654 2351 nomine,
691 2297 720 2340 ii
753 2297 807 2341 de
841 2296 1005 2355 quibus
1028 2310 1152 2340 nunc
1175 2294 1352 2352 agimus
1384 2292 1599 2353 appellari
1635 2296 1894 2352 nequeunt;
1933 2295 2010 2336 Po-

230 2385 371 2425 testas
405 2382 566 2425 borum
605 2381 910 2438 praelatorum
960 2393 1052 2424 non
1101 2378 1253 2422 differt
1284 2392 1308 2422 a
1345 2381 1568 2435 potestate
1607 2375 1893 2434 superiorum
1927 2378 2011 2419 Re-

350 2566 356 2584 ¹
388 2567 474 2612 Cap.
502 2567 622 2602 Liceat
650 2565 746 2601 Scss.
775 2565 897 2600 XXIV
925 2565 969 2600 dc
997 2564 1076 2600 Res.

350 2638 361 2656 ²
389 2639 594 2674 FAGNANUS
623 2637 660 2672 in
686 2646 764 2682 cap.
792 2636 834 2671 21
864 2637 908 2672 dc
936 2642 1027 2672 sent.
1054 2645 1234 2672 excomm.
1262 2645 1297 2670 n.
1325 2633 1382 2670 52.

348 2709 360 2728 ³
389 2708 592 2754 Gregorius
626 2709 693 2744 XV
721 2709 758 2743 in
784 2711 900 2744 const.
927 2707 1178 2744 Inscrutabilis
1206 2706 1228 2742 5
1255 2706 1347 2742 sehr.
1377 2703 1479 2741 1652.

348 2781 361 2801 ⁸
387 2780 498 2817 Cone.
526 2780 621 2816 Trid.
650 2780 746 2816 sess,
775 2780 910 2824 XXIII,
938 2779 1031 2825 cap.'
1052 2779 1096 2821 X,
1124 2779 1167 2814 dc
1195 2778 1270 2815 Ref.

348 2854 360 2874 ³
387 2854 461 2890 Leo
489 2853 575 2889 XIII
602 2856 722 2888 const.
751 2852 794 2887 In
821 2852 1010 2898 Suprema.

348 2925 361 2945 ⁸
386 2926 513 2962 Parus
540 2924 579 2960 in
605 2927 724 2960 const.
750 2922 891 2959 Callisti
918 2921 979 2964 111,
1006 2925 1094 2958 sect.
1124 2920 1155 2957 1.

348 2997 361 3016 ⁷
387 2997 609 3034 Benedictus
637 2995 723 3031 XIV
750 2998 869 3031 const.
899 2993 1001 3037 Quod
1026 2994 1152 3029 sancta
1178 2991 1222 3027 27
1250 3000 1336 3027 nov.
1365 2989 1468 3026 1740.

348 3069 361 3090 ⁸
387 3069 514 3105 Perna
540 3067 561 3104 l.
589 3077 620 3103 c.
646 3066 766 3118 ⁰2²⁶·

2161 937 2176 951 ι
2157 878 2176 928 *hu*
2157 840 2176 873 ,Μ

2158 1293 2176 1319 «Ὠ
2152 1189 2176 1276 ⁴¹stuli.
2151 986 2176 1172 mhfrz'QnM
2150 957 2176 970 2¹·
