2176 3386
255 157 314 197 74
931 167 1042 197 PARS
1071 168 1113 197 11.
1150 167 1208 196 DE
1238 166 1376 196 nunus

263 278 315 322 R.
341 279 393 320 P.
426 275 619 333 speciali
650 274 782 319 modo
814 276 1085 330 reservatis,
1129 273 1236 333 quia
1270 274 1382 318 haec
1415 272 1630 331 obligatio
1672 287 1764 319 non
1798 273 1939 319 afficit
1969 273 2048 334 qui

259 362 449 418 peccata
485 362 719 403 reservata
754 358 827 402 vel
859 355 972 402 alias
1003 367 1222 402 censuras
1254 356 1427 401 habent
1452 357 1481 401 ¹.

381 443 483 487 751.
523 445 661 486 Extra
696 440 856 486 mortis
888 439 1165 496 articulum,
1200 443 1384 484 tantum
1418 444 1609 498 possunt
1641 438 1812 485 directe
1844 454 1870 484 a
1903 453 2048 485 reser-

261 529 383 574 vatis
413 526 650 573 absolvere
686 525 779 584 ipse
813 537 1071 579 reservans,
1108 523 1391 570 reservantis
1424 523 1630 582 superior
1660 526 1707 568 et
1739 524 1796 568 ab
1827 523 2050 568 alterutro

256 613 516 670 delegatus.

382 696 484 740 752.
522 692 738 739 Monendi
774 696 882 736 sunt
913 689 1178 735 confessarii
1212 690 1334 750 quod
1365 688 1442 749 qui
1478 702 1636 734 casum
1670 692 1956 733 reservatum
2001 687 2047 732 in

264 778 443 838 propria
476 775 674 822 dioecesi
700 775 920 819 babentes
945 773 989 818 in
1014 773 1212 818 alienam
1237 772 1572 831 digrediuntur,
1610 772 1654 816 in
1678 785 1766 830 qua
1800 784 1932 816 casus
1955 771 2049 829 ipse

263 877 355 907 non
390 866 460 907 est
493 864 772 914 reservatus,
810 857 914 901 illuc
947 856 1121 902 absolvi
1159 859 1347 914 possunt
1379 869 1402 899 a
1427 854 1711 901 Confessario
1743 853 1994 912 approbato
2013 852 2044 898 ².

263 949 363 990 Non
402 948 549 1003 potest
590 946 746 987 autem
789 940 962 986 absolvi
1007 940 1082 999 qui
1118 954 1170 984 eo
1206 942 1362 997 pergat
1394 940 1441 982 in
1477 937 1684 982 fraudem
1720 936 2046 981 reservationis

264 1029 310 1073 in
344 1042 424 1072 sua
458 1026 653 1071 dioecesi
692 1024 906 1083 vigentis,
942 1038 1021 1069 seu
1055 1024 1112 1069 ob
1149 1023 1447 1082 principalem
1479 1021 1617 1067 linem
1652 1021 1888 1066 obtinendi
1922 1021 2049 1065 abso-

262 1112 486 1157 lutionem
524 1109 791 1169 vitandique
826 1108 1046 1154 iudicium
1081 1108 1248 1167 proprii
1283 1107 1492 1166 pastoris,
1529 1121 1620 1151 non
1648 1120 1756 1151 vero
1790 1105 1826 1150 si
1849 1105 1937 1150 alio
1960 1105 2050 1150 fine

264 1196 370 1241 illuc
402 1195 654 1240 diverteret
687 1208 759 1238 ex.
787 1207 851 1251 gr.
890 1191 979 1237 line
1014 1191 1279 1237 confitendi.

384 1278 484 1322 755.
526 1277 602 1321 His
623 1290 740 1336 quac
763 1275 966 1320 diximus
988 1275 1137 1335 aliqua
1162 1280 1270 1319 sunt
1298 1274 1520 1329 addenda,
1551 1274 1606 1318 de
1629 1273 1793 1318 delicto
1817 1271 2052 1330 complicis

258 1366 310 1406 et
332 1361 386 1406 de
413 1365 599 1420 peccato
632 1360 731 1404 eius
754 1359 829 1418 qui
854 1358 1032 1417 accepit
1054 1359 1225 1403 donum
1250 1372 1274 1401 a
1303 1357 1596 1415 Regularibus
1626 1355 1861 1414 utriusque
1895 1367 2046 1399 sexus.

266 1539 456 1576 toleranda
482 1539 530 1575 sit
556 1537 739 1573 sententia
764 1545 904 1578 eorum,
931 1535 994 1581 qui
1021 1534 1165 1575 docent,
1193 1533 1379 1579 praeditos
1407 1531 1560 1573 indulto,
1589 1541 1661 1576 quo
1692 1533 1851 1566 arctatur
1888 1531 2051 1575 potestas

259 1609 481 1646 absolvendi
510 1608 733 1654 quibusdam
760 1607 911 1644 adiectis
951 1606 1251 1649 conditionibus,
1279 1614 1388 1650 posse
1415 1603 1522 1639 nihili
1562 1602 1680 1638 facere
1707 1602 1774 1638 has
1801 1601 2050 1637 restrictiones

265 1684 302 1715 et
331 1681 382 1717 uti
411 1681 488 1716 iure
515 1676 732 1715 communi?
758 1678 924 1714 Iamvero
951 1677 1040 1713 feria
1068 1676 1118 1712 IV
1145 1676 1204 1713 die
1229 1675 1274 1711 25
1301 1675 1389 1711 iunii
1420 1673 1522 1716 1886,
1552 1673 1632 1709 Effii
1651 1682 1694 1708 ac
1713 1672 1795 1709 Rffii
1814 1672 1942 1708 Patres
1969 1670 2050 1707 Car-

265 1753 407 1788 dinales
435 1753 472 1787 in
500 1751 609 1788 rebus
636 1751 738 1787 Fidei
760 1750 957 1787 Generales
984 1749 1237 1795 Inquisitores‚
1258 1746 1517 1793 suprascriptis
1537 1746 1659 1782 dubiis
1686 1750 1827 1781 mature
1846 1745 2050 1791 perpensis,

267 1825 568 1871 respondendum
595 1828 835 1859 censuerunt:
873 1822 929 1858 Ad
957 1822 1008 1858 1¹¹¹
1035 1825 1172 1857 attenta
1211 1820 1311 1865 praxi
1340 1820 1375 1855 S.
1402 1818 1713 1855 Poenilentiariae
1751 1817 1965 1863 praesertim
2003 1816 2051 1852 ab

265 1896 363 1934 edita
389 1895 662 1932 Constitutione
690 1894 906 1940 Apostolica
931 1904 959 1930 s.
986 1903 1033 1929 m.
1062 1892 1116 1928 Pii
1145 1892 1195 1927 IX
1222 1900 1315 1937 quae
1343 1890 1472 1936 incipit
1509 1903 1522 1920 α
1542 1887 1777 1934 Apostolicae
1803 1887 1906 1924 Sedis
1925 1900 1938 1917 ι
1978 1885 2051 1922 Ne-

267 1967 402 2012 gative.
442 1966 498 2002 Ad
525 1966 576 2001 2¹¹¹
604 1964 841 2008 affirmative;
880 1968 915 2000 at
943 1964 979 1999 in
1003 1963 1153 2000 casibus
1181 1972 1262 1998 vere
1302 1960 1600 2007 urgentioribus,
1630 1959 1666 1995 in
1692 1957 1829 2004 quibus
1867 1955 2051 1993 absolutio

266 2037 404 2074 differri
432 2043 592 2083 nequeat
618 2037 759 2082 absque
788 2036 950 2082 periculo
978 2035 1099 2081 gravis
1128 2034 1291 2070 scandali
1321 2033 1376 2070 vel
1405 2032 1589 2074 infamiae,
1617 2039 1727 2076 super
1752 2039 1826 2075 quo
1858 2027 2053 2064 Confessa-

267 2110 408 2146 riorum
435 2109 664 2145 conscientia
690 2112 873 2147 oneratur.
892 2107 971 2143 dari
991 2117 1100 2152 posse
1127 2106 1413 2147 absolutionem,
1433 2103 1607 2140 iniunctis
1634 2102 1678 2138 de
1706 2101 1783 2138 iure
1804 2098 2052 2145 iniungendis‚

263 2192 285 2218 a
314 2181 484 2218 censuris
510 2181 621 2217 etiam
649 2180 803 2225 speciali
832 2180 940 2216 modo
968 2179 1119 2215 Summo
1147 2177 1317 2214 Pontifici
1345 2175 1557 2219 reservatis,
1576 2174 1644 2211 sub
1665 2182 1783 2219 poena
1809 2176 1930 2208 tamen
1956 2171 2052 2207 rein-

267 2254 450 2290 cidentiae
479 2253 516 2288 in
542 2252 691 2289 easdem
718 2261 904 2294 censuras,
933 2250 1003 2286 nisi
1031 2249 1162 2286 saltem
1190 2249 1283 2284 infra
1310 2257 1476 2284 mensem
1507 2256 1570 2292 per
1596 2245 1791 2291 epistolam
1817 2248 1852 2280 et
1880 2253 1943 2289 per
1977 2253 2053 2280 me-

265 2324 370 2360 dium
396 2322 618 2360 Confessarii
646 2321 838 2358 absolutus
865 2325 1026 2357 recurrat
1053 2320 1099 2356 ad
1141 2319 1174 2355 S.
1206 2319 1347 2355 Sedem.
1382 2317 1438 2354 Ad
1465 2317 1516 2352 5¹¹¹
1545 2316 1734 2363 provisum
1766 2315 1804 2350 in
1830 2313 2053 2360 praeceden-

267 2397 378 2432 tibus.
406 2395 509 2432 Feria
537 2395 585 2430 IV
611 2395 669 2430 die
697 2393 743 2430 50
771 2393 865 2429 lunii
894 2392 996 2428 1886.
1024 2392 1159 2429 SSi'nus
1187 2390 1452 2427 resolutionem
1480 2389 1656 2425 Effiorum
1685 2387 1752 2423 ΡΡ.
1772 2385 1992 2432 adprobavit
2017 2388 2051 2420 et

266 2467 513 2504 confirmavit.

388 2539 397 2559 ²
426 2538 638 2575 Notandum
666 2537 749 2574 lieic
775 2541 829 2574 est
855 2536 952 2582 quod
981 2537 1010 2571 si
1037 2537 1120 2581 quis
1149 2535 1246 2571 bona
1273 2534 1342 2570 tide
1369 2533 1587 2575 confitetur,
1615 2532 1786 2568 nesciens
1820 2539 1927 2566 suum
1968 2537 2053 2574 pcc-

263 2618 391 2649 catum
418 2621 498 2647 esse
526 2615 765 2651 reservatum,
792 2608 851 2644 vel
878 2607 1072 2644 confitetur
1098 2606 1196 2652 apud
1222 2605 1507 2647 Confessarium,
1535 2603 1599 2649 qui
1630 2602 1747 2640 nescit
1773 2610 1902 2637 casum
1930 2600 2052 2646 ipsum

266 2694 350 2720 esse
377 2686 623 2724 reservatum,
652 2681 748 2717 bona
776 2679 864 2716 sides
890 2682 1052 2720 excusat,
1080 2678 1143 2714 sed
1170 2677 1346 2722 relinquit
1373 2685 1467 2713 onus
1498 2674 1652 2711 sistendi
1679 2683 1717 2709 se
1750 2671 1960 2718 Superiori,
1987 2670 2051 2707 ubi

269 2764 371 2790 error
410 2752 650 2799 inculpabilis
690 2751 900 2788 cessaverit.
939 2750 1008 2794 Qui
1036 2759 1120 2786 vero
1158 2748 1351 2784 consessus
1382 2751 1438 2783 est
1464 2750 1655 2793 peccatum
1694 2749 1918 2781 reservatum
1955 2742 2054 2789 apud
2116 2740 2140 2798 ἦ

270 2825 543 2863 confessarium
562 2824 763 2860 habentem
781 2827 1000 2868 potestatem
1028 2820 1243 2857 absolvendi
1262 2830 1284 2856 a
1303 2819 1509 2862 reservatis,
1535 2818 1603 2854 etsi
1630 2817 1755 2854 fecerit
1780 2815 2053 2852 confessionem
2119 2798 2127 2802 ⁴
2165 2798 2176 2803 “

270 2896 481 2938 invalidam,
509 2901 631 2932 tamen
658 2894 806 2940 cognita
834 2898 1002 2939 peractae
1030 2891 1277 2929 confessionis
1304 2890 1542 2933 invalidilate,
1569 2892 1688 2936 potest
1714 2898 1736 2925 a
1762 2887 1955 2925 Sacerdote
1988 2886 2055 2923 ab·

271 2967 364 3004 solvi
391 2976 469 3017 non
495 2966 656 3003 habente
684 2969 899 3011 potestatem
930 2973 1038 3000 casus
1077 2966 1281 2999 reservatos
1314 2961 1542 3005 absolvendi,
1570 2961 1634 3007 qui
1661 2960 1760 3005 prior
1796 2957 2054 2995 Confessarius

270 3038 422 3075 sustulit
447 3038 748 3074 reservationem.

394 3109 407 3128 ²
434 3109 605 3146 Clemens
633 3109 678 3151 X,
704 3108 828 3145 Const.
848 3107 1020 3154 Super-na.
