2176 3386
475 235 604 263 Lmen
634 235 657 263 1.
694 235 750 263 DE
781 235 920 264 REBUS
949 235 1186 265 ECCLEsrAE
1215 237 1544 268 SPffllTUALIBUS
1581 249 1586 250 ν
1843 232 1906 271 ·17

847 439 1079 469 Αιιτιουιιιε
1112 441 1174 470 ιιι.

486 543 547 585 De
573 541 848 598 probatione
879 549 920 586 ec
951 547 1261 589 caeremoniis
1300 548 1540 603 Baptismi.

237 673 337 717 637.
374 672 641 732 Baptismati
675 673 1017 731 comprobando
1040 674 1177 719 unius
1209 675 1376 721 sufficit
1407 677 1747 734 testimonium,
1773 679 1901 723 dum-

112 754 254 799 modo
289 755 392 799 testi
426 760 505 799 aut
539 755 653 799 mari
687 761 767 800 aut
800 756 1001 801 feminae
1035 755 1148 801 lides
1189 757 1392 802 adhiberi
1438 760 1689 817 prudenter
1738 761 1899 819 possit,

107 842 195 881 aut
228 838 264 882 si
298 837 336 882 is
368 838 460 896 ipse
510 843 707 883 testatur
737 839 814 898 qui
846 839 1097 897 baptizavit
1122 841 1151 885 ¹.
1202 840 1243 885 Si
1290 842 1607 887 testimonium
1650 844 1704 888 de
1737 845 1902 889 collato

115 921 342 979 baptismo
375 921 433 966 sit
465 923 523 966 ab
556 922 741 966 homine
776 922 983 978 incerto,
1020 922 1174 967 infans
1207 924 1562 982 rebaptizandus
1603 926 1691 971 erit
1723 927 1902 973 adiecta

106 1004 411 1060 conditione,
445 1004 626 1049 etiamsi
661 1005 876 1050 schedula
909 1006 963 1050 de
997 1009 1209 1064 suscepto
1244 1006 1471 1065 baptismo
1504 1010 1624 1066 apud
1657 1011 1899 1068 puerulum

116 1089 409 1143 inveniatur,
445 1089 531 1133 nisi
566 1093 692 1133 certo
729 1092 883 1145 pateat
915 1090 1045 1134 cuius
1089 1103 1229 1134 manu
1271 1095 1458 1135 exarata
1493 1092 1578 1148 sit,
1614 1092 1747 1152 eique
1792 1093 1902 1139 fides

109 1173 215 1216 tuto
250 1171 469 1229 praestari
506 1171 661 1229 possit,
697 1176 778 1215 aut
809 1171 992 1216 aliunde
1027 1171 1342 1217 indubitatum
1376 1173 1646 1219 desumatur
1678 1176 1899 1221 indicium

109 1254 403 1313 baptismatis
436 1254 521 1299 rite
555 1255 702 1299 eidem
737 1255 888 1299 collati
915 1255 946 1299 ⁶².

236 1339 336 1382 658.
373 1339 530 1391 Quoad
553 1338 870 1384 caeremonias
898 1339 942 1383 in
968 1339 1195 1398 baptismo
1218 1341 1498 1387 adhibendas
1533 1343 1787 1387 notandum
1813 1348 1897 1397 est,

105 1421 235 1480 quod
269 1422 522 1479 baptismus
556 1423 627 1466 xel
660 1423 880 1467 solemnis
912 1427 981 1467 est
1008 1423 1075 1467 xel
1113 1424 1335 1482 privatus.
1374 1425 1587 1470 Privatus
1617 1426 1691 1471 ille
1713 1427 1897 1482 dicitur,

110 1505 162 1549 in
196 1519 286 1565 quo
322 1505 442 1549 nulla
490 1505 576 1550 alia
626 1506 917 1551 caeremonia
952 1522 973 1551 a
1014 1507 1179 1551 Rituali
1231 1523 1421 1553 romano
1463 1510 1738 1568 praescripta
1774 1511 1900 1555 adhi-

112 1589 275 1643 betur,
313 1588 398 1633 nisi
430 1589 602 1632 ablutio
647 1589 905 1647 baptizandi
940 1590 1092 1635 verbis
1141 1592 1315 1637 formae
1351 1592 1561 1648 prolatis,
1599 1593 1652 1637 iis
1686 1593 1900 1638 videlicet

105 1685 232 1730 quae
266 1671 490 1728 baptismo
526 1672 622 1715 iure
644 1671 803 1717 divino
826 1677 935 1717 snut
968 1673 1242 1719 necessaria.
1283 1675 1508 1720 Solemnis
1532 1690 1642 1720 vero
1665 1682 1896 1734 censetur,

104 1754 296 1814 quando
331 1754 358 1798 ii
393 1755 670 1800 adhibentur
704 1756 818 1800 ritus
849 1771 902 1801 ac
935 1758 1271 1813 caeremoniae,
1297 1772 1409 1817 quas
1442 1760 1618 1804 Rituale
1654 1775 1898 1806 romanum

112 1842 344 1882 memorat
375 1842 587 1896 acceptas
619 1843 665 1883 et
697 1840 969 1898 approbatas
1001 1840 1058 1884 ab
1090 1841 1337 1898 apostolica
1371 1845 1418 1885 et
1450 1843 1765 1888 x‘etustissima
1808 1849 1898 1888 tra-

106 1921 288 1966 ditione
323 1922 476 1978 suisse,
500 1927 546 1966 et
568 1923 624 1968 ad
658 1922 754 1967 eius
781 1923 1122 1969 solemnitatem
1160 1924 1405 1982 pertinere.
1447 1931 1654 1971 [amvero
1680 1927 1760 1972 hos
1787 1928 1900 1973 ritus

114 2019 208 2049 non
243 2004 349 2049 licet
381 2006 611 2061 omittere,
650 2006 734 2051 nisi
768 2020 903 2051 causa
939 2008 1243 2063 necessitatis,
1279 2009 1399 2067 quod
1431 2010 1615 2068 quidem
1652 2013 1693 2055 S.
1721 2012 1771 2056 F.
1799 2015 1895 2072 Inq.

43 2080 47 2089 ’
104 2089 300 2134 oraculo
333 2103 413 2135 suo
447 2090 742 2135 confirmavit
774 2090 845 2134 die
879 2091 934 2135 28
969 2091 1080 2136 febr.
1123 2093 1249 2137 1665.
1297 2096 1395 2138 Non
1431 2094 1578 2138 solum
1621 2099 1776 2140 autem
1817 2096 1897 2140 im-

115 2172 299 2218 minens
332 2176 492 2218 mortis
526 2173 777 2232 periculum
814 2178 963 2232 potest
994 2188 1092 2219 esse
1126 2189 1262 2220 causa
1299 2175 1500 2234 legitima
1534 2190 1610 2221 eas
1634 2177 1896 2234 omittendi,

115 2269 276 2300 verum
310 2255 449 2300 etiam
484 2256 571 2301 alia
605 2271 923 2316 quaecumque
959 2258 1242 2303 rationabilis
1264 2263 1308 2303 et
1333 2259 1503 2317 gravis,
1528 2273 1645 2319 quae
1680 2260 1900 2318 impediat

104 2340 381 2384 earumdem
423 2339 768 2384 observantiam
804 2345 851 2384 ut
886 2356 961 2385 ex.
999 2356 1064 2399 gr.
1101 2341 1137 2386 si
1174 2346 1355 2399 tempus
1389 2343 1580 2386 omnino
1613 2343 1820 2398 deficiat,
1862 2343 1898 2387 si

113 2421 254 2466 instet
287 2423 537 2480 periculum
573 2438 596 2467 a
633 2425 841 2481 paganis,
877 2426 913 2468 si
947 2425 1158 2470 sacerdos
1203 2439 1294 2470 non
1332 2426 1498 2470 habeat
1540 2440 1626 2471 nec
1658 2427 1898 2471 commode

106 2504 282 2550 habere
316 2503 456 2564 possit
487 2506 637 2551 oleum
671 2508 1133 2564 catechumenorum,
1160 2512 1373 2553 sanctum
1409 2508 1626 2564 chrisma,
1662 2510 1726 2554 sal
1760 2510 1896 2554 bene-

102 2588 311 2644 dictum,
346 2588 524 2648 aliaque
565 2591 838 2635 necessaria.
894 2595 941 2635 [n
991 2591 1060 2635 his
1108 2594 1265 2635 autem
1315 2590 1497 2635 casibus
1540 2592 1798 2636 monendus
1830 2597 1899 2636 est

118 2671 459 2728 Missionarius‚
494 2672 613 2731 quod
645 2672 682 2717 si
716 2686 809 2717 non
844 2686 1030 2729 omnes,
1066 2674 1144 2717 sed
1178 2674 1325 2718 solum
1358 2673 1535 2732 aliquas
1582 2673 1898 2718 caeremonias

102 2755 328 2800 adhibere
362 2755 517 2814 possit,
541 2769 646 2800 cum
682 2761 862 2815 tempus
895 2759 940 2801 et
972 2757 1152 2802 occasio
1181 2762 1438 2814 opportuna
1472 2755 1687 2811 adfuerit,
1712 2757 1895 2801 easdem

105 2838 188 2882 vel
211 2851 372 2883 omnes
389 2839 463 2884 vel
484 2852 597 2898 quas
618 2839 789 2895 omisit,
815 2840 862 2884 in
886 2840 1077 2886 ecclesia
1104 2840 1177 2884 vel
1200 2840 1400 2884 oratorio
1423 2839 1631 2897 supplere
1655 2844 1841 2884 tenetur
1864 2839 1893 2884 ⁸.

233 2970 243 2989 ¹
272 2971 406 3008 Bened.
434 2972 521 3010 XIV
548 2972 585 3008 in
609 2972 670 3009 cit.
698 2973 821 3009 Const.
848 2973 1034 3010 Postremo
1060 2983 1190 3009 mense.

233 3043 246 3062 ²
273 3043 308 3080 S.
335 3044 468 3090 Congr.
494 3044 605 3081 Cone.
631 3044 670 3080 in
698 3044 861 3082 Urbinat.
889 3044 932 3080 15
958 3045 1030 3081 ian.
1059 3043 1168 3088 1724;
1194 3044 1329 3080 Bened.
1356 3044 1442 3080 XIV
1472 3044 1508 3079 in
1535 3045 1659 3080 Consi.
1685 3044 1745 3081 cit.

234 3114 249 3134 ⁸
275 3115 310 3152 S.
336 3115 468 3160 Congr.
486 3117 595 3162 Prop.
614 3116 692 3153 Fid.
720 3115 762 3152 21
793 3117 863 3153 ian.
882 3115 971 3153 1789
997 3117 1043 3152 ad
1062 3117 1141 3153 Vic.
1163 3117 1231 3162 Ap.
1255 3116 1417 3153 Tunkini
1436 3115 1566 3159 occid.;
1593 3115 1744 3152 Collect.
1762 3126 1796 3152 n.
1816 3115 1898 3152 611.

232 3197 553 3230 ΖιτΕιιι-ὃοιιειιι.
577 3217 613 3221 -
631 3198 678 3231 ΙΙ.
1755 3203 1775 3232 2
