2176 3386
772 190 903 219 menn
931 190 956 218 1.
986 190 1043 218 DE
1073 188 1268 218 eLEmms
1836 176 1917 217 249

133 294 309 355 putatio
342 293 659 340 Ministrorum
691 293 898 347 Concilii,
934 293 1169 352 quisunt:
1207 293 1470 338 Praefectus
1493 291 1813 353 hospitiorum,
1837 291 1915 351 qui

131 377 308 424 clericis
339 376 693 422 advenientibus
726 377 916 421 honesta
950 376 1146 434 hospitia
1171 380 1329 435 paret;
1366 380 1607 421 promotor
1628 375 1817 433 Synodi,
1838 374 1915 435 qui

132 461 342 507 ce!eriter
373 474 426 505 ac
460 461 691 505 fructuose
724 461 878 505 omnia
915 459 1189 518 perficienda
1224 462 1378 514 curet;
1416 458 1712 514 Secretarins,
1747 457 1824 517 qui
1848 459 1916 502 fu-

130 549 261 597 turae
293 543 507 588 sessionis
538 544 740 604 edictum
774 543 892 601 affigi
928 547 1073 597 curet,
1109 544 1365 588 Canonicos
1396 541 1677 587 cathedralis
1718 546 1765 586 et
1809 541 1914 585 insi·

131 629 341 686 gniorum
376 629 726 685 Collegiatarum
759 632 868 672 ante
903 627 1096 685 primam
1131 627 1381 672 sessionem
1427 626 1705 671 nominatim
1750 639 1829 684 per
1868 639 1915 669 se

131 716 283 766 vocet,
321 711 560 756 inferiores
593 716 747 756 autem
782 711 972 756 clericos
1007 726 1086 770 per
1107 712 1301 766 socium,
1326 711 1566 756 schedulas
1590 724 1669 768 pro
1692 708 1916 754 scrutinio

130 809 210 841 seu
243 795 516 840 clericorum
551 794 766 839 examine
801 799 945 853 paret,
981 794 1179 853 denique
1215 797 1264 837 ut
1297 793 1455 838 ordine
1488 792 1644 838 onmia
1668 792 1798 847 fiant,
1823 796 1916 836 stu-

130 879 256 935 deat3
294 878 450 923 Socius
482 878 722 923 Secretarii
756 892 833 923 seu
870 879 1027 933 lector,
1062 877 1139 937 qui
1174 877 1342 935 Synodi
1377 877 1559 921 decreta
1593 878 1684 920 alta
1722 890 1832 920 voce
1856 875 1915 919 le—

129 967 232 1021 gat3
270 961 500 1017 Notarius,
535 962 611 1021 qui
646 963 859 1006 absentes
893 966 1039 1017 notet,
1075 975 1234 1006 eorum
1270 960 1478 1016 nomina,
1514 960 1591 1019 qui
1621 959 1722 1004 fidei
1747 959 1915 1018 profes·

130 1045 305 1090 sionem
342 1045 580 1100 emittunt,
616 1045 786 1089 scribat
820 1045 865 1089 in
901 1044 991 1089 [ine
1025 1045 1269 1089 cuiuslibet
1301 1044 1517 1089 sessionis
1554 1043 1607 1088 ad
1642 1042 1915 1087 instantiam

130 1127 440 1173 Procuratoris
473 1128 660 1186 Synodi⁷
696 1128 893 1187 denique
928 1142 1088 1172 eorum
1123 1141 1240 1187 quae
1274 1127 1458 1172 decreta
1492 1141 1544 1172 ac
1568 1131 1692 1185 gesta
1716 1129 1824 1171 sunt
1850 1125 1916 1169 in-

129 1215 439 1255 strumentum
475 1210 716 1268 conficiat3
756 1211 977 1256 Praefecti
1013 1211 1279 1268 Synodales,
1316 1211 1392 1271 qui
1426 1211 1618 1257 clericos
1640 1224 1803 1256 omnes
1824 1210 1915 1256 sin-

130 1295 317 1352 gulatim
352 1295 407 1339 ad
440 1308 487 1339 se
520 1300 774 1350 accersant,
812 1309 1063 1354 eorumque
1098 1294 1286 1339 vivendi
1322 1295 1549 1340 rationem
1575 1296 1826 1354 inquirant,
1852 1295 1915 1340 ita

130 1376 318 1431 scilicet,
357 1383 406 1421 ut
438 1377 627 1435 singulis
659 1377 882 1424 eiusmodi
921 1378 1168 1423 Praefectis
1201 1382 1325 1422 certa
1362 1392 1463 1436 pars
1497 1378 1603 1424 cleri
1629 1379 1676 1423 in
1700 1379 1914 1423 schedula

129 1476 153 1507 a
189 1462 440 1507 Secretario
474 1461 538 1507 eis
571 1461 755 1517 tradita,
791 1462 1073 1520 assignetur,
1112 1465 1386 1507 Procurator
1418 1462 1550 1518 Cleri,
1586 1463 1663 1521 qui
1705 1461 1915 1507 omnium

130 1545 318 1591 nomine
352 1560 403 1590 ea
435 1560 551 1604 quae
586 1545 740 1591 Clerus
773 1550 918 1605 optat,
956 1546 1011 1590 ad
1050 1546 1321 1604 Episcopum
1356 1548 1548 1602 referat;
1595 1546 1771 1591 ludices
1807 1560 1915 1605 que-

130 1627 327 1672 relarum
361 1633 407 1672 et
439 1628 810 1684 excusationum,
846 1629 923 1688 qui
958 1629 1298 1674 controx'ersias
1321 1630 1375 1673 de
1398 1629 1558 1674 ordine
1581 1630 1767 1675 sedendi
1792 1644 1915 1675 com·

130 1716 304 1769 ponant
337 1717 382 1756 et
414 1712 737 1757 excusationes
783 1727 874 1757 non
917 1712 1238 1758 accedentium
1282 1713 1570 1758 examinent.
1623 1715 1665 1770 5)
1694 1714 1915 1759 Professio

129 1794 230 1840 fidei
265 1810 290 1840 a
328 1796 633 1841 Beneficiariis
666 1797 917 1842 emittenda
953 1797 1028 1855 qui
1076 1797 1218 1857 prima
1266 1797 1366 1842 vice
1409 1799 1465 1842 ad
1506 1798 1742 1856 Synodum
1787 1811 1915 1843 acce-

127 1878 256 1923 dunt.
293 1881 335 1934 4)
366 1878 517 1923 Lectio
550 1879 841 1924 decretorum
875 1879 1065 1925 concilii
1101 1879 1354 1923 'tridentini
1388 1879 1442 1923 de
1478 1879 1767 1936 residentia¹3
1814 1884 1914 1924 tum

128 1960 266 2005 etiam
305 1961 593 2006 decretorum
628 1962 815 2007 Concilii
852 1963 1163 2020 provincialis,
1197 1965 1317 2023 quod
1353 1965 1469 2008 forte
1502 1967 1659 2008 actum
1707 1963 1916 2022 proxime

128 2044 200 2090 sit.
238 2048 283 2101 cl)
310 2046 467 2101 Quoad
499 2046 709 2090 ordinem
735 2060 887 2090 rerum
912 2046 1220 2104 agendarum:
1262 2048 1299 2101 1)
1328 2051 1378 2090 ut
1407 2046 1777 2102 constitutiones,
1802 2059 1916 2105 quas

133 2129 375 2187 Episcopus
406 2129 562 2174 audito
595 2129 801 2187 capitulo
835 2129 1033 2189 scripsit,
1070 2131 1283 2188 legantur
1315 2131 1450 2191 idque
1494 2129 1583 2186 ita,
1630 2135 1680 2174 ut
1719 2130 1913 2174 liberum

133 2212 348 2270 Episcopo
380 2213 440 2257 sit
471 2227 630 2257 eorum
663 2214 739 2272 qui
774 2215 942 2258 adsunt
974 2214 1255 2258 sententiam
1280 2214 1513 2274 requirere
1539 2214 1610 2259 vel
1633 2228 1752 2270 non3
1798 2214 1841 2269 2)
1865 2215 1916 2256 ut

130 2301 310 2353 peracta
344 2311 502 2342 earum
538 2298 733 2342 lectione
767 2299 900 2357 (quae
934 2302 1026 2343 tres
1070 2298 1189 2342 intra
1235 2298 1331 2343 dies
1376 2303 1426 2343 ut
1467 2299 1716 2357 plurimum
1760 2296 1914 2356 perfici

128 2379 277 2437 solet),
313 2379 416 2425 linis
449 2382 632 2439 Synodo
679 2381 960 2440 imponatur,
1008 2381 1241 2441 impertita
1282 2383 1339 2427 ab
1382 2382 1601 2441 Episcopo
1651 2387 1749 2425 tum
1793 2381 1914 2426 clero

128 2465 226 2507 tum
262 2464 425 2522 populo
457 2452 794 2521 benedictione,
829 2469 875 2510 et
907 2465 1208 2525 quadraginta
1241 2466 1420 2511 dierum
1454 2465 1738 2523 indulgentia
1763 2465 1819 2509 ab
1841 2478 1913 2509 eo-

127 2544 229 2590 dem
262 2561 493 2593 concessa.

246 2630 348 2674 285.
386 2633 615 2689 Superest,
640 2633 759 2692 quod
785 2638 1067 2691 postremum
1092 2637 1178 2689 est,
1205 2633 1427 2678 nimirum
1452 2633 1623 2691 Synodi
1649 2631 1911 2690 publicatio,

127 2711 181 2755 de
213 2726 300 2771 qua
337 2713 664 2772 inquirendum
697 2716 926 2775 quomodo
959 2715 1039 2762 fiat
1073 2721 1116 2760 et
1152 2716 1229 2776 qui
1263 2717 1322 2761 sit
1355 2716 1559 2762 eiusdem
1582 2716 1789 2761 effectus.
1828 2719 1909 2760 Ita-

127 2807 214 2852 que
247 2795 493 2852 pubticatio
525 2811 579 2842 eo
612 2799 745 2843 modo
779 2800 1034 2856 generatim
1072 2800 1280 2845 facienda
1315 2804 1400 2856 est,
1425 2799 1501 2859 qui
1525 2799 1756 2845 sufficiens
1777 2798 1836 2843 sit
1858 2797 1913 2842 ad

129 2874 417 2927 decretorum
440 2880 651 2924 notitiam
676 2879 958 2926 affcrendam
983 2881 1053 2938 iis,
1079 2896 1275 2941 quorum
1300 2882 1517 2940 interest;
1544 2882 1747 2941 adeoque
1764 2881 1913 2941 quoad

248 3041 256 3059 ¹
286 3042 383 3079 Sess.
410 3043 472 3086 VI,
498 3043 586 3090 cap·
611 3044 626 3080 1
652 3044 696 3080 de
725 3044 882 3100 Reform.

1903 0 1913 12 7
1969 0 2010 18 r?
2023 0 2176 55 «μ.ᾚ

2151 57 2176 94 *J
