2176 3386
219 197 282 236 ’88
897 210 1007 239 PARS
1037 211 1080 238 11.
1117 211 1173 239 DE
1203 211 1341 240 m-:Bcs

215 317 276 362 wi
311 316 454 361 morbi
504 316 711 367 cernitur
744 318 806 368 vad
857 317 1100 362 interitum
1138 332 1344 375 vergere.
1397 322 1554 378 Neque
1602 319 1838 378 pioximus
1874 319 2014 378 agoni

230 405 413 459 tempus
435 401 775 459 expectandum
799 414 913 457 csse,
940 414 1028 459 quo
1052 405 1264 458 aegrotus
1290 400 1368 445 vix
1396 402 1463 445 sui
1489 415 1675 460 compos
1701 402 1755 447 ad
1779 416 1856 447 eos
1879 403 2018 461 plane

229 484 371 547 animi
407 488 560 530 motus
591 483 791 528 edendos
824 483 974 541 impar
1006 488 1090 538 est,
1123 497 1241 542 ¹quos
1281 483 1457 529 Rituale
1484 487 1742 534 Romanum
1776 485 2016 544 efflagitat,

230 572 281 612 ut
315 568 428 612 tanti
466 566 702 622 beneficii,
737 566 856 618 sicut
895 570 1132 611 extremae
1166 566 1404 611 unctionis
1435 568 1631 617 fructus.
1654 567 1838 618 uberius
1869 567 2019 627 perci-
2168 588 2176 635 1

231 651 397 709 piatur.
425 657 549 705 Quae
573 650 757 709 quidem
782 650 1053 700 confirmata
1079 654 1189 694 sunt
1213 664 1238 695 a
1263 654 1304 695 S.
1327 654 1370 696 C.
1393 651 1571 709 lndulg..
1591 651 1662 696 die
1689 652 1741 696 18
1758 652 1857 697 dec.
1883 653 2017 709 1885,

231 735 460 793 proposito
487 734 610 781 enim
635 733 771 778 dubio
808 738 1006 782 autrum
1036 733 1294 785 Benedictio
1321 732 1575 792 Apostolica
1600 747 1705 778 cum
1731 734 2014 792 indulgentia

232 817 432 876 plenaria
469 817 512 861 in
549 817 709 862 mortis
741 816 934 861 articulo
967 817 1062 861 dari
1100 817 1240 874 possit
1268 820 1368 874 post
1405 817 1566 861 collata
1612 822 1820 862 extrema
1865 830 2014 862 sacra·

231 906 405 956 menta,
431 915 536 945 cum
562 900 812 958 periculum
837 900 1023 959 quidem
1050 900 1211 944 mortis
1234 900 1378 954 adest,
1407 914 1499 944 non
1535 904 1691 944 tamen
1716 900 1968 945 imminens
1994 920 2018 940 n*

231 987 272 1029 S.
294 987 456 1041 Congr.
484 983 741 1042 respondit:
780 983 1067 1028 Affirmative
1093 989 1139 1027 ct
1168 984 1286 1028 hanc
1313 983 1653 1042 responsionem
1679 997 1736 1028 ex
1762 983 1825 1028 rei
1850 989 2014 1047 natura

232 1084 310 1127 pro
343 1068 556 1114 omnibus
588 1067 784 1126 aegrotis
816 1067 1191 1113 Christilidelibus
1226 1069 1269 1112 in
1316 1067 1476 1112 mortis
1519 1067 1720 1126 periculo
1754 1067 2025 1113 constitutis

234 1154 399 1198 valere.

349 1235 450 1279 779.
487 1234 794 1288 Quamobrem
830 1249 855 1279 e
890 1233 1282 1279 Missionariorum
1318 1233 1471 1278 debito
1503 1233 1591 1277 erit
1626 1237 1726 1291 post
1762 1232 2016 1277 adhibitam

231 1322 413 1367 infirmo
437 1319 818 1364 sacramentalem
856 1318 1155 1372 unctionem,
1193 1317 1406 1361 eumdem
1451 1318 1655 1361 excitare
1687 1316 1743 1361 ad
1777 1330 1828 1360 ea
1861 1317 2023 1361 animo

230 1403 546 1463 concipienda,
582 1416 699 1462 quae
734 1401 779 1446 in
814 1402 974 1446 codem
1015 1401 1166 1445 rituali
1201 1401 1315 1447 libro
1351 1401 1595 1458 leguntui·;
1633 1413 1739 1444 mox
1775 1413 1886 1444 vero
1919 1403 2015 1443 tam

231 1488 396 1545 insigni
431 1486 653 1532 beneficio
687 1484 918 1544 plenariae
952 1483 1237 1529 remissionis
1270 1485 1484 1528 eumdem
1530 1483 1846 1539 communire,
1882 1482 2023 1542 idque

231 1576 327 1616 tum
366 1570 650 1630 potissimum
687 1573 934 1628 praestare,
970 1582 1076 1612 cum
1102 1581 1148 1611 se
1185 1567 1303 1612 baud
1339 1579 1608 1611 reversurus
1642 1565 1921 1624 praevideat.

350 1655 451 1699 780.
492 1658 626 1699 Porro
650 1653 762 1698 haec
786 1651 1044 1697 benedictio
1070 1650 1372 1710 impertienda
1398 1654 1466 1694 est
1488 1649 1628 1694 etiam
1656 1648 1822 1708 pneris,
1846 1649 1923 1707 qui
1941 1648 2021 1692 de-

231 1741 352 1784 fectu
377 1738 540 1783 aetatis
565 1737 759 1796 primam
780 1735 1157 1781 communionem
1184 1734 1389 1779 nondum
1414 1737 1702 1791 receperunt.
1742 1735 1842 1776 Non
1868 1735 2022 1790 potest

229 1827 384 1868 autem
419 1822 586 1881 pluries
619 1819 861 1878 impertiri,
887 1819 1046 1863 eadem
1074 1820 1377 1876 permanente
1413 1815 1699 1871 infirmitate,
1725 1815 1809 1859 etsi
1833 1814 2018 1859 diurna.

231 1909 367 1952 Secus
400 1919 512 1950 vero
544 1905 808 1957 dicendum,
846 1902 881 1947 si
919 1901 1132 1946 infirmus
1164 1899 1474 1954 convaluerit,
1509 1913 1563 1944 ac
1595 1898 1758 1943 deinde
1797 1910 2022 1956 quacum-

228 2005 318 2051 que
349 1991 403 2035 de
435 2003 571 2035 causa
607 1989 653 2033 in
688 2001 863 2032 novum
906 1986 1068 2032 mortis
1119 1984 1370 2044 periculum
1426 1984 1614 2028 incidat.
1669 1986 1821 2027 Potest
1862 1986 2022 2026 antem

228 2074 417 2121 concedi
451 2073 593 2118 etiam
628 2071 859 2117 damnatis
892 2071 945 2116 ad
985 2074 1198 2115 mortem.

985 2285 1163 2330 CAPUT
1199 2287 1248 2328 V.

818 2430 879 2466 DE
910 2428 1143 2465 EXTREMA
1175 2427 1425 2465 UNCTIONE.

349 2560 451 2605 781.
491 2564 706 2605 Extrema
739 2560 902 2605 Unctio
950 2565 1019 2604 est
1062 2561 1410 2604 Sacramentum
1444 2573 1468 2603 a
1502 2557 1678 2607 Christo
1724 2557 1916 2602 Domino
1949 2556 2021 2601 in·
2143 2593 2159 2613 ,

229 2645 444 2690 stitutum
487 2644 543 2689 ad
576 2643 906 2688 conferendam
945 2642 1145 2700 aegrotis
1178 2642 1275 2686 vita
1321 2640 1686 2700 periclitantibus
1723 2640 1916 2699 gratiam
1960 2641 2018 2685 ad
2150 2623 2153 2625 ⁵

229 2728 536 2774 resistendum
584 2726 951 2781 tentationibus,
987 2726 1044 2771 ad
1078 2725 1310 2784 patienter
1347 2725 1526 2770 dolores
1567 2724 1806 2780 ferendos,
1842 2722 2020 2782 peccati

206 2810 446 2870 reliquias
477 2810 803 2868 abstergendas
826 2813 963 2869 atque
999 2810 1055 2854 ad
1079 2808 1395 2855 valetudinem
1431 2807 1649 2867 corporis,
1674 2810 1902 2866 quatenus
1922 2818 2019 2850 non

204 2893 289 2939 ‚sit
320 2892 503 2938 animae
536 2892 764 2947 nocitura,
800 2891 1195 2951 consequendam.
1690 2933 1695 2939 ,

350 2976 451 3020 782.
491 2975 681 3020 Materia
714 2979 892 3020 remota
931 2974 1067 3020 huius
1102 2973 1388 3020 Sacramenti
1420 2977 1490 3019 est
1521 2974 1672 3018 oleum
1701 2972 1926 3018 olivarum
1961 2971 2020 3015 ab

231 3059 451 3119 Episcopo
476 3058 787 3105 benedictum.
823 3058 942 3104 Hinc
966 3057 1132 3102 Paulus
1156 3059 1190 3101 V
1217 3057 1453 3119 incongr.
1481 3055 1695 3118 Generali
1717 3054 1856 3100 Univ.
1881 3058 2014 3114 Inqu.
