2176 3386
247 157 328 198 286
374 174 377 178 ’
650 160 663 169 ”
890 150 1014 200 mas·
1029 170 1058 199 1.
1089 170 1148 200 ΒΕ
1175 169 1389 200 rEnsoms

925 398 1233 452 TITULUS
1272 399 1359 452 IV.

443 540 520 593 De
559 544 629 595 iis
670 545 759 615 qui
802 539 1208 615 Episcoporum
1246 544 1580 598 vicariatum
1618 550 1831 617 gerunt.

366 681 690 741 Episcoporum
728 682 1002 727 vicariatum
1037 686 1202 740 gerunt
1236 683 1404 728 Vicarii
1445 685 1707 742 Generales,
1742 685 1910 730 Vicarii
1949 690 2029 732 Fo-

246 764 390 820 ranei‚
426 764 615 809 Par-ochi
649 779 703 809 ac
736 763 819 822 ipsi
854 765 1162 810 Parochorum
1187 765 1347 811 vicari.
1384 770 1522 812 Porro
1554 768 1608 813 de
1643 769 1714 814 bis
1735 768 1924 827 singulis
1956 783 2029 815 ca-

247 847 414 906 pitibus
447 848 577 894 nobis
609 850 835 907 agendum
870 853 954 894 est.
1387 836 1390 837 ⁷

1018 1015 1197 1060 CAPUT
1218 1020 1251 1062 Ι.

801 1133 863 1169 DE
890 1132 1100 1170 VICARHS
1128 1133 1471 1172 GENERALIBUS.

363 1237 628 1281 Videbimus
665 1238 702 1293 l)
729 1238 783 1282 de
819 1237 987 1282 Vicarii
1020 1238 1257 1283 Generalis
1289 1238 1513 1284 electione
1546 1240 1589 1296 2)
1612 1239 1667 1283 de
1692 1239 1858 1284 Vicarii
1883 1242 2029 1286 Gene-

244 1320 348 1365 ralis
382 1325 622 1379 potestate.

988 1492 1220 1522 ARTmULUS
1254 1494 1282 1522 ι.

731 1588 790 1630 De
824 1588 995 1630 Vieare'z'
1031 1586 1276 1630 Generalis
1306 1586 1535 1629 electione.

361 1694 461 1737 552.
501 1692 706 1738 Vicarius
737 1692 960 1750 generalis
997 1697 1066 1737 est
1105 1706 1296 1750 persona
1335 1692 1408 1737 cui
1450 1692 1693 1750 Episcopus
1729 1705 1859 1737 suam
1897 1691 2025 1737 iuris-

244 1776 493 1821 dictionem
527 1776 776 1821 demandat
819 1779 868 1819 ut
909 1790 1011 1820 eam
1047 1775 1092 1819 in
1127 1774 1383 1820 universim
1429 1774 1676 1819 dioecesim
1716 1787 1797 1818 suo
1835 1773 2024 1819 nomine

243 1864 474 1904 exerceat.

363 1947 410 1987 ln
445 1947 647 1988 tractatu
680 1944 734 1988 de
768 1943 865 1987 iure
915 1943 1094 2001 publico
1141 1941 1450 1987 ecclesiastico
1482 1940 1656 1986 dictum
1694 1945 1764 1986 est
1794 1954 2023 2000 quaenam

241 2025 300 2069 sit.
321 2025 446 2082 origo
479 2026 696 2071 historica
729 2041 846 2085 quae
878 2025 1118 2071 constituit
1156 2027 1240 2070 lum
1273 2025 1464 2083 gradum
1498 2023 1824 2070 iurisdictionis
1863 2037 2023 2068 eorum

241 2108 316 2167 qui
351 2108 626 2153 vicariatum
650 2115 815 2167 gerunt
850 2109 1190 2168 Episcoporum.

361 2193 460 2236 555.
500 2193 746 2251 Episcopus
788 2192 858 2238 ius
899 2192 1037 2237 babet
1077 2190 1389 2237 constituendi
1436 2190 1520 2236 sibi
1558 2189 1786 2235 vicarium
1835 2202 2023 2247 genera-

241 2274 352 2330 lem,
399 2290 491 2320 non
524 2281 679 2320 autem
707 2289 838 2321 onus.
892 2276 1072 2320 Etenim
1097 2273 1263 2320 Vicarii
1301 2273 1526 2331 generalis
1558 2272 1808 2317 necessitas
1839 2270 2023 2315 derivat

240 2373 299 2403 ex
325 2359 530 2417 Episcopi
565 2358 887 2404 insufficientia
910 2373 997 2418 qua
1022 2357 1237 2403 omnibus
1258 2371 1366 2403 suae
1389 2356 1648 2402 dioeceseos
1671 2352 2020 2418 necessitatibus

239 2455 480 2487 occurrere
513 2456 605 2487 non
642 2442 778 2486 valet.

359 2530 508 2579 Quare
550 2526 584 2571 si
623 2527 869 2585 Episcopus
909 2525 1037 2571 oneri
1070 2539 1152 2571 suo
1184 2525 1394 2570 obeundo
1437 2538 1518 2583 par
1549 2523 1632 2580 sit,
1668 2509 1895 2567 vicarium
1936 2521 2019 2567 sibi

239 2607 520 2653 constituere
553 2609 816 2653 nullatenus
849 2612 1048 2653 tenetur.

363 2692 402 2749 1)
437 2695 492 2736 Et
513 2705 623 2737 sane
656 2691 817 2737 nullibi
850 2692 898 2737 in
931 2692 1030 2737 iure
1053 2692 1167 2736 haec
1190 2689 1405 2749 obligatio
1442 2687 1669 2749 Episcopis
1702 2686 1913 2747 imposita
1945 2686 2018 2731 de-

239 2773 538 2832 prehenditur
561 2775 589 2820 ¹.

364 2964 375 2984 ¹
403 2965 459 3002 Ita
483 2969 518 3001 et
543 2965 718 3002 BAnssosA
756 2966 794 3002 iu
826 2964 906 3002 libr.
943 2965 974 3002 1.
1000 2964 1101 3002 Iuris
1133 2965 1266 3002 Eccles.
1292 2973 1323 3001 c.
1356 2962 1412 3006 15,
1437 2961 1502 3000 ubi
1528 2960 1631 2999 affert
1661 2960 1784 3008 plures
1810 2958 2019 2997 decisiones

237 3035 274 3074 S.
302 3036 417 3074 Rotae
443 3036 642 3073 Romanae.
