2176 3386
812 192 941 222 Lmen
969 193 994 220 1.
1029 192 1087 222 DE
1114 192 1308 222 oLl-:mms
1871 182 1949 223 307

285 301 387 367 2269.
424 299 695 345 Animarum
719 302 954 344 curatores
981 299 1038 344 ab
1070 298 1331 344 huiusmodi
1354 299 1505 345 officio
1537 299 1828 359 adimplendo
1857 315 1950 345 non

166 388 392 430 excusant
411 383 618 428 defectus
640 396 693 427 ac
717 381 918 427 tenuitas
940 382 1200 427 reddituum
1226 383 1481 440 paroeciae,
1506 387 1586 428 aut
1607 382 1949 429 immemorabi-

166 467 219 514 lis
251 467 533 513 consuetudo
557 467 589 511 ¹.
628 470 723 511 Imo
757 480 815 510 ne
848 466 1008 511 morbo
1039 466 1222 525 quidem
1252 467 1529 525 obligatione
1551 468 1637 512 hac
1661 468 1734 513 vel
1756 468 1812 513 ad
1834 472 1949 513 tem-

166 565 249 611 pus
280 551 602 605 exsolvuntur,
637 549 714 595 sed
747 553 968 594 tenentur
998 549 1042 594 id
1078 562 1247 595 munus
1278 550 1407 594 alteri
1441 550 1665 595 sacerdoti
1690 550 1950 596 committe-

166 651 213 681 re
238 635 269 680 ².
306 635 433 688 Quod
467 633 502 678 si
536 633 648 678 adeo
683 637 844 678 tenues
876 633 970 677 sint
1002 632 1222 678 ecclesiae
1258 633 1476 690 redditus,
1502 639 1552 678 ut
1575 638 1776 694 nequeat
1798 634 1852 679 iis
1875 649 1948 695 pa-

166 719 331 764 rochus
362 731 410 763 se
444 721 720 772 sustentare,
755 731 813 761 ex
847 716 915 761 sui
940 716 1167 762 Ordinarii
1193 717 1378 761 licentia
1404 718 1571 776 poterit
1593 717 1835 776 praedictis
1858 718 1949 762 die·

164 802 248 847 bus
283 802 468 846 missam
505 815 583 859 pro
616 799 767 859 aliquo
800 799 872 858 pio
905 800 1127 845 offerente
1161 801 1524 859 eleemosynam,
1550 802 1794 860 applicare,
1816 803 1948 847 ‹lum-

165 885 300 930 modo
333 889 489 929 tamen
524 885 644 928 intra
680 883 1013 928 hebdomadam
1034 887 1103 928 tot
1128 884 1288 929 missas
1311 899 1390 943 pro
1416 886 1578 944 populo
1600 885 1813 945 applicet,
1838 890 1946 945 quot

164 969 211 1013 in
246 968 403 1013 diebus
436 967 563 1012 festis
597 967 717 1011 intra
761 967 971 1012 eamdem
1023 967 1358 1013 hebdomadam
1405 970 1777 1024 occurrentibus,
1820 969 1948 1014 iuxta

165 1051 470 1096 intentionem
506 1049 565 1107 pii
597 1050 904 1094 benefactoris
935 1050 1150 1095 obtulerit
1173 1053 1203 1097 ³.

283 1135 383 1202 Q.
424 1139 471 1179 ln
506 1147 612 1178 casu
646 1147 735 1192 quo
771 1134 958 1178 Parochi
995 1134 1100 1179 huic
1134 1136 1281 1181 officio
1314 1138 1580 1183 satisfacere
1623 1138 1944 1195 neglexerint,

163 1219 278 1263 solet
311 1218 553 1278 supplicari
590 1216 724 1261 sSrho
759 1231 836 1274 pro
870 1217 1172 1277 absolutione,
1199 1219 1234 1264 si
1268 1226 1514 1267 concurrat
1549 1222 1621 1266 vel
1657 1223 1774 1266 bona
1810 1221 1919 1266 fides
1933 1245 1943 1277 ·,

167 1304 237 1347 vel
262 1310 503 1362 paupertas
526 1306 557 1350 ¹⁴.
598 1308 754 1352 Praxis
786 1313 871 1363 est,
908 1312 957 1352 ut
993 1308 1065 1352 vel
1098 1307 1278 1366 aliquod
1312 1320 1428 1351 onus
1450 1306 1724 1350 absolutioni
1755 1299 1949 1350 addatur

166 1388 236 1431 vel
274 1388 542 1447 simpliciter
574 1393 798 1436 absolutio
830 1392 1124 1437 concedatur.

282 1474 382 1532 5]ss-
420 1475 809 1520 Considerandum
850 1480 1085 1534 praeterea
1122 1475 1334 1520 Parochis
1372 1480 1457 1529 est,
1498 1474 1567 1518 sui
1606 1487 1703 1519 esse
1742 1474 1948 1519 muneris

165 1556 552 1613 praedicationem
588 1559 715 1604 verbi
763 1560 839 1604 Dei
873 1564 918 1603 et
954 1559 1248 1603 traditionem
1287 1558 1566 1602 christianae
1603 1558 1857 1612 doctrinae,
1892 1558 1946 1603 de

162 1639 326 1697 quihus
376 1641 502 1685 haec*
536 1646 716 1687 notasse
750 1643 970 1687 sufficiat:
1024 1643 1172 1700 urgeri
1212 1656 1289 1687 eos
1334 1646 1576 1701 praecepto
1610 1642 1741 1699 plane
1789 1641 1948 1686 divino

164 1724 376 1780 pascendi
411 1739 521 1769 oves
554 1739 658 1771 suas
691 1726 818 1770 verbi
856 1727 932 1770 Dei
967 1726 1325 1784 praedicatione,
1360 1739 1413 1770 ac
1450 1725 1593 1769 teneri
1628 1724 1870 1769 dominicis
1902 1730 1948 1769 et

162 1805 320 1852 diebus
352 1808 479 1853 festis
510 1810 790 1854 solemnibus
827 1810 977 1869 plebes
1010 1810 1093 1854 sibi
1138 1810 1407 1854 commissas
1453 1823 1532 1867 pro
1573 1822 1653 1854 sua
1698 1814 1743 1853 et
1787 1824 1946 1854 eorum

162 1891 415 1948 capacitate
451 1907 635 1950 pascere
674 1893 950 1938 salutaribus
997 1894 1165 1949 verbis,
1217 1893 1422 1937 docendo
1470 1907 1522 1937 ea
1569 1907 1685 1950 quae
1733 1893 1948 1938 omnibus

163 1974 276 2020 scire
311 1977 619 2021 necessarium
655 1983 723 2022 est
756 1979 811 2022 ad
845 1979 1059 2033 salutem,
1097 1977 1510 2036 annuntiandoque
1544 1977 1608 2021 eis
1647 1991 1752 2022 cum
1798 1978 1946 2022 brevi-

161 2062 256 2102 tate
289 2063 334 2103 et
369 2059 587 2104 facilitate
621 2061 845 2106 sermonis
880 2061 990 2105 vitia
1026 2074 1143 2121 quae
1177 2075 1254 2105 eos
1285 2061 1516 2105 declinare
1549 2065 1595 2105 et
1619 2061 1814 2106 virtutes
1834 2075 1947 2121 quas

162 2142 325 2186 sectari
360 2149 583 2200 oporteat,
621 2149 671 2187 ut
704 2158 899 2203 poenam
925 2149 1162 2189 aeternam
1198 2144 1394 2188 evadere
1418 2149 1464 2189 et
1486 2146 1730 2189 caelestem
1756 2145 1944 2202 gloriam

162 2227 378 2285 consequi
417 2228 613 2272 valeant.

282 2315 377 2356 Hoc
409 2316 563 2355 autem
599 2325 768 2355 munus
801 2311 989 2369 implere
1021 2310 1192 2355 debent
1227 2310 1413 2355 Parochi
1450 2310 1530 2368 ipsi
1569 2325 1645 2370 per
1676 2324 1789 2367 sese,
1825 2312 1943 2370 quod

162 2394 197 2438 si
232 2394 433 2452 legitime
469 2394 795 2452 impediantur,
831 2393 1026 2438 sufficiat
1058 2393 1133 2454 qui
1169 2398 1274 2451 apte
1307 2394 1528 2452 suppleat.

283 2480 383 2521 Non
417 2481 565 2535 potest
597 2482 753 2521 autem
788 2476 1017 2521 l'arochus
1050 2475 1233 2534 exigere
1267 2480 1318 2519 ut
1350 2476 1433 2520 sibi
1468 2475 1762 2522 concionanti
1812 2476 1946 2520 detur

162 2561 523 2618 eleemosynam,
559 2560 697 2604 etiam
733 2559 816 2603 sub
850 2559 1129 2618 paupertatis
1164 2564 1404 2617 praetextu
1435 2560 1465 2604 ⁵.

281 2761 291 2780 ¹
321 2761 455 2798 Bened.
481 2761 579 2805 XIV,
607 2762 627 2798 l.
654 2772 685 2799 c.

280 2832 293 2850 ¹
320 2832 400 2869 Sac.
429 2832 562 2878 Congr.
589 2833 698 2869 Conc.
728 2833 770 2868 14
796 2833 875 2869 dec.
903 2833 1004 2870 1872.

284 2902 296 2921 ³
322 2903 455 2940 Bened.
483 2904 580 2948 XIV,
606 2904 630 2940 l.
655 2915 685 2941 c.

279 2965 295 3005 '⁸
321 2985 402 3023 Sac.
427 2986 559 3032 Congr.
587 2987 695 3023 Cone.
723 2987 762 3023 in
787 2988 1016 3033 Vicoaquen.
1045 2988 1064 3023 7
1092 2988 1178 3023 maii
1209 2986 1317 3032 1808;
1344 2987 1382 3023 in
1400 2987 1686 3032 B1·ugnaten.25
1705 2997 1782 3032 apr.
1804 2988 1906 3024 1798.

281 3056 294 3076 ⁵
322 3057 401 3095 Sac.
429 3058 562 3104 Congr.
589 3058 698 3095 [lonc.
726 3059 762 3095 in
781 3059 942 3096 Vestana
967 3059 1015 3095 ΞΟ
1040 3065 1143 3095 mart.
1171 3059 1276 3096 1611.
