2176 3386
257 173 334 212 190
929 187 1040 217 PARS
1068 188 1108 216 11.
1139 188 1196 217 nr:
1225 189 1365 218 m-:Bus

253 291 488 349 delegatus
523 307 549 337 a
585 293 804 338 Pontifiee
838 295 980 353 possit
1010 296 1336 355 subdelegare‚
1371 301 1528 343 tamen
1562 303 1609 344 et
1639 299 1681 345 ei
1715 301 1802 346 hoc
1845 300 2041 359 prohihi-

255 376 355 418 tum
391 377 460 419 est
491 374 527 418 si
561 375 804 420 evidenter
835 376 933 421 eius
964 377 1173 436 specialis
1205 380 1429 426 industria
1462 381 1606 426 electa
1640 382 1796 428 fuerit.

380 457 507 502 1019.
548 457 794 516 Episcopus
841 460 1084 506 facultates
1131 466 1344 521 acceptas
1394 465 1579 509 nonnisi
1620 464 1664 509 in
1706 479 1812 510 suos
1842 467 2042 512 subditos

255 543 460 596 exercet,
495 546 543 585 at
574 541 741 587 sufficit
775 547 825 586 ut
858 557 982 588 unus
1013 559 1072 589 ex
1105 546 1379 602 oratoribus,
1405 546 1441 590 si
1475 547 1530 591 de
1569 547 1912 607 impedimentis
1942 564 2039 594 cor-

255 622 466 667 relativis
496 628 676 680 agatur,
712 624 920 670 subditus
967 625 1026 671 sit
1068 627 1306 673 indultarii
1341 632 1422 673 aut
1454 629 1667 674 habentis
1704 629 2038 687 delegationem

254 704 567 764 dispensandi,
602 706 735 751 sicuti
762 708 802 752 S.
830 708 1186 754 poenitentiaria
1219 710 1292 755 die
1324 712 1352 755 [ι
1385 716 1498 769 sept.
1535 726 1658 756 anno
1696 712 1807 758 1859
1840 713 2039 759 declara-

255 788 336 834 vit.
374 790 619 847 Episcopus
651 790 698 834 in
722 792 1017 837 concedenda
1050 793 1391 852 dispensatione
1414 798 1618 839 oratores
1650 795 1882 840 absolvere
1916 797 2039 842 valet

255 885 284 917 a
329 876 540 917 censuris
578 875 641 918 ad
682 875 893 932 effectum
935 875 1291 933 dispensationis
1338 877 1615 922 obtinendae
1649 883 1695 946 et
1729 878 1900 937 prolem
1944 878 2037 923 iam

256 962 413 1002 natam
447 957 702 1015 legitimare
734 963 928 1017 excepta
963 960 1254 1015 adulterina,
1283 964 1332 1004 ut
1355 964 1396 1005 S.
1425 960 1785 1006 poenitentialia
1818 960 1890 1006 die
1928 963 1944 1006 1
1973 961 2038 1006 iu-

255 1040 300 1084 lii
334 1055 458 1085 anno
497 1041 606 1085 1859
640 1041 908 1086 declaravit.

2152 464 2176 522 ‘2-

2156 534 2165 558 t

429 1198 466 1238 a)
494 1217 535 1221 —-
564 1197 784 1243 Episcopus
811 1197 1041 1244 dispensare
1063 1200 1193 1245 potest
1219 1198 1269 1234 ab
1297 1199 1582 1245 impedimento
1609 1200 1862 1236 matrinmnii

909 1269 1159 1315 delegatione
1185 1280 1383 1316 expressa.

377 1387 502 1431 1020.
538 1391 659 1430 Haec
707 1399 920 1443 expressa
968 1385 1191 1444 delegatio
1238 1387 1293 1431 ad
1342 1386 1699 1444 dispensandum
1746 1387 1976 1446 Episcopis
2012 1402 2038 1432 a

255 1472 443 1514 Summo
479 1468 697 1513 Pontifice
731 1467 1000 1513 conceditur
1035 1468 1106 1512 vel
1140 1471 1189 1512 in
1240 1469 1396 1526 aliquo
1435 1469 1728 1526 particulari
1767 1482 1880 1514 casu
1912 1471 2039 1513 inter

253 1552 594 1595 determinatas
612 1564 853 1607 personas,
882 1551 953 1594 vel
989 1553 1037 1595 in
1073 1551 1400 1596 determinatis
1431 1551 1788 1608 impedimentis,
1815 1565 1868 1595 ac
1890 1552 2035 1595 deter-
2072 1541 2078 1546 ’

255 1637 449 1678 minatis
479 1634 720 1691 yradibas‘,
747 1638 826 1677 aut
856 1647 943 1691 pro
977 1634 1157 1679 casibus
1190 1648 1387 1678 numero
1413 1635 1630 1692 desinitis.
1666 1638 1788 1679 Haec
1811 1634 2038 1691 deleyatio

253 1732 470 1776 expressa
502 1733 587 1775 pro
622 1718 724 1774 foro
757 1725 947 1762 externo
980 1733 1005 1762 a
1040 1721 1082 1762 S.
1119 1722 1281 1775 Congr.
1313 1722 1438 1775 Prop.
1464 1717 1586 1762 Fidei
1625 1717 1852 1776 Episcopis
1884 1722 1930 1761 et
1964 1718 2035 1762 Vi-

253 1801 387 1846 cariis
422 1801 691 1859 Apostolicis
731 1800 876 1845 eidem
913 1803 1075 1846 Sacrae
1117 1800 1466 1858 congregationi
1516 1800 1732 1845 subiectis
1769 1800 2038 1845 conceditur

254 1885 459 1942 amplior
495 1885 564 1928 vel
597 1887 800 1928 strictior
834 1884 960 1928 iuxta
995 1884 1114 1943 quod
1152 1887 1364 1941 Episcopi
1393 1889 1472 1928 aut
1511 1887 1684 1928 Vicarii
1714 1885 1955 1941 Apostolici
1984 1886 2035 1927 in

254 1969 520 2026 reqionibits
553 1968 875 2011 remotioribus
897 1973 980 2011 ant
1012 1967 1314 2010 vicinioribus
1345 1966 1535 2023 deyant.
1581 1965 1702 2009 Solet
1743 1964 1882 2009 etiam
1925 1964 2037 2009 alias

254 2052 496 2095 facultates
531 2052 573 2094 S.
618 2051 987 2093 Paenitentiaria
1024 2048 1252 2107 Episcopis
1285 2052 1331 2092 et
1360 2047 1550 2092 Vicariis
1575 2047 1841 2106 Apostolicis
1874 2060 2035 2092 conce—

253 2135 360 2179 dere
388 2148 476 2191 pro
510 2133 613 2190 foro
647 2135 833 2177 interno
868 2133 938 2176 vel
987 2132 1049 2177 ad
1081 2146 1288 2187 annum,
1329 2133 1399 2176 vel
1438 2132 1501 2176 ad
1534 2133 1815 2185 triennium,
1855 2131 1926 2175 vel
1973 2131 2036 2175 ad

253 2219 435 2262 brevius
469 2224 647 2274 tempas
677 2219 718 2260 si
750 2215 1000 2272 facultates
1031 2218 1127 2259 sint
1158 2216 1592 2274 extraordinariae.

376 2301 503 2345 1021.
543 2304 626 2344 Pro
660 2304 783 2343 recta
818 2299 952 2343 huius
984 2300 1217 2356 delegatae
1252 2297 1483 2343 facultatis
1516 2297 1895 2355 interpretatione
1922 2297 2035 2342 haec

253 2384 452 2428 tenenda
487 2389 610 2428 sunt:
2138 2374 2150 2430 ξ

375 2467 502 2510 1022.
540 2467 586 2523 a)
625 2465 867 2523 Episcopus
900 2479 1006 2509 cum
1054 2464 1159 2509 solis
1207 2463 1299 2509 suis
1331 2463 1615 2508 dioecesanis
1645 2462 1936 2521 dispensandi
1969 2464 2033 2507 fa·
2127 2449 2147 2511 ..¹

252 2550 423 2594 cultate
456 2548 611 2607 pollet,
648 2547 763 2593 idest.
794 2561 901 2592 cum
935 2546 1097 2606 iisqui
1132 2547 1302 2592 habent
1335 2547 1380 2591 in
1414 2560 1495 2591 sua
1518 2545 1712 2590 dioecesi
1746 2545 2032 2590 doniicilium
2128 2519 2176 2642 ᾖ

253 2634 327 2677 vel
359 2632 816 2691 quasi—domicilium
850 2635 896 2674 et
929 2645 1034 2675 cum
1058 2634 1206 2688 vayis.
1247 2635 1299 2675 Et
1331 2631 1367 2675 si
1403 2630 1447 2674 in
1483 2630 1678 2674 formula
1712 2631 1753 2674 S.
1785 2631 1945 2685 Congr.
1978 2628 2033 2673 de
2128 2646 2153 2701 ’ξ’

255 2721 382 2775 Prop.
423 2716 527 2761 Fide
560 2716 762 2760 clausula
798 2719 997 2773 ponatur
1032 2729 1115 2759 nec
1139 2715 1231 2758 illis
1254 2718 1323 2758 uti
1339 2716 1479 2771 possit
1510 2719 1646 2757 extra
1675 2725 1790 2757 suae
1821 2712 2034 2762 dioecesis
2131 2702 2152 2770 f

251 2801 383 2859 sines,
425 2800 669 2858 Episcopus
703 2799 970 2843 facultatem
1005 2811 1221 2842 exercere
1262 2796 1423 2856 nequit
1454 2796 1542 2841 nisi
1579 2809 1685 2854 erga
1721 2794 1925 2839 subditos
1954 2793 2033 2853 qui
2124 2779 2176 2878 ξ

251 2887 459 2941 tempore
480 2896 570 2941 quo
593 2881 885 2940 dispensandi
917 2885 1042 2936 sunt,
1068 2881 1114 2925 in
1137 2881 1235 2925 eius
1256 2879 1450 2925 dioecesi
1475 2882 1838 2934 commorantur,
1872 2890 2032 2936 quam-
2128 2884 2149 2969 ἱ

255 2967 324 3011 vis
355 2965 450 3024 ipse
483 2970 615 3010 extra
648 2964 773 3010 illam
806 2965 955 3023 degat.
2123 2987 2176 3055 ι

379 3049 503 3094 1023.
539 3049 579 3105 b)
616 3047 658 3093 Si
706 3062 813 3092 cum
863 3047 1199 3106 impedimento
1246 3046 1294 3091 in
1341 3060 1431 3104 quo
1482 3045 1725 3104 Episcopus
1770 3043 2031 3101 dispensare
2086 3047 2176 3386 ιγ·
