2176 3386
772 231 901 260 mni-:n
931 231 955 259 1.
987 231 1044 260 DE
1073 230 1266 260 CLEmms
1836 221 1912 261 195

128 336 400 382 Provinciali
435 337 715 382 sententiam
739 336 1031 397 exquisierit;
1068 339 1109 391 2)
1137 337 1301 383 deinde
1322 338 1457 383 debet
1483 338 1729 398 Episcopus
1749 340 1911 386 adver-

127 425 223 466 tere
254 434 314 464 an
349 419 538 480 reliquia
571 435 688 480 quae
721 420 804 465 sibi
829 421 1192 466 authenticanda
1225 421 1471 466 exhibetur
1501 421 1605 467 talis
1627 422 1702 478 sit,
1727 424 1910 482 qualem

126 504 286 550 deceat
321 504 500 562 publico
535 504 676 549 cultui
711 509 757 548 et
791 503 1080 549 venerationi
1115 504 1323 562 proponi,
1359 509 1468 549 sunt
1501 506 1627 550 enim
1669 505 1821 565 aliqua
1864 506 1911 550 in

125 588 288 648 quibus
322 588 542 632 indecens
574 592 693 632 esset
725 592 910 632 sanctos
942 588 1185 645 venerari;
1222 589 1263 642 5)
1291 587 1426 632 debet
1458 588 1700 632 advertere
1738 602 1797 632 an
1843 602 1911 633 re-

125 672 262 732 liquia
295 673 354 716 sit
386 670 532 716 sancti
565 671 826 715 canonizati
855 671 924 715 vel
947 670 1212 726 beatificati,
1238 671 1359 715 solus
1381 670 1504 715 enim
1532 675 1767 715 Romanus
1797 675 1909 715 Pon-

126 754 238 799 tifex
273 759 422 812 potest
455 756 706 812 approbare
739 767 818 798 seu
852 754 1087 798 licentiam
1121 754 1246 801 dare,
1284 758 1335 798 ut
1367 753 1574 813 publicae
1617 754 1909 800 venerationi

124 841 418 896 exponantur
441 836 658 896 reliquiae
682 836 830 881 sancti
855 837 1058 881 nondum
1084 837 1344 882 canonizati
1369 838 1442 882 vel
1460 838 1729 896 beatificati,
1765 841 1807 894 4)
1835 840 1909 884 de-

125 921 200 966 bet
231 921 471 965 advertere
505 934 563 964 an
597 920 879 964 sufficienter
911 925 1092 965 constet
1123 921 1177 965 de
1212 921 1454 966 identitate
1478 921 1712 980 reliquiae,
1737 921 1911 968 scilicet

123 1005 242 1065 qnod
276 1019 327 1048 ea
361 1006 420 1049 sit
452 1004 597 1049 sancti
633 1009 677 1048 et
711 1004 808 1048 eins
840 1004 987 1048 sancti
1022 1004 1152 1048 cuius
1184 1017 1282 1049 esse
1314 1004 1497 1060 dicitur,
1534 1004 1595 1049 ita
1629 1009 1680 1048 ut
1715 1005 1908 1063 pruden-

125 1095 194 1133 ter
225 1087 399 1146 operari
435 1093 695 1143 censeatur,
721 1101 800 1132 seu
834 1087 1111 1132 certitudine
1134 1087 1328 1132 deducta
1358 1102 1414 1132 ex
1439 1087 1581 1132 solido
1605 1088 1908 1132 fundamento

125 1185 215 1215 non
249 1170 432 1229 quidem
470 1184 651 1228 prorsus
683 1170 996 1215 convincente
1033 1176 1080 1215 et
1114 1170 1354 1226 infallibili,
1391 1172 1470 1215 sed
1510 1170 1786 1216 excludente
1828 1172 1908 1215 du-

123 1255 247 1298 bium
283 1254 538 1311 practicnm
579 1254 633 1298 de
673 1253 898 1312 opposito,
943 1254 1156 1312 quamvis
1200 1253 1501 1311 compossible
1535 1268 1641 1299 cum
1676 1254 1904 1311 scrupulo,

123 1336 379 1394 suspicione
414 1350 467 1380 ac
501 1336 746 1381 formidine
783 1337 991 1382 veritatis
1012 1338 1039 1381 ¹.
1081 1341 1203 1382 [nter
1238 1337 1478 1395 praecipua
1514 1337 1773 1381 huiusmodi
1807 1339 1906 1381 fun-

123 1421 338 1465 damenta
373 1425 589 1464 censetur
623 1419 805 1464 traditio
838 1434 916 1465 seu
950 1421 1169 1465 diuturna
1207 1420 1433 1465 Ecclesiae
1467 1419 1734 1473 veneratio,
1782 1420 1906 1464 testi-

125 1502 330 1547 monium
366 1516 663 1560 personarum
700 1503 895 1560 piarum,
931 1517 1047 1562 quae
1081 1502 1173 1547 sint
1207 1503 1292 1548 lide
1325 1502 1488 1560 dignae
1522 1503 1740 1561 omnique
1773 1516 1905 1546 exce-

123 1583 278 1643 ptione
311 1584 582 1642 superiores.
621 1585 793 1630 Sufficit
826 1585 967 1629 etiam
1002 1586 1137 1630 unius
1173 1585 1507 1640 testimonium,
1543 1584 1767 1642 scriptura
1790 1598 1906 1643 quae

123 1665 257 1710 simul
289 1680 396 1711 cum
433 1666 635 1725 reliqniis
668 1667 939 1725 reperiatur,
976 1667 1197 1712 miracula
1239 1682 1355 1727 quae
1405 1682 1484 1725 per
1518 1667 1661 1725 ipsam
1697 1666 1809 1711 liant
1835 1668 1904 1711 vel

123 1749 243 1793 facta
276 1749 463 1794 fuerint.

243 1834 343 1877 254.
386 1833 587 1893 Denique
631 1835 799 1892 poterit
834 1835 1079 1893 Episcopns
1111 1849 1162 1881 03
1197 1837 1353 1880 01111113
1387 1851 1519 1893 agere
1557 1850 1673 1895 quac
1706 1836 1762 1879 ad
1795 1849 1906 1880 oves

123 1929 224 1960 suas
247 1916 332 1960 rite
367 1917 617 1975 pascendas
649 1917 952 1977 divinumque
976 1919 1152 1964 cultum
1179 1919 1401 1963 tuendum
1429 1933 1506 1977 pro
1541 1918 1760 1976 temporis
1787 1918 1905 1962 loco-

123 2013 313 2058 rumque
347 2000 710 2045 circumstantiis
743 2003 998 2048 necessaria
1038 2003 1269 2048 iudicabit.
1307 2010 1456 2056 Quare
1493 2002 1696 2061 Episcopi
1731 2008 1799 2047 est
1831 2003 1906 2047 ad-

124 2084 383 2129 ministrare
408 2085 562 2130 omnia
587 2092 893 2131 sacramenta.
921 2088 1077 2140 Quoad
1101 2087 1412 2145 poenitentiae
1435 2091 1780 2131 sacramentum
1803 2086 1905 2130 vide

122 2166 311 2211 inferius
343 2168 398 2212 de
437 2168 640 2226 Episcopi
678 2173 904 2228 potestate
938 2169 983 2214 in
1023 2171 1120 2214 foro
1155 2171 1353 2214 interno.
1391 2171 1547 2224 Quoad
1594 2169 1905 2214 Eucharistiae

121 2256 466 2295 sacramentum
518 2252 762 2310 Episcopus
801 2256 845 2298 in
881 2253 1170 2298 necessitatis
1218 2266 1323 2297 casu
1363 2252 1676 2297 sacerdotibus
1715 2251 1903 2295 binandi

122 2333 353 2378 licentiam
394 2335 646 2379 concedere
682 2336 805 2379 valet
835 2336 867 2390 ⁶²,
903 2349 956 2380 ac
991 2335 1233 2380 missarum
1268 2336 1611 2392 eleemosynam
1658 2334 1905 2392 Episcopus

121 2416 412 2461 determinat.
450 2421 616 2463 Contra
641 2417 895 2462 Tridentini
919 2418 1263 2476 dispositionem
1290 2418 1303 2440 ³
1339 2418 1583 2462 missarum
1608 2431 1747 2461 onera
1774 2417 1903 2461 redu-

122 2513 223 2545 cere
269 2515 325 2544 ex
378 2501 710 2545 constitutione
755 2501 922 2546 Urbani
966 2504 1061 2546 Vlll
1107 2504 1216 2546 Cam
1265 2515 1401 2559 saepe
1442 2503 1491 2545 21
1546 2500 1742 2545 Ianuarii
1792 2501 1902 2544 1625

121 2582 177 2626 ab
210 2584 478 2628 innocentio
503 2587 561 2627 111
595 2583 868 2629 confirmata
902 2584 957 2629 ad
985 2585 1145 2629 Sedein
1179 2584 1478 2643 apostolicam
1503 2590 1790 2629 reservatum
1815 2589 1898 2628 est.

125 2669 188 2709 Ex
218 2666 403 2710 decreto
436 2668 477 2711 S.
515 2672 678 2724 congr.
715 2667 903 2712 Concilii
930 2668 943 2692 ³⁸
978 2667 1257 2727 quicumque
1285 2668 1341 2712 ad
1364 2682 1504 2712 onera
1541 2667 1781 2711 missarum
1819 2666 1901 2710 im·

122 2747 281 2804 plenda
299 2747 524 2806 obligatur
547 2748 594 2793 in
615 2749 706 2794 line
728 2750 839 2794 anni
861 2750 955 2794 suis
972 2750 1225 2795 ordinariis
1247 2750 1473 2794 rationem
1500 2750 1687 2794 reddere
1705 2749 1899 2806 cogitur,

238 2877 248 2896 ¹
276 2878 471 2914 emmam.
498 2879 537 2915 T.
565 2879 598 2922 2,
625 2878 688 2916 lib.
715 2880 736 2916 2
763 2881 804 2917 de
831 2881 886 2917 SS.
913 2881 1013 2927 reliq.
1041 2881 1126 2926 Cap.
1153 2881 1186 2916 4.

237 2949 250 2968 ¹
275 2950 405 2987 Lucim
431 2950 476 2987 de
503 2952 712 2988 visitatione
740 2961 931 2988 sacrorum
957 2954 996 2988 P.
1026 2953 1056 2995 1,
1084 2952 1165 2989 Vol.
1192 2952 1226 2997 2,
1252 2963 1336 2999 pag.
1363 2953 1446 2988 592.

237 3019 250 3039 ⁸
276 3021 362 3067 Cap.
388 3021 422 3064 4,
450 3022 547 3059 Sess.
575 3022 698 3059 XXIV
725 3022 770 3058 de
797 3023 955 3059 Reform.

236 3091 251 3112 ¹·
282 3092 457 3139 Vigilanti
483 3092 529 3130 ²5
555 3094 643 3130 Maii
671 3092 774 3130 1895.
