2176 3386
0 0 275 137 ΓΨὟΠ
295 0 423 29 §vv-2⁷
444 0 454 5 ·
470 0 556 32 51²⁹·
572 0 605 16 ⁴²·
631 0 635 1 ⁷
654 6 658 9 Δ
717 0 731 6 ’

538 199 667 228 LIBER
696 199 724 227 1.
756 199 814 228 DE
844 198 984 228 nanus
1012 197 1249 227 eccm-:sulz
1278 198 1606 227 SPIRITUALIBUS
1890 187 1966 227 197

908 408 1140 439 Anrlcnms
1171 408 1233 438 111.

265 532 297 571 Α
319 527 482 585 quibus
505 526 850 584 impedimentis
871 530 913 569 et
933 525 1097 583 quibus
1118 525 1175 568 de
1195 525 1350 568 causis
1370 529 1561 581 petatur
1582 524 1881 581 dispensatim

304 679 430 724 1057.
470 681 565 723 Duo
597 682 900 738 quaeruntur:
940 678 978 734 1)
1014 691 1039 722 a
1072 677 1238 737 quibus
1270 677 1615 734 impedimentis
1646 677 1969 722 dirimentibus

182 763 256 807 vel
289 761 645 820 impedientibus
669 764 853 820 petatur
875 759 1172 819 dispensatio;
1209 761 1250 815 2)
1277 760 1442 820 quibus
1474 760 1529 804 de
1561 760 1712 805 causis
1743 759 1800 804 ab
1826 758 1968 818 impe·

180 844 400 889 dimentis
431 844 790 900 impedientibus
821 849 868 889 et
900 843 1223 890 dirimentibus
1253 844 1534 903 dispensatio
1566 849 1764 903 petatur.

568 1035 586 1082 5
614 1036 644 1072 1.
670 1056 717 1060 ——
743 1036 776 1072 A
805 1035 946 1083 quibus
974 1035 1270 1082 impedimentis
1296 1036 1578 1073 dirimentibus

657 1111 692 1145 et
720 1108 1028 1156 impedientibus
1050 1111 1214 1156 petatur
1239 1109 1495 1156 dispensatio.

304 1227 430 1273 1058.
457 1228 792 1286 Impedimenta
820 1227 1084 1272 dirimentia
1108 1227 1468 1287 quadrupliciter
1489 1228 1854 1286 distinguuntur:
1879 1228 1966 1273 alia

180 1317 289 1358 sunt
322 1312 366 1356 in
401 1311 566 1372 quibus
598 1312 850 1372 dispensari
886 1325 977 1357 non
1015 1316 1186 1370 potest,
1213 1311 1300 1357 alia
1343 1317 1452 1357 sunt
1484 1312 1531 1357 in
1554 1312 1719 1371 quibus
1752 1326 1843 1356 non
1879 1312 1966 1357 dis-

181 1400 428 1455 pensatur,
462 1395 549 1440 alia
584 1399 692 1439 sunt
725 1394 772 1439 in
807 1395 973 1454 quibus
1006 1394 1259 1452 dispensari
1293 1395 1435 1448 solet,
1470 1394 1558 1439 alia
1592 1395 1638 1440 in
1671 1395 1838 1454 quibus
1869 1408 1966 1453 pas·

182 1479 268 1524 sim
302 1478 609 1536 dispensatur.

305 1562 431 1606 1059.
469 1564 515 1615 a)
558 1561 896 1618 Impedimenta
929 1563 980 1605 in
1014 1562 1177 1620 quibus
1209 1561 1479 1618 dispensa-ri
1510 1574 1605 1604 non
1636 1567 1778 1618 potest
1818 1573 1968 1619 neque

181 1657 206 1688 a
243 1647 372 1688 Rom.
399 1643 636 1699 pontifice,
661 1647 771 1688 sunt
793 1643 1125 1702 impedimenta
1158 1657 1274 1703 quae
1298 1658 1322 1688 a
1348 1643 1445 1688 iure
1479 1648 1689 1698 naturae,
1716 1643 1789 1687 vel
1818 1657 1842 1687 a
1868 1642 1966 1687 iure

182 1727 341 1772 divino
376 1726 571 1785 positivo
618 1727 843 1784 originem
878 1727 1065 1772 habent.
1118 1728 1222 1772 Tale
1255 1732 1324 1772 est
1373 1727 1758 1785 impedimentum
1804 1726 1969 1771 aetatis

182 1812 371 1857 rationis
404 1825 487 1855 usu
520 1810 785 1866 destitutae,
821 1811 1209 1868 impedimentum
1242 1813 1542 1868 impotentiae
1573 1810 1892 1855 antecedentis
1923 1813 1969 1854 et

183 1899 445 1953 perpetuae,
472 1893 856 1950 impedimentum
879 1895 1309 1951 eonsanyuinitatis
1332 1894 1486 1938 lineae
1508 1899 1662 1937 rectae
1684 1893 1730 1936 in
1759 1893 1804 1936 1⁰
1827 1892 1966 1950 gradu

180 1980 360 2032 saltem,
387 1982 433 2023 et
455 1977 711 2035 generatim
738 1976 891 2022 omnia
919 1976 1250 2035 impedimenta
1284 1991 1401 2036 quae
1426 1980 1726 2022 matrimonii
1745 1980 1969 2022 essentiae

182 2063 500 2109 adversantur
533 2061 598 2105 uti
631 2062 714 2116 vis,
741 2075 884 2116 error,
911 2061 1127 2119 iigamen.
1165 2064 1380 2106 Attamen
1408 2061 1556 2120 quoad
1581 2062 1968 2118 impedimentum

182 2147 428 2204 ligaminis
459 2145 618 2189 divino
651 2146 755 2188 iure
788 2144 1063 2199 inductum,
1100 2143 1248 2202 ipsum
1291 2145 1507 2189 divinum
1543 2146 1614 2188 ius
1644 2143 1968 2201 exceptionem

182 2228 344 2274 statuit
375 2229 497 2273 circa
539 2229 849 2273 matrimonia
891 2233 1000 2272 rata
1034 2233 1075 2272 et
1107 2242 1202 2271 non
1237 2234 1565 2273 consummata
1599 2226 1818 2281 fidelium,
1852 2239 1968 2282 quae

182 2311 256 2355 vel
290 2310 438 2355 invito
472 2310 619 2355 altero
652 2312 850 2367 eoniuye
899 2314 998 2354 tum
1032 2310 1230 2354 solemni
1267 2309 1556 2367 professione
1589 2310 1830 2367 i²eli9iosa,
1871 2314 1966 2353 tum

184 2395 368 2438 Summi
400 2394 636 2452 Pontifieis
669 2395 948 2438 auctoritate
969 2393 1021 2446 ob
1042 2406 1237 2438 eausam
1261 2407 1457 2451 yravem
1491 2393 1589 2437 sive
1612 2394 1847 2450 publicam
1871 2392 1969 2437 sive

179 2483 445 2534 privatam,
480 2476 725 2536 aliquando
758 2475 1088 2521 dissolvuntur.
1141 2477 1263 2521 Idem
1305 2476 1535 2534 contingit
1566 2479 1614 2521 in
1654 2479 1971 2522 matrimoniis

183 2560 446 2618 infidelium
480 2563 816 2604 consummatis
846 2573 1041 2618 quorum
1091 2560 1207 2604 aiter
1238 2560 1294 2604 ad
1329 2559 1463 2604 iidem
1498 2559 1818 2613 convertitur,
1854 2560 1970 2604 aiter

184 2657 295 2688 vero
327 2656 411 2686 nee
432 2645 640 2687 converti
660 2643 761 2687 vult
785 2656 867 2687 nee
886 2643 1080 2701 pacifice
1102 2649 1143 2687 et
1172 2645 1273 2687 sine
1294 2643 1576 2688 contumelia
1606 2645 1832 2688 creatoris
1863 2656 1968 2687 eum

183 2739 401 2770 converso
433 2726 663 2770 habitare.

307 2810 433 2854 1040.
469 2809 509 2866 b)
547 2809 890 2866 Impedimenta
923 2823 953 2856 a
986 2810 1150 2869 quibus
1182 2824 1276 2853 non
1310 2810 1612 2867 dispensatur
1645 2814 1754 2854 sunt
1785 2809 1840 2853 de
1873 2809 1970 2867 qui-

183 2894 267 2938 bus
298 2892 664 2938 controvertitur
695 2906 754 2937 an
789 2893 883 2937 sint
915 2893 970 2937 de
1005 2895 1108 2937 iure
1140 2880 1300 2937 divino
1333 2894 1406 2937 vel
1439 2893 1666 2948 humano,
1702 2893 1769 2937 uti
1810 2894 1845 2947 1)
1883 2895 1968 2936 im·

178 2976 502 3033 pedimentum
534 2977 965 3032 consanyuinitatis
987 2978 1039 3019 in
1069 2977 1115 3018 1⁰
1137 2976 1298 3033 yradu
1321 2977 1476 3020 tineae
1507 2982 1826 3029 transversae;
1861 2977 1903 3032 2)
1925 2980 1972 3020 et

181 3061 367 3115 primus
388 3057 644 3116 affinitatis
664 3058 847 3116 gradus
880 3058 1034 3103 lineae
1057 3064 1211 3103 rectae
1231 3072 1286 3102 ex
1307 3059 1583 3103 connubiali
1601 3060 1785 3116 copula.
1820 3064 1970 3114 Quare
