2176 3386
234 165 315 207 236
910 184 1020 215 PARS
1049 186 1091 215 11.
1121 187 1178 216 DE
1206 188 1344 218 REBus
1586 191 1587 197 ¹
1905 198 1909 202 ’

237 231 2015 256 Ἢ

358 287 486 332 1129.
519 290 688 335 Verum
722 291 809 336 hac
842 292 895 337 in·
922 294 1115 340 materia
1157 297 1377 343 ecclesiae
1408 297 1645 358 disciplina
1675 299 2014 361 aliquantulum

235 371 414 414 mutata
447 375 518 415 est
558 375 660 429 post
691 374 1076 422 constitutionem
1116 379 1382 438 officiorum
1416 383 1458 427 S.
1495 385 1542 427 P.
1582 383 1743 429 Leonis
1784 389 1881 432 xm
1921 386 2013 434 lata

233 449 305 495 die
338 455 436 497 VIII
468 455 553 499 cal.
590 455 702 500 febr.
744 456 870 502 1897.
916 463 1039 505 Η666
1071 460 1339 508 constitutio
1371 454 1551 509 abolitis
1582 465 1796 513 omnibus
1828 469 2011 527 regulis,

233 534 646 593 observationibus,
672 539 869 586 decretis
890 546 937 587 et
961 544 1292 590 monitionibus
1320 547 1403 591 1166
1426 547 1474 592 111
1506 562 1556 593 re
1584 563 1610 594 a
1638 553 1727 595 RR.
1753 553 1833 596 PP.
1859 553 2010 610 editis,

232 622 425 676 excepta
473 622 657 666 constit.
707 623 912 669 Sollicita
945 631 986 669 et
1015 627 1217 683 provida
1257 642 1346 687 qua
1390 630 1660 677 Benedictus
1693 637 1790 679 XIV
1828 649 2014 682 normas

229 829 383 867 facultas
409 831 596 878 Episcopo
623 835 770 872 tenendi
798 841 834 872 et
860 835 1007 882 legendi
1042 851 1056 869 α
1074 847 1151 874 11611
1176 845 1298 877 tamen
1324 841 1407 878 aliis
1434 844 1672 890 concedendi,
1693 852 1951 895 praeterquam
1966 851 2012 888 ad

236 904 426 946 «tempus,
455 906 578 939 tamen
606 904 650 940 iis
677 905 930 943 sacerdotibus
950 917 1044 953 quos
1071 910 1269 956 praecipue
1295 912 1449 950 idoneos
1476 918 1584 961 atque
1602 916 1777 954 honestos
1800 928 1881 956 esse
1909 922 2010 966 sciat,

234 973 382 1010 «libros
409 976 629 1021 prohibitos,
657 979 822 1022 exceptis
860 980 1036 1025 operibus
1077 982 1223 1029 Dupuy,
1250 984 1405 1031 Volney‚
1439 986 1484 1023 Μ.
1511 987 1731 1033 Reghellini,
1764 990 1923 1036 Pigault,
1961 993 2010 1029 Le

234 1057 248 1075 ι
268 1044 380 1088 Brun,
407 1046 458 1081 De
485 1046 620 1090 Potter,
648 1048 841 1092 Bentbam,
869 1050 894 1086 Ι.
924 1050 966 1087 A.
994 1051 1167 1095 Dufaure,
1194 1054 1300 1090 Fetes
1325 1059 1361 1091 et
1386 1055 1623 1094 Courtisanes
1662 1059 1705 1095 de
1732 1059 1767 1096 la
1793 1061 1917 1104 Grece‚
1936 1062 2011 1099 No-

235 1130 248 1147 ι
266 1116 359 1152 velle
386 1117 421 1153 di
449 1118 546 1154 Casti
573 1123 607 1154 et
635 1119 718 1155 aliis
745 1121 919 1165 operibus
946 1122 990 1158 de
1011 1123 1208 1160 obscoenis
1225 1130 1260 1161 et
1280 1130 1408 1163 contra
1425 1127 1644 1173 religionem
1672 1140 1717 1167 ex
1745 1131 1911 1176 professo
1939 1137 2010 1170 tra-

234 1201 247 1218 «
267 1188 454 1224 ctantibus
474 1203 506 1225 ».

345 1259 387 1294 In
414 1260 590 1297 Formula
618 1272 703 1298 vero
731 1263 767 1299 C.
794 1263 900 1300 datur
926 1264 1078 1302 facultas
1113 1268 1326 1304 «retinendi
1354 1274 1389 1306 et
1417 1269 1563 1315 legendi
1590 1271 1704 1308 libros
1727 1273 1772 1310 ab
1795 1274 2010 1320 Apostolica

233 1342 246 1359 ι
266 1329 357 1366 Sede
385 1331 604 1375 prohibitos,
631 1334 742 1369 etiam
776 1339 904 1371 contra
938 1336 1158 1382 religionem
1185 1348 1230 1374 ex
1257 1339 1426 1385 professo
1463 1346 1638 1388 agentes,
1665 1344 1710 1380 ad
1737 1343 1906 1382 effectum
1945 1356 2009 1383 eos

237 1413 249 1430 ι
269 1400 527 1446 impugnandi,
556 1413 650 1449 quos
678 1409 799 1441 tamen
827 1406 1023 1452 diligenter
1048 1409 1254 1454 custodiat,
1282 1420 1326 1446 ne
1353 1411 1399 1448 ad
1425 1412 1584 1449 aliorum
1611 1423 1744 1451 manus
1780 1417 2007 1461 perveniant,

235 1487 248 1505 ι
267 1475 431 1520 exceptis
450 1477 696 1523 astrologicis,
718 1478 929 1523 iudiciariis,
958 1483 1226 1527 superstitiosis
1253 1493 1294 1519 66
1313 1485 1509 1522 obscoenis
1537 1497 1583 1523 ex
1609 1488 1792 1532 professo;
1820 1491 2006 1527 eamdem·

232 1560 245 1578 ‹
266 1557 337 1592 que
364 1548 575 1586 facultatem
603 1551 715 1587 etiam
741 1552 822 1589 aliis
850 1554 1088 1597 concedendi,
1108 1565 1216 1600 parce
1244 1561 1367 1593 tamen
1394 1562 1429 1593 et
1455 1558 1656 1597 dummodo
1682 1562 1879 1607 prudenter
1905 1573 2007 1610 prae-

231 1633 245 1651 «
262 1631 407 1657 sumere
434 1623 562 1668 possit,
590 1623 735 1660 nullum
762 1635 826 1661 eos
853 1635 898 1662 ex
926 1626 1134 1663 huiusmodi
1164 1628 1320 1665 lectione
1348 1629 1607 1668 detrimentum
1634 1642 1716 1668 esse
1735 1643 1909 1679 passuros
1927 1648 1959 1671 ι.

342 1692 455 1729 Porro
482 1693 617 1731 limites
645 1696 778 1740 prioris
806 1696 990 1734 facultatis
1017 1698 1055 1733 hi
1083 1705 1190 1736 sunt:
1221 1699 1253 1745 1)
1281 1700 1438 1737 Concedi
1467 1711 1543 1738 non
1569 1708 1689 1748 potest
1715 1704 1835 1749 laicis;
1874 1704 1910 1751 2)
1937 1715 2005 1744 nec

223 1763 477 1801 sacerdotibus
503 1775 584 1801 eam
612 1767 838 1809 concedere,
866 1777 935 1804 nec
961 1769 1032 1805 sibi
1059 1779 1141 1806 eam
1169 1780 1314 1808 sumere
1342 1777 1462 1817 potest
1495 1774 1719 1820 Episcopus,
1748 1776 1778 1811 si
1807 1782 1938 1822 agatur
1962 1778 2006 1814 de

220 1834 335 1878 libris,
363 1846 519 1882 quorum
546 1841 715 1874 auctores
744 1845 991 1882 recensentur,
1018 1845 1081 1877 aut
1099 1841 1142 1878 de
1171 1842 1368 1880 obscoenis
1388 1844 1444 1880 vel
1462 1850 1591 1882 contra
1610 1847 1831 1892 religionem
1858 1859 1903 1886 ex
1922 1859 2005 1895 pro-

222 1905 319 1942 fesso
347 1908 599 1944 tractantibus.
632 1909 731 1945 Libri
759 1920 845 1946 vero
873 1921 918 1947 ex
944 1912 1104 1958 professo
1145 1913 1320 1950 obscoeni
1351 1915 1387 1950 in
1414 1915 1483 1951 hac
1521 1916 1695 1954 fucultate
1733 1919 1863 1956 eodem
1892 1929 2006 1958 sensu

220 1977 381 2020 veniunt,
410 1988 483 2024 quo
513 1979 548 2014 in
575 1980 732 2025 septima
760 1981 901 2026 Regula
940 1982 1100 2027 Iudicis,
1128 1993 1194 2020 seu
1224 1984 1286 2030 qui
1314 1995 1372 2022 res
1404 1986 1611 2024 obscoenas
1638 1991 1816 2032 tractant,
1844 1997 2005 2034 narrant,

220 2055 282 2087 aut
309 2050 454 2087 docent.
492 2052 553 2088 Ex
575 2054 740 2099 professo
768 2053 789 2089 i.
817 2065 848 2089 e.
874 2063 950 2090 non
977 2054 1114 2091 sufficit
1151 2055 1287 2093 librum
1321 2058 1511 2094 continere
1542 2068 1655 2096 unum
1693 2061 1863 2106 pluresve
1902 2061 2004 2099 locos

220 2121 439 2165 obscoenos,
467 2123 531 2159 sed
559 2128 703 2169 oportet
720 2129 909 2170 praeterea
937 2130 976 2162 ut
1002 2126 1139 2164 directe
1165 2127 1311 2173 (saltem
1338 2129 1529 2175 implicite)
1548 2139 1591 2166 66
1614 2131 1651 2166 111
1669 2131 1794 2178 aliqua
1819 2133 1875 2169 3111
1902 2137 2004 2179 parte

219 2194 375 2231 notabili
402 2205 547 2231 morum
566 2195 798 2233 honestatem
826 2198 995 2234 lacessat.
1021 2199 1161 2235 Eodem
1187 2199 1297 2237 modo
1316 2201 1471 2247 intelligi
1497 2202 1609 2239 debet
1647 2203 1737 2240 illud
1763 2215 1809 2240 eoe
1842 2206 2003 2252 professo

219 2264 332 2301 relate
359 2265 404 2301 ad
431 2265 546 2302 libros
573 2271 700 2303 contra
724 2267 943 2313 religionem
971 2274 1181 2306 tractantes.
1210 2270 1347 2308 Contra
1369 2271 1589 2318 Reliyz'onem
1617 2273 1638 2309 i.
1665 2284 1696 2310 e.
1723 2279 1853 2312 contra
1891 2279 2003 2313 totam

218 2337 448 2383 religionem.
475 2338 557 2374 Non
584 2338 721 2375 sufficit
750 2340 860 2385 igitur
886 2344 923 2376 ut
950 2341 1045 2377 111161·
1085 2346 1197 2378 totam
1223 2342 1444 2388 religionem
1479 2344 1677 2382 revelatam
1711 2346 1913 2392 impugnet,
1938 2348 2004 2385 sed

218 2418 370 2445 necesse
395 2413 451 2446 est
477 2413 516 2446 ut
542 2410 653 2447 etiam
680 2414 808 2447 contra
832 2411 1050 2457 religionem
1087 2413 1291 2449 naturalem
1322 2415 1552 2460 conscriptus
1579 2416 1646 2460 sit;
1678 2417 1708 2453 si
1734 2418 1834 2454 enim
1873 2423 2002 2456 auctor
2031 2430 2034 2433 ⁴

218 2484 317 2517 sarta
342 2485 437 2518 tecta
465 2486 584 2518 servet
602 2482 841 2519 fundamenta
867 2483 1062 2529 religionis
1088 2485 1279 2528 naturalis,
1298 2487 1420 2531 operis
1449 2487 1568 2530 lectio,
1595 2487 1679 2525 licet
1706 2489 1929 2527 christianae
1947 2500 2001 2527 re-

217 2552 369 2598 ligionis
401 2553 618 2596 subversivi,
645 2554 831 2600 Episcopo
858 2554 959 2591 licita
984 2565 1066 2591 esse
1093 2559 1129 2592 et
1154 2556 1201 2592 ab
1228 2557 1358 2594 eodem
1385 2558 1544 2603 permitti
1573 2560 1717 2604 poterit.

336 2625 502 2671 Denique
529 2625 620 2662 haec
647 2625 800 2662 facultas
827 2627 872 2662 ad
900 2632 1044 2673 tempus
1079 2631 1221 2664 tantum
1258 2629 1412 2666 concedi
1445 2634 1576 2676 potest.
1613 2631 1726 2668 Porro
1753 2642 1825 2669 vox
1860 2635 2000 2680 tempus

217 2695 418 2741 opponitur
443 2697 689 2742 perpetuitati,
717 2707 783 2734 seu
810 2698 965 2744 tempori
991 2699 1088 2735 vitae
1115 2699 1195 2736 61113
1220 2700 1280 2736 6111
1308 2700 1425 2737 datur.
1460 2701 1624 2738 Praetice
1652 2702 1849 2748 loquendo,
1876 2707 2001 2749 potest

216 2767 424 2814 Episcopus
450 2777 532 2804 eam
560 2769 835 2806 communicare
862 2779 979 2816 usque
1005 2770 1051 2807 ad
1076 2771 1362 2809 revocationem.
1387 2772 1516 2819 Neque
1543 2773 1696 2820 impedit
1721 2774 1821 2820 quod
1846 2775 2001 2821 Episco-

216 2848 286 2884 pus
312 2849 374 2876 eas
400 2839 590 2876 facultates
619 2840 752 2876 habeat
778 2850 835 2878 ex.
863 2850 915 2887 gr.
942 2843 990 2879 ad
1014 2842 1309 2889 quinquennium,
1328 2853 1386 2879 res
1412 2843 1512 2880 enim
1539 2843 1692 2882 indubia
1707 2849 1775 2890 est,
1792 2845 1998 2892 Episcopos

216 2908 406 2946 facultates
434 2919 519 2946 suas
545 2911 672 2957 elapso
698 2917 864 2958 tempore
882 2912 928 2948 ad
946 2913 1046 2958 quod
1072 2922 1273 2950 concessae
1292 2918 1388 2958 sunt,
1414 2914 1547 2951 iterum
1572 2923 1595 2951 a
1620 2915 1655 2952 S.
1682 2915 1775 2953 Sede
1801 2906 2009 2962 impetrare

214 2989 259 3017 ac
285 2981 475 3026 obtinere,
501 2991 638 3028 easque
665 2983 866 3020 voluntatis
902 2994 992 3021 suae
1017 2988 1100 3022 actu
1127 2985 1172 3022 de
1197 2994 1296 3022 novo
1322 2987 1526 3023 concedere
1556 2992 1762 3024 noscuntur
1797 2988 1869 3024 hoc
1903 2978 1998 3034 ipso}

215 3053 316 3099 quod
342 3063 406 3090 eas
431 3059 542 3091 antea
566 3054 614 3090 ad
638 3055 912 3092 revocationem
938 3065 1057 3102 usque
1088 3056 1232 3103 elargiti
1259 3061 1356 3094 sunt.
