2176 3386
250 175 331 216 224
918 189 1029 219 PARS
1058 191 1099 219 11.
1133 191 1190 220 DE
1219 191 1358 222 minus

251 298 357 357 Sup.
395 298 602 358 Inquisit.
638 296 710 344 die
747 300 800 344 15
831 298 946 343 iunii
974 300 1101 355 1554,
1125 313 1215 359 quo
1248 301 1531 361 affirmative
1561 316 1831 362 responsum
1859 304 1946 349 suit
1970 305 2025 350 ad

249 381 464 438 dubium,
498 382 618 441 quod
659 381 886 441 sequitur:
930 387 999 426 An
1041 385 1092 427 in
1133 383 1330 428 ecclesiis
1370 383 1703 429 catholicorum
1743 385 1934 432 Rhetiae
1970 387 2027 432 ab

246 465 492 511 haereticis
522 467 770 522 occupatis,
806 467 1099 510 Missionarii
1124 467 1301 522 possint
1330 480 1419 511 sua
1460 470 1682 512 exercitia
1713 471 2026 515 continuare?

251 551 314 594 Ac
350 548 489 593 certis
534 547 873 593 conditionibus
910 547 1139 592 indultum
1174 547 1259 592 hoc
1292 548 1431 594 fuisse
1467 563 1572 594 cum
1607 550 1944 610 dispensatione
1977 553 2024 598 in

247 632 347 678 aliis
379 632 716 677 haereticorum
749 631 969 687 ecclesiis,
1005 631 1148 690 liquet
1179 646 1238 676 ex
1271 633 1481 692 sequenti
1523 634 1733 680 decreto:
1785 637 2025 681 Sanctissi-

248 731 351 761 mus
383 719 611 760 Dominus
643 721 796 760 noster
829 718 881 759 D.
924 715 1127 758 Clemens
1159 715 1323 760 divina
1364 717 1666 763 Providentia
1701 721 1836 776 Papa
1871 722 1938 764 XI
1974 723 2024 765 in

242 799 535 858 particulari
565 799 811 844 audientia
844 797 962 842 milti
995 799 1319 843 Commissario
1353 800 1395 842 S.
1427 800 1575 859 Officii
1604 802 1717 847 data
1741 802 1872 859 dixit,
1907 805 2028 862 quod

248 884 312 928 ad
344 882 535 940 facilius
562 881 932 939 promovendam
964 881 1369 926 schismaticorum
1402 889 1442 927 et
1475 885 1738 941 infidelium
1771 889 2026 931 conversio·

245 980 368 1022 nem,
404 966 592 1023 illosque
625 965 897 1010 alliciendos
930 965 993 1008 ad
1030 966 1185 1008 Fidem
1224 965 1505 1010 Catltolicam
1539 969 1912 1025 amplectendam
1952 985 2026 1016 sa-

245 1062 442 1094 crarum
474 1050 886 1093 caeremoniarum
919 1049 1112 1099 intuitu,
1147 1047 1346 1104 benique
1377 1049 1574 1094 indulsit
1610 1053 1744 1095 Patri
1765 1052 2021 1110 Praefecto,

244 1146 324 1176 seu
371 1130 701 1188 Vicepraefecto
739 1132 1149 1175 Missionariorum
1186 1145 1274 1188 pro
1316 1137 1518 1188 tempore
1560 1135 1609 1176 in
1648 1134 1892 1193 AEtliyopia
1932 1140 2023 1182 exi-

243 1216 478 1271 stentibus,
517 1221 564 1258 ut
591 1228 678 1271 pro
712 1228 873 1258 eorum
907 1214 1103 1259 arbitrio
1136 1220 1178 1258 et
1208 1219 1490 1260 conscientia
1538 1217 1810 1274 dispensare
1850 1224 2026 1277 possint

245 1312 350 1342 cum
384 1299 545 1342 iisdem
585 1299 924 1352 Missionariis,
960 1300 1112 1356 eisque
1154 1297 1429 1355 facultatem
1477 1301 1723 1346 concedere
1760 1303 2027 1350 celebrandi

243 1387 593 1426 sacrosanctum
631 1382 797 1425 Missae
832 1381 1126 1439 Sacrificium
1160 1381 1381 1426 catholico
1416 1397 1612 1428 romano
1645 1387 1741 1429 ritu
1785 1400 1925 1444 super
1958 1389 2024 1433 al-

247 1467 343 1509 tari
374 1467 424 1508 in
464 1464 644 1521 templis
685 1463 1055 1518 haereticorum,
1091 1477 1170 1508 seu
1210 1463 1610 1510 schismaticorum
1653 1469 1704 1510 in
1748 1468 2022 1527 AEthyopia;

247 1550 315 1592 ‘ita
338 1554 387 1591 ut
410 1548 571 1592 eadem
597 1548 775 1592 altaria
802 1560 896 1591 non
929 1549 1207 1603 inserviant,
1234 1550 1329 1592 nisi
1343 1562 1432 1606 pro
1457 1550 1597 1593 nudis
1630 1551 1810 1606 tabulis,
1835 1558 1876 1595 et
1898 1565 2025 1597 more

250 1630 587 1675 Catlzolicorum
611 1630 927 1687 disponantur
958 1643 1064 1674 cum
1086 1636 1272 1675 sacrato
1296 1632 1485 1688 Lapide,
1512 1635 1708 1690 Mappis,
1737 1635 2027 1680 Sanctis-simi

245 1716 413 1758 Missae
447 1713 679 1772 sacrificii
711 1715 820 1756 Ritu
840 1713 1106 1770 praedicto.-
1143 1727 1405 1772 numquam
1441 1721 1597 1760 tamen
1621 1718 1921 1773 generaliter,
1946 1719 2024 1763 sed

244 1799 295 1840 in
328 1797 508 1841 casibus
535 1795 924 1852 particularibus,
950 1798 1000 1839 in
1023 1796 1186 1854 quibus
1209 1797 1308 1842 alia
1342 1798 1442 1843 loca
1464 1800 1778 1844 commodiora
1801 1813 1895 1843 non
1917 1815 2023 1858 sup·

240 1885 428 1937 petant,
464 1885 504 1922 et
537 1892 713 1936 urgens
744 1880 800 1922 sil
834 1880 1078 1922 necessitas
1121 1879 1183 1924 ad
1225 1878 1416 1935 facilius
1458 1881 1632 1927 dictam
1678 1885 2022 1927 conversionem

239 1963 624 2021 promovendam,
660 1968 700 2007 et
732 1964 927 2019 insuper
959 1962 1022 2006 ad
1059 1962 1394 2008 Catholicorum
1429 1966 1803 2021 consolationem,
1830 1966 2023 2026 aliisque

245 2050 374 2092 iustis
405 2053 446 2090 et
478 2048 822 2103 uryentissimis
853 2046 908 2089 de
934 2049 1100 2101 causis,
1128 2047 1399 2092 iudicandis
1431 2048 1487 2092 ab
1519 2049 1687 2093 eisdem
1716 2052 1856 2094 Patre
1880 2052 2021 2094 Prae-

243 2130 373 2189 fecto,
408 2145 488 2175 sea
531 2128 863 2187 Vicepraefecto
897 2131 1322 2185 Missionariorum,
1362 2145 1502 2188 super
1524 2131 1687 2189 quibus
1717 2144 1877 2175 eorum
1916 2145 2021 2175 con-

241 2216 485 2259 scientiam
518 2215 747 2257 oneravit.
789 2212 864 2256 Die
901 2213 953 2256 12
991 2212 1144 2270 aprilis
1181 2213 1307 2258 1704.

367 2297 497 2342 1109.
532 2297 597 2341 Ad
629 2296 767 2341 haec:
805 2298 845 2340 S.
883 2295 1018 2339 [niv.
1057 2299 1153 2355 [nq.
1189 2295 1260 2340 die
1294 2297 1348 2341 26
1383 2302 1496 2355 sept.
1541 2296 1648 2342 1668
1680 2297 1887 2342 decrevit
1927 2311 2020 2343 non

245 2380 382 2426 licere
415 2378 651 2426 catholicis
682 2378 949 2423 Hollandiae
982 2379 1130 2436 proles
1153 2391 1257 2423 suas
1291 2379 1520 2425 haeretico
1554 2378 1766 2424 ministro
1788 2378 2020 2438 baptizan-

244 2464 324 2508 das
345 2463 526 2518 offerre,
561 2476 619 2507 ne
653 2465 876 2520 cogantur
924 2462 1117 2506 multam
1153 2461 1521 2522 vigintiquinque
1567 2463 1846 2508 florenorum
1894 2462 2022 2508 Fisco

245 2546 456 2601 solvere,
494 2559 640 2605 neque
674 2560 730 2590 ex
771 2544 825 2589 iis
866 2544 1205 2589 calvinisticam
1253 2558 1445 2590 coenam
1494 2559 1707 2601 sumere,
1740 2558 2020 2604 quamquam

245 2630 401 2676 animo
433 2644 535 2675 eam
569 2629 817 2689 quidquam
854 2630 1097 2687 profanum
1135 2634 1394 2674 censerent.
1432 2628 1511 2675 Die
1545 2643 1655 2674 vero
1688 2629 1745 2674 20
1777 2628 1873 2673 iulii
1910 2628 2020 2674 1708

244 2712 451 2758 decrevit
482 2711 719 2757 catholicis
752 2711 963 2757 Armenis
995 2712 1140 2771 Aiippi
1174 2725 1267 2757 non
1300 2712 1454 2768 licere,
1491 2726 1549 2757 ne
1581 2712 1765 2772 quidem
1798 2712 1940 2757 semel
1971 2711 2018 2757 in

243 2809 384 2851 anno,
419 2809 600 2841 sumere
633 2795 1010 2848 communionem
1043 2794 1394 2840 eucharisticam
1428 2809 1454 2840 a
1485 2794 1796 2840 sacerdotibus
1818 2793 2020 2839 armenis

243 2883 290 2924 et
321 2878 647 2936 schismaticis;
682 2882 730 2923 et
760 2878 948 2923 tandem
981 2877 1054 2923 die
1085 2878 1141 2923 28
1173 2891 1275 2936 aug.
1314 2878 1423 2923 1709
1457 2878 1616 2923 eadem
1650 2879 1754 2936 Sup.
1782 2876 2019 2937 Inquisitio

242 2962 406 3008 statuit
444 2982 463 3003 a
490 2963 615 3007 nullo
649 2962 783 3007 modo
816 2961 953 3007 licere
986 2961 1043 3006 ab
1078 2960 1294 3020 Episcopo
1327 2960 1621 3005 schismatico
1653 2973 1807 3005 sacros
1838 2958 2019 3005 ordines

241 3045 471 3106 suscipere
509 3051 646 3106 atque
689 3044 923 3091 ordinatos
954 3044 1011 3090 ab
1043 3043 1303 3089 huiusmodi
1351 3042 1579 3102 Episcopis
1619 3055 1717 3088 esse
1750 3042 2019 3101 irregulares

2146 2052 2176 2091 :5‘1'
2140 1930 2176 2029 ’ἕῳ-τ’,
2143 1898 2161 1919 ”
2146 1864 2160 1885 ””
2148 1838 2150 1850 “
