2176 3386
503 205 635 234 Lmen
663 205 688 233 1.
718 204 775 233 DE
805 202 943 232 iil-:nus
972 201 1208 230 ECCLESIAE
1236 200 1566 229 SPIRITUALIBUS
1854 192 1932 232 189

255 420 273 467 ἓ
298 421 332 457 2.
359 439 403 445 -—
430 419 489 456 De
515 419 699 464 deleqata
720 419 916 465 potestate
942 417 1201 464 dispensandi
1227 417 1416 464 Episcopi
1446 417 1508 453 vel
1533 417 1818 454 Praelatorum

565 490 633 537 qai
659 489 936 526 iurisdictione
962 490 1076 536 quasi
1103 489 1319 536 episcopali
1342 488 1506 535 pollent.

267 647 393 691 1015.
435 646 679 704 Episcopus
701 647 782 688 aut
807 643 1038 687 Praelatus
1061 642 1324 701 dispensare
1350 646 1540 699 possunt
1563 656 1621 686 ex
1644 642 1929 701 delegatione

143 730 217 774 vel
249 741 480 786 expressa,
518 727 591 772 vel
624 729 782 781 tacita,
819 727 893 771 vel
923 731 1250 783 praesumpta.
1817 777 1819 780 .

267 812 394 856 1016.
432 810 725 867 Delegatione
758 821 972 867 expressa
1006 822 1065 852 ex
1099 808 1195 865 lege
1229 808 1465 853 communi
1505 808 1708 867 Episcopi
1749 808 1929 867 dispen-

142 907 242 939 sare
267 894 425 938 valent
447 907 471 937 a
495 892 659 937 bannis
682 906 759 936 seu
796 890 1234 950 proclamationibus
1268 890 1685 935 matrimonialibus
1708 890 1931 936 faciendis

142 993 197 1023 ex
224 992 322 1036 cap.
350 980 388 1033 l,
414 980 529 1022 SeSS.
556 978 630 1031 24,
654 980 791 1022 Conc.
819 975 936 1020 Trid.
964 975 1019 1019 de
1046 976 1243 1020 Reform.
1272 979 1405 1019 matr.
1433 979 1564 1020 quta
1593 979 1768 1019 Decret.
1798 979 1838 1019 S.
1860 979 1931 1019 In-

142 1060 402 1120 quisitionis
432 1060 514 1104 snb
535 1061 609 1103 die
632 1060 693 1102 20
719 1058 837 1115 febr.
869 1058 995 1101 1888
1019 1059 1356 1115 approbatione
1391 1060 1553 1102 Leonis
1580 1059 1695 1100 Xlll
1727 1058 1930 1102 locorum

143 1143 370 1190 Ordinarii
406 1143 669 1201 dispensare
696 1142 867 1196 valent,
894 1141 992 1186 sive
1018 1156 1095 1200 per
1116 1155 1162 1186 se
1196 1143 1294 1186 sive
1328 1156 1408 1199 per
1438 1141 1798 1186 ecclesiasticam
1834 1157 1930 1200 per-

143 1243 302 1275 sonam
337 1227 418 1272 sibi
455 1225 720 1271 benevisam
756 1230 965 1283 aegrotos
998 1225 1044 1270 in
1080 1225 1352 1283 gravissimo
1387 1226 1547 1270 mortis
1580 1226 1781 1284 periculo
1824 1240 1932 1271 con·

143 1312 328 1357 stitutos
359 1310 542 1370 quando
578 1323 668 1353 non
704 1308 905 1366 suppetit
937 1313 1119 1365 teinpus
1153 1308 1417 1353 recurrendi
1452 1309 1505 1353 ad
1533 1311 1574 1353 S.
1602 1309 1761 1354 Sedem
1797 1323 1934 1368 super

144 1395 486 1453 impedimentis
535 1393 674 1438 etiam
705 1392 902 1449 publicis
952 1391 1298 1435 matrimonium
1337 1392 1432 1436 iure
1467 1392 1776 1438 ecclesiastico
1819 1393 1925 1437 ‹liri-

146 1479 393 1531 mentibus‚
418 1483 598 1534 excepto
629 1490 763 1521 sacro
799 1476 1178 1534 praesbyteratus
1206 1476 1382 1519 Ordine
1419 1483 1459 1519 et
1502 1476 1741 1535 affinitate
1778 1478 1932 1522 tineae

89 1560 97 1565 ’
145 1567 297 1606 rectae
329 1576 383 1605 ed·
415 1561 581 1618 copula
616 1560 745 1604 licita
776 1561 1092 1615 proveniente.

268 1644 395 1687 1017.
432 1642 472 1687 Si
510 1647 664 1687 tamen
714 1641 1087 1700 dispensaverint
1120 1641 1165 1685 in
1200 1642 1278 1686 tali
1319 1642 1593 1687 necessitate
1640 1643 1698 1687 ab
1745 1643 1932 1701 impedi·

146 1726 315 1771 mentis
354 1726 547 1769 Ordinis
580 1725 860 1770 diaconatus
896 1725 966 1768 vel
998 1725 1377 1780 subdiaconatus,
1405 1726 1477 1769 vel
1510 1739 1647 1783 quem
1680 1725 1930 1769 solemnem

141 1808 475 1866 professionem
509 1810 714 1852 emiserit
736 1811 782 1851 et
806 1812 959 1865 postea
995 1807 1338 1862 convaluerint,
1374 1807 1645 1852 Ordinarius
1678 1808 1732 1851 de
1768 1808 1932 1865 imper-

144 1892 226 1936 tita
262 1893 608 1950 dispensatione
639 1895 679 1937 S.
707 1894 752 1936 C.
782 1895 878 1950 Inq.
917 1893 1159 1935 certiorem
1195 1891 1368 1948 saciat,
1406 1898 1452 1936 et
1485 1892 1670 1936 interim
1719 1895 1850 1936 curet
1882 1896 1933 1935 ut

144 1977 411 2022 scandalum
447 1981 743 2020 removeatur
769 1979 868 2020 tum
904 1975 1167 2019 inducendo
1191 1975 1369 2019 eosdem
1393 1975 1610 2031 coniuges
1633 1980 1683 2019 ut
1707 1978 1757 2019 in
1782 1975 1932 2019 locum

145 2073 191 2104 se
224 2060 467 2104 conferant
500 2059 574 2102 ubi
608 2061 820 2116 eoniuyis
851 2059 1160 2104 ecclesiastiea
1195 2059 1398 2104 conditio
1433 2060 1698 2117 ignoratur,
1736 2059 1808 2103 vel
1840 2059 1931 2104 sal-

145 2150 232 2188 tem
266 2143 377 2187 dent
407 2156 600 2200 operam
632 2143 958 2200 spiritualibus
998 2145 1230 2187 exercitiis
1269 2150 1310 2186 et
1346 2146 1656 2200 poenitentiis,
1707 2147 1836 2187 Hanc
1870 2144 1932 2187 fa·

135 2227 366 2271 cultatem
418 2226 621 2284 Episcopi
673 2225 881 2284 parochis
922 2226 1217 2283 subdelegare
1254 2227 1411 2271 valent
1448 2227 1483 2270 si
1519 2231 1701 2284 tempus
1742 2227 1798 2271 ad
1835 2226 1933 2286 Epi-

145 2323 305 2368 scopos
328 2310 591 2354 recurrendi
616 2310 742 2354 deest
764 2314 811 2354 et
835 2309 1089 2368 periculum
1114 2312 1171 2354 sit
1197 2311 1240 2354 in
1270 2325 1413 2355 mora.
1442 2313 1482 2354 S.
1507 2313 1553 2354 [J.
1577 2315 1606 2356 I.
1635 2311 1659 2355 9
1683 2316 1774 2356 lan.
1808 2310 1932 2355 1889.

147 2395 343 2439 Nomine
377 2393 561 2452 parochi
598 2408 688 2438 non
737 2393 1058 2451 intelliguntur
1091 2394 1176 2439 nisi
1216 2394 1399 2452 parochi
1433 2394 1642 2439 titulares
1677 2407 1730 2438 ac
1766 2394 1932 2438 Vicarii

147 2478 352 2536 perpetui
377 2482 423 2522 et
444 2477 748 2536 temporanei,
774 2478 1086 2522 excluduntur
1111 2477 1402 2536 viceparochi
1426 2481 1471 2522 et
1494 2469 1735 2536 capellani.
1765 2481 1806 2522 S.
1828 2479 1928 2522 [21.

147 2563 203 2607 ⁹25
235 2576 330 2620 apr.
371 2562 498 2606 1890.

271 2645 398 2690 1018.
434 2644 652 2690 Similiter
702 2644 905 2703 Episcopi
953 2658 1012 2689 ex
1059 2644 1243 2703 speciali
1293 2645 1511 2689 mandato
1558 2644 1854 2702 dispensant,
1895 2643 1931 2688 si

148 2728 392 2787 specialem
417 2727 661 2773 habuerint
683 2730 740 2773 ab
764 2727 1023 2787 Apostolica
1047 2729 1159 2773 Sede
1182 2728 1535 2785 delegationem.
1564 2731 1798 2772 Romanus
1822 2740 1932 2771 vero

150 2811 362 2856 Pontifex
396 2811 470 2856 vel
507 2812 685 2868 delegat
730 2810 1027 2857 Ordinarium
1064 2826 1107 2856 v.
1146 2826 1210 2870 gr.
1249 2811 1594 2867 Florentinum,
1632 2812 1705 2855 vel
1740 2814 1794 2855 N.
1833 2809 1932 2868 Epi·

151 2907 338 2952 scopum
371 2893 704 2939 Florentinum.
756 2898 805 2939 ln
839 2896 884 2939 2⁰
918 2908 1026 2939 casu
1066 2894 1270 2939 Vicarius
1302 2893 1538 2940 Generalis
1577 2907 1630 2938 ac
1662 2892 1934 2952 Capitularis

150 2975 236 3022 illis
269 2977 563 3022 facultatibus
594 2978 661 3022 uti
696 2991 788 3022 non
822 2981 1012 3036 possunt
1046 2977 1133 3022 nisi
1168 2991 1382 3036 expresse
1420 2975 1843 3034 subdelegationem
1876 2975 1934 3020 ab

154 3060 370 3119 Episcopo
416 3060 711 3118 acceperint,
745 3073 876 3106 secus
911 3075 1020 3106 vero
1053 3060 1100 3106 in
1136 3060 1281 3120 primo
1317 3073 1440 3106 casu.
1493 3062 1707 3106 Ceterum
1749 3058 1931 3104 etiamsi
