2176 3386
930 712 1253 773 INDEX.

991 986 1119 1023 PARS
1147 988 1193 1023 II.

888 1101 926 1142 D
944 1101 977 1143 Ε
1035 1102 1067 1144 R
1084 1101 1117 1144 E
1133 1102 1166 1143 B
1183 1102 1219 1144 U
1235 1102 1265 1144 S
1282 1132 1294 1144 .

197 1274 338 1311 LIBER
364 1274 390 1309 Ι.
419 1274 480 1311 De
507 1273 633 1312 rebus
659 1274 868 1314 Ecclesiae
893 1275 1186 1322 spiritualibus
1205 1302 1752 1316 ..........
1802 1281 1887 1327 Pay.
1964 1280 1986 1316 2

196 1345 398 1382 TITULUS
424 1345 446 1381 l.
473 1347 524 1382 De
551 1346 662 1382 rebus
689 1346 878 1384 Ecclesiae
904 1342 1160 1393 spiritualibus
1187 1349 1323 1394 quibus
1351 1349 1463 1386 homo
1490 1350 1609 1387 fidelis
1635 1351 1682 1388 ad
1708 1352 1865 1397 gratiam

387 1417 682 1454 sanctificantem
709 1418 974 1464 acquirendam
999 1429 1043 1455 ac
1068 1420 1278 1466 augendam
1305 1421 1477 1467 dirigitur
1511 1451 1816 1461 ......
1867 1438 1881 1456 ι
1936 1425 1986 1462 ib.

196 1489 351 1526 CAPUT
380 1490 405 1524 1.
432 1490 484 1525 De
514 1488 754 1526 Sacramento
785 1491 1022 1536 Baptismatis
1026 1519 1815 1533 ..............
1867 1510 1880 1527 ν
1936 1496 1984 1533 ib.

197 1560 411 1597 Ammonos
437 1570 459 1597 1.
486 1561 537 1596 De
564 1562 727 1604 materia,
755 1562 882 1606 forma,
910 1562 1078 1600 subiecto
1105 1567 1140 1599 et
1167 1564 1336 1601 ministro
1363 1565 1543 1611 Baptismi
1573 1595 1817 1604 .....
1868 1582 1882 1599 ι»
1963 1568 1985 1604 5

196 1632 410 1669 Ammonos
436 1643 475 1669 ιι.
501 1634 554 1670 De
579 1632 772 1671 effectibus
798 1634 976 1680 Baptismi
1003 1640 1038 1671 et
1065 1635 1109 1671 de
1136 1636 1325 1681 Baptismo
1352 1637 1421 1674 sub
1447 1638 1660 1675 conditione
1686 1667 1696 1676 .
1748 1669 1755 1676 .
1807 1668 1815 1676 .
1867 1653 1881 1671 ι
1940 1639 1985 1676 10

197 1703 409 1740 Ammonos
436 1713 486 1740 111.
512 1704 565 1740 De
593 1704 811 1750 probatione
837 1710 873 1741 et
899 1706 1143 1742 caeremoniis
1170 1706 1348 1752 Baptismi
1388 1736 1815 1746 ........
1866 1723 1880 1741 »
1940 1710 1983 1747 17

195 1775 350 1813 CAPUT
378 1777 422 1812 ΙΙ.
449 1777 502 1812 De
529 1776 817 1814 confirmatione
853 1805 1814 1818 .................
1865 1795 1881 1813 ι
1938 1781 1985 1819 20

196 1847 351 1884 CAPUT
378 1847 440 1884 111.
468 1848 520 1884 De
546 1848 779 1885 Eucharistia
806 1874 1817 1890 .................
1867 1867 1880 1885 ι
1937 1853 1984 1890 26

197 1919 329 1956 Sacrio
356 1930 378 1956 1.
406 1921 458 1956 De
484 1920 740 1957 Eucharistiae
770 1926 1003 1958 sacramento
1029 1939 1877 1962 ...............
1932 1925 1984 1963 ih.

194 1990 408 2028 Ammonos
434 2002 458 2028 1.
485 1993 538 2028 De
565 1993 728 2037 materia,
755 1992 882 2036 forma,
909 1993 1079 2030 ministro
1106 1997 1139 2030 et
1167 1994 1336 2031 subiecto
1363 1995 1631 2033 Eucharistiae.
1684 2024 1692 2032 .
1743 2023 1753 2033 .
1804 2026 1812 2033 .
1863 2010 1877 2028 ι
1935 1997 1979 2033 27

194 2064 407 2101 Ammonos
434 2074 472 2101 11.
498 2065 550 2102 De
577 2065 884 2110 dispositionibus
910 2066 956 2102 ad
975 2067 1245 2103 Eucharistiam
1272 2069 1493 2106 necessariis
1520 2079 1563 2106 ac
1593 2070 1636 2106 de
1657 2070 1862 2116 frequentia

384 2135 665 2172 Communionis
671 2162 1814 2179 ....................
1865 2156 1878 2174 ι
1935 2143 1983 2179 50

193 2205 406 2242 Ammonos
433 2217 483 2243 111.
510 2207 562 2242 De
588 2207 699 2244 modo
726 2207 998 2245 Eucharistiam
1026 2209 1182 2246 infirmis
1209 2210 1443 2247 ministrandi
1504 2239 1811 2250 ......
1864 2227 1877 2244 »
1935 2213 1982 2249 55

193 2275 407 2314 Ammonos
433 2287 482 2314 iv.
509 2278 561 2314 De
588 2278 698 2314 modo
724 2279 941 2315 asservandi
973 2280 1245 2317 Eucharistiam
1265 2307 1812 2320 ..........
1863 2298 1877 2316 ι
1934 2285 1979 2321 57

194 2347 326 2385 Sucrio
353 2359 391 2385 11.
417 2350 470 2386 De
495 2349 751 2387 Eucharistiae
778 2351 962 2387 sacrificio
964 2380 1812 2392 ...............
1862 2371 1876 2389 ι
1933 2357 1979 2395 59

193 2420 408 2458 Αητιουιυε
433 2432 456 2458 1.
487 2421 540 2457 De
567 2422 815 2468 applicatione
842 2423 1022 2460 Sacrificii
1026 2451 1811 2465 ..............
1862 2443 1875 2461 ι
1929 2430 1979 2466 ib.

192 2491 405 2530 Ani-monos
431 2503 469 2530 11.
497 2494 549 2530 De
576 2493 823 2540 applicatione
849 2494 985 2531 Missae
1011 2495 1154 2532 ratione
1181 2497 1355 2541 stipendii
1384 2525 1810 2538 ........
1862 2515 1875 2532 »
1932 2501 1975 2537 41

192 2562 407 2599 Arri-monos
432 2573 484 2600 111.
510 2564 563 2600 De
590 2564 724 2600 Missae
751 2565 944 2602 iteratione
966 2594 1810 2609 ...............
1861 2585 1875 2603 »
1931 2572 1980 2610 50

193 2632 408 2670 Ammonos
433 2644 484 2670 iv.
513 2635 566 2672 De
592 2634 674 2671 loco
701 2639 737 2671 et
763 2639 928 2682 tempore
955 2637 1217 2675 celebrationis
1263 2657 1873 2678 ...........
1931 2643 1978 2680 54

193 2702 347 2740 CAPUT
373 2704 434 2742 IV.
461 2705 514 2741 De
541 2710 773 2743 sacramento
798 2707 1053 2744 Poenitentiae
1087 2736 1809 2753 .............
1861 2729 1874 2747 ι
1931 2715 1976 2751 57

192 2775 403 2813 Ammonos
424 2787 448 2814 1.
474 2777 526 2814 De
554 2779 707 2815 materia
730 2783 767 2815 et
793 2779 909 2816 forma
935 2781 1157 2817 sacramenti
1183 2782 1438 2820 poenitenliae
1442 2811 1810 2823 .......
1859 2800 1874 2819 ι
1928 2787 1977 2823 ib.

285 2852 300 2889 '5
329 2849 359 2885 1.
384 2868 408 2874 -
433 2849 484 2885 De
510 2849 739 2887 contritione
783 2873 1872 2895 ...................
1926 2859 1977 2896 ih.

285 2923 300 2960 S
326 2920 358 2957 2.
387 2939 406 2946 -
434 2921 486 2958 De
512 2920 753 2959 Confessione
783 2947 1811 2968 ..................
1860 2944 1874 2962 »
1930 2930 1976 2968 59

285 2994 300 3031 5
326 2991 359 3027 5.
389 3011 407 3017 -
434 2992 487 3027 De
514 2991 774 3030 satisfactione
777 3022 1806 3037 ..................
1858 3014 1871 3032 ι
1929 3000 1975 3038 65

284 3065 300 3102 3
324 3060 358 3097 4.
386 3080 406 3087 -
432 3063 485 3098 De
514 3063 757 3101 Absolutione
784 3093 1808 3109 ..................
1856 3086 1870 3104 ι
1928 3072 1975 3110 66
