2176 3386
521 223 651 252 Lim-:n
679 223 705 251 1.
743 222 799 251 DE
829 221 966 251 nanus
995 192 1229 250 Eccni-:smn
1258 217 1586 248 splm'rUALlssth
1896 205 1946 245 13

287 342 389 388 654.
429 342 582 386 Altera
617 339 862 385 instructio
893 338 1014 385 edita
1047 342 1118 384 est
1147 337 1220 383 die
1251 338 1309 382 20
1341 350 1451 382 nov.
1492 335 1604 381 1878
1628 335 1670 380 ¹:
1719 355 1740 376 α
1765 339 1816 380 ln
1839 349 1947 381 con-

165 425 380 471 versione
417 423 756 470 haereticorum
790 438 815 468 a
847 436 1140 483 quocumque
1182 421 1282 467 loco
1316 422 1389 466 vel
1433 435 1459 466 a
1491 433 1783 479 quacumque
1822 424 1948 465 secta

166 509 400 566 venerint,
425 507 752 568 inquirendum
776 511 846 551 est
867 507 922 551 de
946 505 1186 550 validitate
1209 503 1422 563 baptismi
1447 503 1495 548 in
1519 502 1697 548 haeresi
1727 502 1944 562 suscepti.

167 591 381 637 instituto
422 590 563 648 igitur
604 590 651 634 in
693 588 883 647 singulis
916 588 1096 633 casibus
1128 586 1377 642 examine,
1412 586 1448 631 si
1483 590 1772 644 compertum
1807 585 1948 630 fuerit

161 745 288 782 evenit
306 749 345 781 ut
362 753 533 790 compars
559 749 786 789 compartem
812 743 967 780 deserat.
1002 743 1091 779 Post
1108 742 1259 788 aliquod
1279 746 1424 787 tempus
1443 745 1564 787 partes
1592 740 1642 776 ita
1668 743 1857 786 separatae
1875 748 1951 776 non

167 817 418 863 infrequenter
443 816 489 852 ad
516 815 606 852 alias
633 815 782 861 nuptias
809 815 1023 859 convolant,
1049 814 1246 861 superstite
1273 814 1388 850 altera
1413 816 1528 859 parte.

292 887 375 924 Scio
395 886 567 932 equidem
586 895 674 922 casu
693 895 779 931 quo,
802 889 967 931 spectata
984 884 1158 932 qualitate
1184 884 1446 930 probationum
1474 892 1540 929 pro
1558 887 1594 918 et
1612 886 1749 926 contra,
1764 882 1952 918 dubitetur

166 969 256 996 num
274 959 329 995 vel
355 959 457 995 alteri
484 957 542 994 vel
568 958 715 1003 utrique
743 957 835 1002 parti
863 956 1038 994 collatum
1069 957 1178 993 fuerit
1203 956 1399 1002 baptisma,
1425 955 1598 992 standum
1626 964 1708 990 esse
1735 964 1800 1000 pro
1828 953 1951 990 valore

168 1031 393 1068 matrimonii
421 1040 506 1068 cum
532 1030 595 1066 tali
622 1030 736 1066 dubio
763 1039 806 1066 ac
833 1030 914 1066 sine
933 1029 1214 1075 dispensatione
1241 1028 1432 1070 contracti,
1452 1037 1572 1073 usque
1591 1027 1679 1064 dum
1705 1036 1783 1063 non
1809 1031 1952 1063 constet

168 1103 258 1139 illud
285 1103 397 1139 fuisse
424 1101 639 1139 invalidum.
672 1102 810 1138 Verum
838 1101 1098 1138 deficientibus
1126 1101 1258 1138 ceteris
1286 1110 1351 1146 pro
1380 1104 1534 1146 utraque
1561 1100 1663 1136 dubii
1691 1103 1792 1146 parte
1819 1099 1953 1145 proba-

168 1174 343 1216 tionibus,
370 1183 508 1220 quaero
536 1182 626 1209 num
654 1173 692 1208 in
718 1173 847 1209 ordine
874 1172 920 1209 ad
946 1172 1174 1208 matrimonii
1202 1173 1382 1208 contracti
1411 1171 1637 1208 validitatem
1656 1172 1712 1207 vel
1732 1171 1953 1214 nullitatem,

164 1246 316 1283 collatio
335 1245 392 1282 vel
421 1254 496 1281 non
522 1244 670 1281 collatio
699 1244 882 1290 baptismi,
902 1244 990 1281 dum
1017 1244 1217 1289 ignoratur,
1245 1254 1291 1280 ex
1318 1243 1502 1290 principio
1531 1244 1843 1290 praesumptionis
1869 1244 1955 1280 defi-

167 1317 305 1354 nienda
322 1315 395 1352 sit?
410 1345 464 1354 .....
494 1316 689 1360 Quaeritur
706 1315 858 1352 ulterius
878 1320 1000 1352 utrum
1019 1315 1107 1352 dum
1134 1315 1307 1361 baptismi
1332 1315 1479 1351 collatio
1507 1315 1708 1361 ignoratur,
1729 1315 1953 1361 principium

171 1389 483 1436 praesumptionis
502 1389 539 1424 in
558 1388 685 1424 ordine
712 1388 757 1424 ad
777 1388 937 1424 valorem
965 1387 1189 1423 matrimonii
1217 1387 1393 1423 contracti
1421 1387 1488 1423 rite
1508 1387 1715 1433 applicetur
1733 1388 1771 1423 in
1790 1387 1955 1424 articulis

170 1462 432 1508 sequentibus:
455 1459 488 1507 1)
507 1461 543 1498 Si
563 1470 647 1506 pars
665 1460 722 1496 vel
742 1464 863 1506 partes
881 1459 1111 1496 acatholicae
1131 1463 1301 1505 parentes
1320 1459 1518 1496 habuerint
1536 1460 1581 1496 ad
1601 1465 1738 1497 sectam
1767 1461 1954 1506 pertinen-

115 1556 118 1558 ·
170 1538 233 1576 tes,
253 1543 346 1580 quae
367 1533 591 1579 baptismum
607 1532 757 1578 respuit,
778 1531 835 1567 hic
862 1540 938 1567 non
964 1536 1020 1567 est
1039 1530 1341 1576 praesumendus.
1369 1529 1404 1576 2)
1424 1530 1524 1566 Idem
1550 1531 1822 1574 resolvendum,
1841 1532 1871 1568 si
1892 1542 1955 1578 pa-

173 1612 296 1643 rentes
323 1605 518 1642 habuerint
546 1605 772 1650 pertinentes
799 1604 844 1640 ad
863 1607 1014 1646 sectam,
1034 1613 1127 1649 quae
1157 1603 1351 1639 infantium
1372 1604 1597 1649 baptismum
1617 1614 1694 1641 non
1712 1605 1870 1641 admittit
1890 1616 1955 1643 seu

172 1677 208 1712 in
236 1686 310 1723 qua
335 1686 411 1713 non
438 1675 624 1712 confertur
649 1675 719 1711 nisi
747 1675 880 1711 adultis
907 1685 963 1712 ex.
991 1684 1045 1720 gr.
1072 1684 1211 1710 annum
1250 1675 1380 1710 aetatis
1419 1675 1653 1720 trigesimum
1692 1676 1765 1712 iam
1800 1677 1955 1723 adeptis,

174 1747 488 1794 quemadmodum
526 1757 565 1783 se
604 1756 663 1783 res
690 1746 800 1782 habet
830 1746 867 1781 in
894 1750 995 1782 secta
1032 1746 1296 1791 Baptistarum.
1334 1745 1370 1790 5)
1398 1746 1498 1783 Idem
1530 1747 1666 1792 pariter
1696 1747 1956 1785 resolvendum

172 1820 202 1856 si
231 1823 401 1865 parentes
427 1818 633 1860 habuerint,
660 1818 722 1864 qui
750 1818 835 1854 dum
865 1818 902 1853 in
929 1817 1020 1853 vivis
1047 1822 1184 1860 essent,
1212 1817 1367 1863 professi
1396 1818 1467 1853 sint
1496 1828 1534 1854 se
1562 1818 1661 1856 nolle
1687 1819 1733 1855 ad
1760 1819 1872 1856 ullam
1900 1830 1957 1856 se-

166 1895 267 1927 ctam
295 1890 486 1936 pertinere,
513 1898 625 1934 seque
652 1889 728 1924 Ens
756 1898 970 1934 supremum
998 1888 1163 1924 honestis
1193 1888 1325 1933 potius,
1345 1892 1383 1924 ut
1401 1888 1514 1931 aiunt,
1544 1889 1720 1934 moribus,
1740 1899 1851 1935 quam
1875 1900 1958 1936 spe-

173 1961 256 1998 ciali
284 1961 408 2007 aliquo
435 1960 535 1997 cultu
562 1960 756 1996 honorare.
790 1959 827 2004 4)
855 1959 892 1996 Si
921 1963 1090 2005 parentes
1119 1958 1317 1995 habuerint
1349 1959 1577 2005 pertinentes
1604 1961 1650 1996 ad
1675 1965 1835 2004 sectam,
1863 1971 1958 2007 quae

174 2033 345 2071 eumdem
375 2036 412 2068 ut
437 2031 690 2068 necessarium
718 2031 830 2067 habet
856 2031 912 2067 vel
942 2031 979 2067 in
1004 2041 1078 2077 qua
1104 2031 1232 2067 saltem
1262 2031 1448 2067 ordinarie
1475 2031 1764 2075 adminIstlatur,
1792 2037 1825 2069 et
1848 2034 1958 2070 iidem

174 2109 344 2149 parentes
372 2103 410 2138 in
437 2107 537 2139 secta
563 2112 630 2138 sua
654 2102 767 2138 zelosi
797 2102 946 2146 tuerint,
975 2102 1268 2147 praesumendus
1295 2106 1350 2138 est
1379 2102 1597 2148 baptismus.
1636 2103 1683 2139 At
1709 2105 1807 2149 quod
1836 2105 1866 2141 si
1894 2115 1959 2151 pa—

174 2179 296 2210 rentes
336 2174 373 2209 in
407 2179 508 2211 secta
544 2173 717 2210 socordes
756 2174 914 2217 fuerint,
940 2177 1002 2210 aut
1035 2174 1080 2210 ad
1113 2179 1250 2211 sectam
1295 2174 1559 2220 pertinuerint,
1598 2184 1692 2220 quae
1733 2176 1958 2221 baptismum

177 2245 327 2291 quidem
353 2254 430 2281 non
454 2245 617 2290 respuit,
644 2245 709 2281 sed
735 2255 820 2281 eum
846 2254 922 2281 non
959 2245 1068 2281 habet
1096 2250 1132 2282 ut
1159 2246 1411 2282 necessarium
1438 2251 1473 2282 et
1500 2246 1537 2282 in
1563 2256 1637 2292 qua
1661 2247 1843 2284 ordinarie
1883 2257 1959 2284 non

176 2314 477 2353 administratur?
517 2318 572 2353 Αιι
602 2317 638 2351 in
667 2320 820 2362 utroque
848 2321 908 2354 aut
937 2316 1108 2353 alterutro
1142 2326 1231 2353 casu
1269 2317 1559 2361 praesumendus
1587 2322 1649 2353 est-
1668 2318 1874 2364 baptismus
1901 2318 1959 2354 vel

176 2387 280 2424 non?
318 2388 355 2435 5)
383 2388 420 2424 Si
447 2389 550 2425 iuxta
575 2389 684 2425 unius
713 2394 853 2424 tantum
881 2389 1042 2434 parentis
1070 2393 1206 2425 sectam
1233 2393 1268 2426 et
1294 2389 1417 2431 animi,
1447 2394 1485 2425 ut.
1508 2399 1630 2435 supra,
1657 2390 1816 2426 zelosam
1835 2390 1960 2436 dispo-

177 2459 360 2503 sitionem,
388 2459 639 2505 praesumptio
666 2460 786 2495 faveat
806 2459 992 2504 baptismo
1011 2464 1046 2496 et
1065 2459 1125 2495 hic
1145 2460 1183 2495 in
1209 2460 1428 2496 educatione
1447 2460 1561 2506 prolis
1581 2461 1623 2496 de
1641 2461 1738 2506 facto
1765 2466 1801 2496 et
1818 2461 1961 2497 indubie

179 2531 316 2577 primas
342 2530 512 2568 habuerit
538 2535 671 2576 parteS,
698 2532 991 2576 praesumendus
1018 2536 1074 2568 est
1100 2532 1319 2577 baptismus.
1360 2533 1461 2569 Idem
1488 2532 1634 2569 resolvo
1661 2534 1692 2569 si
1719 2533 1813 2570 facta
1840 2534 1962 2579 inqui-

177 2602 324 2644 sitione,
352 2602 540 2647 ignoretur
565 2607 630 2638 aut
654 2611 731 2638 non
757 2603 845 2638 satis
873 2607 1029 2646 constet,
1056 2607 1180 2640 utrum
1208 2603 1345 2648 primas
1373 2603 1542 2640 habuerit
1575 2610 1696 2649 partes
1706 2616 1716 2648 ;
1756 2604 1961 2650 baptismus

177 2672 276 2707 enim
305 2672 341 2708 in
367 2672 496 2708 ordine
522 2673 569 2709 ad
596 2673 875 2709 matrimonium
911 2674 1203 2718 praesumendus
1229 2678 1284 2710 est
1311 2684 1395 2711 cum
1422 2675 1640 2721 coniugium
1676 2675 1789 2712 semel
1830 2676 1961 2713 initum

178 2742 407 2779 censendum
434 2743 481 2780 sit
508 2743 628 2780 valere
654 2744 830 2790 quamdiu
858 2745 954 2782 obex
981 2755 1019 2781 se
1047 2755 1123 2782 non
1149 2746 1289 2791 prodat.
1330 2746 1401 2782 Sed
1427 2747 1540 2792 quid,
1571 2747 1601 2782 si
1629 2751 1728 2783 certo
1755 2751 1899 2784 constet
1927 2747 1964 2783 il-

180 2813 251 2850 lius
277 2814 339 2859 qui
366 2814 410 2850 dc
437 2814 532 2850 tacto
558 2820 594 2851 et
621 2815 774 2852 indubie
803 2816 940 2861 primas
968 2817 1006 2852 in
1031 2817 1248 2854 educatione
1285 2817 1414 2854 habuit
1455 2823 1578 2864 partes
1617 2823 1755 2855 sectam
1787 2824 1824 2855 et
1848 2818 1962 2855 animi

177 2885 459 2930 dispositionem
485 2895 561 2922 non
587 2886 706 2923 favere
734 2887 939 2933 baptismo,
967 2888 1055 2925 dum
1093 2888 1243 2925 alterius
1275 2894 1376 2926 secta
1405 2893 1441 2925 et
1467 2890 1580 2925 animi
1620 2889 1814 2935 dispositio
1842 2890 1961 2926 eidem

181 2954 307 2994 favet?
343 2955 379 3002 6)
405 2956 502 2994 Casu
527 2967 600 3004 quo
626 2958 726 2995 nulla
752 2969 817 3005 pro
847 2959 1030 3006 baptismo
1057 2959 1189 2997 militat
1216 2961 1478 3006 praesumptio,
1506 2962 1728 3008 applicanda
1754 2966 1810 2999 est
1834 2963 1965 3008 regula

173 3029 318 3074 sactum
343 3039 416 3066 nou
437 3030 702 3075 praesumitur,
730 3031 791 3067 sed
817 3032 1045 3077 probandum
1073 3034 1140 3068 est.
1180 3032 1298 3068 Huius
1323 3033 1472 3078 regulae
1499 3034 1696 3080 applicatio
1724 3034 1762 3070 in
1787 3035 1846 3070 his
1871 3035 1965 3071 Foe-

301 3157 311 3176 ¹
340 3157 492 3196 Collect.
520 3169 555 3196 n.
581 3158 663 3196 660.
