2176 3386
245 187 327 227 278
889 199 999 229 PARS
1028 200 1053 228 1.
1089 199 1146 228 DE
1175 199 1388 229 pensoms

250 307 523 366 Episcopum
564 307 812 351 Titularem
855 311 902 351 et
933 311 1272 366 consequenter
1309 292 1520 366 Episcopi·
1550 308 1761 354 titulares
1799 323 1892 354 non
1930 324 2028 369 pos—

253 394 362 436 sunt
395 391 506 434 tales
538 389 813 435 christianos
845 389 1057 434 ordinare
1084 390 1155 434 vel
1177 390 1284 434 dare
1319 389 1496 434 litteras
1530 390 1810 436 dimissorias
1843 406 1923 451 pro
1959 406 2029 437 or-

246 472 459 518 dinandis
497 473 551 517 iis
583 473 658 532 qui
694 471 790 516 nati
834 486 887 517 ac
928 472 1145 531 baptizati
1191 477 1300 516 sunt
1333 473 1407 517 vel
1443 473 1728 518 domicilium
1772 474 1942 519 habent
1983 475 2029 520 in

245 554 436 599 civitate
468 554 536 598 sui
570 554 706 599 tituli.

368 639 430 680 Ex
464 635 624 680 eodem
660 634 882 693 principio
915 635 1123 695 sequitur
1153 636 1193 691 b)
1224 636 1497 694 Episcopum
1524 636 1757 681 titularem
1779 637 1903 682 licite
1935 651 2029 682 non

245 731 375 776 posse
407 718 577 776 absque
609 717 869 762 dioecesani
906 717 1110 776 Episcopi
1143 717 1331 762 licentia
1363 716 1410 761 in
1445 717 1595 762 aliena
1627 718 1823 764 dioecesi
1856 733 1908 764 ea
1934 733 2029 777 per-

245 815 395 858 agere,
430 815 546 860 quae
578 801 725 845 ordini
760 800 1003 859 episcopali
1037 805 1146 844 sunt
1176 800 1357 844 adnexa
1390 799 1488 844 iure
1520 800 1846 857 ecclesiastico,
1881 801 2029 846 cuius-

246 883 367 928 modi
401 889 470 928 est
492 897 764 928 consecrare
787 884 975 941 templa,
1000 883 1179 938 altaria,
1206 896 1333 938 vasa,
1358 887 1446 928 etc.
1487 886 1578 927 Nec
1604 897 1731 941 posse
1760 889 2029 942 paramenta

245 971 291 1009 et
326 971 476 1010 vestes
509 979 661 1010 sacras
693 965 980 1019 benedicere,
1015 965 1239 1023 siquidem
1275 967 1444 1024 absque
1482 965 1709 1009 ordinarii
1745 965 1928 1010 licentia
1962 967 2029 1011 fas
2052 1009 2062 1014 -

247 1048 327 1106 ipsi
364 1063 454 1092 non
489 1055 557 1092 est
591 1048 866 1108 pontificalia
903 1062 1136 1093 exercere.

369 1135 432 1174 Ex
465 1145 518 1174 eo
551 1131 671 1189 quod
706 1130 910 1189 Episcopi
948 1131 1154 1176 titulares
1188 1132 1502 1178 iurisdictione
1537 1132 1704 1178 actuali
1738 1137 1927 1177 careant
1962 1145 2028 1176 se-

245 1214 401 1273 quitur
433 1217 478 1270 a)
508 1228 597 1258 non
637 1227 763 1272 posse
798 1214 1106 1271 indulgentias
1139 1217 1349 1261 conferre
1383 1217 1607 1275 siquidem
1653 1214 1962 1273 indulgentiae
2003 1229 2029 1260 a

246 1298 463 1342 Praelatis
496 1311 739 1342 concessae
773 1298 935 1343 alienis
966 1298 1174 1355 subditis,
1211 1301 1363 1344 nullae
1399 1301 1557 1355 sunt¹,
1604 1301 1681 1360 qui
1723 1300 1848 1344 enim
1892 1299 2029 1357 ligare

246 1394 336 1424 non
372 1385 536 1438 potest,
575 1396 659 1426 nec
694 1386 842 1437 potest
863 1383 1056 1427 solx‘ere.
1098 1387 1247 1427 Potest
1271 1387 1428 1427 tamen
1452 1397 1528 1428 eas
1551 1384 1802 1428 concedere
1825 1397 1883 1427 ex
1906 1396 2030 1427 com·

247 1464 462 1508 missione
500 1464 703 1522 Episcopi
737 1465 995 1510 dioecesani
1017 1465 1047 1509 ².

365 1547 578 1606 Sequitur
609 1548 648 1605 b)
674 1548 841 1592 habere
873 1549 1055 1608 quidem
1091 1550 1470 1608 approbationem
1506 1549 1799 1607 implicitam,
1837 1564 1928 1594 non
1963 1554 2027 1593 ta-

245 1643 351 1674 men
387 1629 746 1675 iurisdictionem
782 1632 837 1676 ad
871 1632 1182 1677 confessiones
1214 1633 1486 1688 audiendas3
1524 1633 1633 1677 hinc
1657 1646 1748 1677 non
1775 1646 1902 1690 posse
1924 1645 2030 1678 suos

243 1712 492 1766 familiares
513 1727 537 1757 a
564 1714 763 1771 peccatis
784 1714 1039 1770 absolvere,
1065 1730 1151 1760 nec
1174 1730 1333 1760 eorum
1357 1715 1695 1761 Confessarium
1720 1716 1970 1774 approbare
1993 1715 2024 1759 ³.

244 1796 466 1848 Quamvis
498 1800 653 1840 autem
690 1811 768 1855 per
800 1810 846 1842 se
880 1798 1106 1857 loquendo
1139 1798 1295 1843 audire
1329 1799 1668 1843 confessionem
1703 1802 1852 1856 posset
1874 1798 2027 1843 catho-

243 1877 334 1934 lici,
370 1879 445 1938 qui
480 1879 704 1924 stabiliter
736 1880 948 1926 babitans
972 1882 1016 1925 in
1046 1882 1236 1926 civitate
1265 1882 1394 1927 cuius
1430 1882 1522 1940 ipse
1557 1882 1694 1926 habet
1722 1881 1925 1935 titulum,
1951 1881 2028 1925 ho-

243 1975 344 2017 spes
369 1961 413 2005 in
436 1963 517 2006 has
540 1963 750 2020 regiones
770 1963 1046 2020 diverteret;
1077 1979 1154 2023 per
1175 1964 1389 2009 accidens
1417 1968 1570 2008 tamen
1597 1978 1687 2008 non
1715 1967 1877 2021 potest,
1903 1963 2024 2022 qnia,

243 2058 367 2100 cum,
404 2050 454 2088 ut
485 2045 702 2102 diximus,
740 2047 893 2092 fideles
926 2047 988 2091 illi
1022 2047 1201 2092 subsint
1233 2047 1478 2092 actualiter
1511 2046 1556 2090 in
1591 2046 1762 2091 divinis
1794 2060 1930 2091 curae
1954 2047 2028 2091 vel

242 2127 538 2173 immediatae
574 2130 644 2173 vel
674 2130 899 2174 mediatae
923 2131 963 2174 S.
993 2130 1133 2185 Sedis,
1165 2130 1368 2188 Episcopi
1396 2130 1603 2174 titulares
1626 2143 1719 2174 non
1743 2135 1851 2174 sunt
1873 2133 2027 2173 actua·

243 2212 361 2267 liter,
398 2213 475 2256 sed
508 2214 653 2257 solum
689 2214 983 2258 habitualiter
1017 2203 1182 2271 proprii
1218 2227 1377 2258 eorum
1418 2214 1666 2270 pastores&
1714 2229 1716 2231 ·

364 2295 576 2354 Sequitur
606 2300 644 2352 c)
675 2311 763 2340 non
801 2310 928 2354 posse
961 2297 1211 2355 approbare
1236 2297 1527 2341 Sacerdotem
1552 2297 1749 2356 aliquem
1774 2300 2026 2340 nostratem

244 2378 299 2422 ad
332 2378 581 2423 audiendas
613 2380 924 2424 confessiones
957 2379 1169 2424 catholici
1204 2379 1271 2424 sui
1310 2379 1478 2424 subditi
1513 2378 1844 2424 commorantis
1877 2378 1923 2423 in
1948 2392 2026 2423 no·

242 2461 348 2506 stris
381 2462 657 2520 regionibus,
693 2463 999 2508 confessarius
1031 2464 1155 2509 enim
1190 2464 1325 2508 debet
1356 2476 1454 2507 esse
1490 2463 1766 2521 approbatus
1807 2463 1865 2507 ab
1901 2461 2026 2506 Ordi-

244 2546 372 2591 nario
405 2546 491 2591 loci
516 2547 547 2590 ⁵.
599 2550 690 2592 Nec
733 2547 880 2592 valide
922 2547 1134 2592 assistere
1174 2553 1323 2605 posset
1368 2546 1664 2591 matrimonio
1706 2546 1909 2591 eiusdem
1957 2545 2026 2591 sui

243 2629 428 2674 subditi.

363 2769 370 2787 “
399 2769 455 2805 Ex
482 2779 561 2815 cap.
590 2770 691 2813 Quod
716 2774 840 2807 autem
866 2771 910 2806 de
938 2772 1077 2817 poenit.

360 2838 373 2857 ¹
399 2840 560 2876 LAYMAN
587 2841 628 2876 de
654 2841 797 2888 Indulq.
825 2851 904 2887 cap.
931 2841 965 2884 4,
992 2851 1026 2877 n.
1056 2841 1085 2877 1.

347 2909 374 2930 ·⁸
401 2911 546 2948 SUAnssz
573 2912 615 2948 de
640 2913 772 2948 Poemt.
800 2912 892 2958 disp.
920 2911 976 2955 26,
1005 2917 1094 2948 secl.
1120 2911 1153 2948 2.

359 2981 374 3002 ¹*
399 2983 562 3020 LAYMAN
580 2993 659 3030 cap.
678 2985 699 3020 5
718 2985 760 3021 de
782 2984 852 3021 Vic.
879 2994 915 3020 n.
942 2984 973 3027 23
1003 2985 1196 3021 Renum-us
1215 2986 1252 3022 in
1266 2995 1379 3031 prox.
1399 2986 1438 3022 P.
1459 2986 1491 3030 1,
1511 2986 1563 3023 tit.
1583 2986 1625 3022 de
1646 2985 1764 3024 Vicar.
1781 2972 1882 3033 perp.
1906 2995 1942 3022 n.
1971 2985 2025 3022 11.

359 3055 372 3075 ¹¹
399 3056 453 3091 DE
478 3056 580 3093 Luco
607 3056 701 3102 disp.
727 3054 784 3091 21.
811 3058 853 3093 de
882 3057 1013 3094 Poenit.
1038 3065 1074 3092 n.
1100 3054 1158 3101 57,
1184 3060 1220 3093 et
1246 3056 1283 3092 in
1309 3056 1411 3102 Resp.
1438 3058 1570 3093 moral.
1595 3057 1675 3094 Lib.
1705 3056 1736 3101 1,
1762 3057 1848 3095 dub.
1876 3057 1931 3094 17.
