2176 3386
245 193 328 234 334
1073 210 1204 240 mmsx

339 316 355 353 s
379 312 411 350 2.
437 331 460 339 -
485 314 538 350 De
565 314 904 351 communicatione
939 316 1209 354 catholicorum
1244 327 1330 356 cum
1371 319 1566 358 haereticis
1599 325 1637 357 et
1661 321 1908 361 schismaticis

437 385 474 420 in
499 385 664 431 profanis
690 389 726 422 et
750 386 925 424 civilibus
959 413 1798 431 ...............
1846 394 1931 443 Paq.
1956 395 2025 432 227

338 453 376 502 a)
404 474 422 480 -
450 456 503 492 De
529 455 668 493 scholis
694 461 731 494 et
756 457 925 504 collegiis
951 459 1076 495 mixtis
1136 479 1922 503 ..............
1955 466 2027 503 228

339 524 374 570 b)
398 544 421 551 -
449 526 500 562 De
527 526 631 563 libris
658 528 853 573 prohibitis
897 549 1924 574 ..................
1956 537 2027 575 254

342 595 374 642 c)
399 615 421 622 -
447 598 501 634 De
527 598 842 644 disputationibus
868 583 953 638 cum
979 601 1175 639 haereticis
1201 606 1236 638 et
1262 602 1512 640 schismaticis
1550 621 1922 644 .......
1955 608 2024 645 259

240 667 396 705 CAPUT
423 669 468 705 11.
494 670 547 707 De
574 670 815 708 societatibus
841 673 996 710 secretis
1015 694 1922 717 ................
1953 681 2021 718 241

241 740 396 778 CAPUT
423 742 486 779 111.
514 743 565 779 De
593 743 832 780 iurisiurandi
860 750 895 782 et
920 745 965 781 de
990 745 1066 782 voti
1094 745 1277 793 religione
1312 773 1856 789 ..........
1907 767 1920 785 ι
1953 753 2023 791 244

240 812 453 850 Αιιίιουιυε
482 824 505 850 ι.
533 814 577 850 de
605 814 840 852 iureiurando
888 837 1920 861 ..................
1974 825 2022 861 ib.

240 883 452 921 Ammonos
480 895 518 921 11.
545 886 596 922 De
623 891 707 923 voto
713 915 1851 931 ....................
1904 908 1918 926 »
1952 896 2022 932 246

238 955 395 993 CAPUT
422 957 484 994 IV.
515 958 563 994 De
589 968 695 995 sacra
720 958 870 1005 liturgia
894 969 938 996 ac
964 960 1009 997 de
1035 960 1151 997 sacris
1177 961 1368 999 Ecclesiae
1394 962 1526 999 ritibus
1546 979 1917 1001 .......
1951 966 2020 1004 247

238 1027 451 1065 Ammonos
476 1038 498 1064 1.
526 1029 578 1064 De
605 1029 720 1066 sacris
747 1029 936 1067 Ecclesiae
962 1031 1094 1068 ritibus
1131 1050 1919 1073 ..............
1952 1035 2022 1073 248

237 1099 452 1135 An'rlcucus
477 1109 514 1136 11.
541 1100 593 1136 De
619 1100 833 1138 differentiis
861 1102 956 1137 inter
983 1102 1174 1148 utriusque
1201 1102 1391 1140 Ecclesiae
1417 1104 1507 1140 ritus
1548 1120 1918 1142 .......
1951 1107 2021 1143 250

237 1170 450 1208 Annoucus
476 1182 528 1207 111.
557 1173 606 1207 De
634 1172 863 1218 obligatione
891 1174 1129 1219 permanendi
1158 1174 1195 1210 in
1222 1175 1371 1220 proprio
1398 1175 1470 1211 ritu
1486 1191 1916 1214 ........
1950 1178 2019 1215 256

236 1243 449 1280 Anricncus
475 1254 523 1280 ιν.
553 1244 603 1280 De
629 1245 967 1282 communicatione
995 1245 1089 1281 inter
1116 1246 1306 1292 utriusque
1333 1246 1422 1283 ritus
1451 1246 1577 1283 fideles
1607 1275 1852 1285 .....
1902 1262 1916 1280 »
1949 1249 2020 1286 260

234 1314 389 1351 CAPUT
416 1316 460 1353 V.
488 1316 540 1352 De
567 1316 743 1353 Ecclesiis
770 1335 1915 1357 ....................
1949 1321 2018 1358 265

234 1386 447 1423 An’ricunus
472 1397 494 1423 1.
522 1388 574 1423 De
601 1388 838 1425 aedificandis
866 1389 1043 1425 Ecclesiis
1072 1406 1915 1429 ...............
1949 1393 2017 1430 264

233 1456 447 1494 Arri-munus
473 1469 510 1494 ιι.
538 1459 590 1496 De
620 1460 835 1505 reparandis
862 1460 1038 1497 Ecclesiis
1065 1478 1914 1500 ...............
1948 1464 2017 1501 265

231 1529 446 1566 Anricunus
476 1540 525 1567 ιιι.
559 1531 609 1566 De
637 1532 899 1568 consecrandis
926 1538 961 1569 et
986 1533 1273 1570 reconciliandis
1299 1534 1476 1570 Ecclesiis
1480 1561 1848 1571 .......
1899 1549 1913 1566 »
1946 1535 2016 1573 266

233 1599 446 1637 AnTicULus
473 1611 521 1638 tv,
549 1603 600 1638 De
629 1603 857 1639 immunitate
883 1603 1137 1640 Ecclesiarum
1183 1620 1914 1642 .............
1946 1605 2013 1643 271

231 1671 445 1709 Aru-munus
462 1684 496 1709 v.
524 1674 576 1709 De
596 1674 709 1710 sacris
729 1675 894 1711 vestibus
912 1681 947 1712 et
968 1676 1066 1712 vasis
1085 1676 1289 1722 ceterisque
1306 1676 1353 1713 ad
1371 1676 1576 1713 Ecclesiam
1595 1677 1867 1723 pertinentibus
1898 1692 1912 1710 ι
1965 1678 2014 1715 ib.

230 1744 444 1781 An'ricuncs
471 1756 518 1782 vi.
547 1747 597 1782 De
625 1747 809 1792 cappellis
835 1753 870 1784 et
896 1747 1074 1784 Oratoriis
1121 1765 1910 1788 ..............
1945 1751 2014 1788 275

229 1816 384 1853 CAPUT
412 1817 473 1854 VI.
501 1818 552 1854 De
579 1819 810 1855 Monasteriis
827 1837 1911 1860 ...................
1944 1823 2014 1860 276

228 1887 384 1924 CAPUT
412 1888 491 1925 VII.
518 1890 570 1926 De
598 1889 852 1935 Hospitalibus
888 1907 1911 1929 ..................
1944 1892 2011 1929 277

228 1958 383 1996 CAPUT
411 1959 510 1996 VIII.
539 1962 590 1996 De
617 1961 822 2006 Sepulturis
847 1967 883 1997 et
910 1963 1142 1999 coemeteriis
1181 1990 1844 2002 ............
1895 1979 1908 1996 n
1943 1965 2012 2002 279

227 2029 382 2066 CAPUT
409 2031 471 2068 IX.
499 2032 550 2067 De
578 2032 795 2069 Seminariis
825 2058 1845 2074 ..................
1896 2050 1910 2068 ι
1943 2037 2012 2074 285

226 2101 368 2138 LIBER
395 2102 440 2138 II.
471 2102 532 2139 De
561 2102 686 2140 rebus
711 2104 1019 2150 temporalibus
1046 2114 1093 2141 ac
1120 2104 1259 2142 mixtis
1303 2135 1845 2144 ..........
1896 2122 1910 2139 ι
1942 2107 2011 2145 290

227 2173 427 2210 TITULUS
453 2174 480 2210 I.
512 2175 564 2211 De
591 2175 787 2212 Beneficiis
824 2193 1906 2215 ...................
1961 2179 2009 2216 ib.

225 2245 379 2282 CAPUT
409 2247 433 2283 l.
460 2247 512 2283 De
539 2247 710 2284 beneficii
737 2248 952 2285 definitione
1003 2277 1843 2288 ...............
1894 2265 1908 2283 ι
1961 2252 2009 2288 ib.

224 2318 379 2355 CAPUT
407 2319 451 2355 ΙΙ.
478 2320 530 2356 De
557 2319 822 2358 beneficiorum
848 2321 1030 2357 divisione
1062 2338 1906 2360 ...............
1939 2323 2004 2361 291

223 2390 378 2428 CAPUT
405 2391 468 2427 III.
497 2391 690 2434 Quomodo
718 2392 900 2428 beneficia
927 2393 1165 2429 conferantur
1180 2410 1905 2432 .............
1939 2395 2008 2432 292

224 2463 378 2499 CAPUT
407 2463 468 2499 IV.
496 2464 549 2500 De
576 2463 841 2500 beneficiorum
870 2465 1006 2501 unione
1034 2469 1070 2501 et
1096 2464 1280 2502 divisione
1294 2493 1839 2503 ..........
1891 2481 1904 2498 1>
1937 2465 2007 2504 295

157 2562 167 2570 .
223 2535 424 2571 TITULUS
451 2535 494 2572 ΙΙ.
523 2536 575 2572 De
602 2535 683 2572 Iure
710 2536 929 2572 patronatus
933 2561 1838 2575 ................
1890 2551 1904 2569 ι
1936 2537 2005 2575 297

222 2609 376 2646 CAPUT
405 2609 430 2644 I.
460 2608 529 2652 Qui
557 2608 630 2644 sint
660 2608 749 2644 iuris
777 2613 991 2654 patronatus
1018 2617 1175 2654 capaces
1236 2623 1903 2646 ............
1937 2609 2007 2646 298

162 2714 165 2718 .
221 2679 376 2716 CAPUT
404 2680 446 2715 lI.
475 2680 527 2716 De
554 2680 664 2716 variis
693 2680 782 2716 iuris
810 2684 1025 2726 patronatus
1052 2680 1246 2726 speciebus
1295 2694 1902 2718 ...........
1936 2679 2005 2717 299

221 2750 376 2788 CAPUT
403 2751 464 2786 III.
493 2751 543 2788 De
570 2750 716 2797 legibus
743 2751 923 2797 cuiusque
949 2752 1087 2797 speciei
1114 2751 1203 2788 iuris
1231 2755 1445 2797 patronatus
1472 2751 1631 2797 propriis
1651 2779 1659 2787 .
1710 2779 1718 2787 .
1768 2780 1776 2788 .
1830 2779 1837 2787 .
1887 2765 1901 2782 ι
1955 2751 2004 2789 ib.

221 2820 376 2856 CAPUT
403 2821 463 2858 IV.
493 2821 687 2865 Quomodo
714 2822 770 2859 ius
797 2827 1012 2868 patronatus
1038 2823 1250 2868 acquiratur
1275 2823 1430 2869 eiusque
1455 2822 1653 2869 acquisitio
1673 2822 1858 2869 probetur.
1886 2835 1900 2854 ι
1933 2822 2002 2859 501

220 2891 374 2929 CAPUT
402 2892 447 2929 V.
473 2893 525 2928 De
551 2893 670 2930 modis
697 2893 834 2939 quibus
859 2894 1039 2930 amittitur
1067 2894 1122 2931 ius
1149 2899 1364 2939 patronatus
1413 2921 1835 2932 ........
1886 2907 1901 2924 »
1933 2893 2004 2930 506

219 2963 570 3011 Supplementum
597 2964 880 3012 quorumdam
909 2964 1260 3002 documentorum
1292 2993 1657 3003 .......
1689 2994 1717 3005 ,.
1769 2989 1779 2999 .
1827 2993 1837 3002 .
1885 2978 1901 2997 ι
1932 2964 2003 3002 509

219 3035 246 3072 1.
273 3035 404 3079 Quoad
430 3036 582 3072 modum
609 3036 849 3074 transferendi
875 3036 932 3073 vel
957 3036 1171 3073 removendi
1197 3037 1374 3073 Rectores
1403 3036 1626 3074 Missionum
1643 3064 1654 3073 .
1703 3065 1713 3073 .
1763 3065 1771 3073 .
1821 3065 1830 3072 .
1881 3050 1895 3067 ι
1952 3035 2001 3073 ib.

218 3106 265 3142 11.
290 3107 420 3150 Quoad
447 3107 722 3144 successionem
748 3107 1008 3154 religiosorum
1052 3120 1900 3146 ...............
1932 3105 2004 3144 510
