2176 3386
245 129 299 168 38
920 142 1030 170 PARS
1059 143 1099 170 11.
1136 142 1191 170 οε
1222 142 1359 172 minus
1411 117 1414 120 Δ

249 248 460 294 sacristia
496 249 691 309 relinqui
725 250 876 306 debet,
903 264 1052 309 neque
1085 264 1225 310 penes
1255 250 1423 296 laicum
1457 252 1650 308 servari,
1684 253 1762 298 sed
1796 267 1936 314 penes
1957 268 2026 301 sa—

247 332 496 378 cerdotem.
535 335 577 377 S.
619 332 705 377 Rit.
741 335 903 391 Gongr.
941 334 997 378 22
1031 333 1144 378 febr.
1185 333 1312 378 1595.

368 417 469 461 682.
508 415 722 461 Aedicula
756 429 835 460 seu
872 416 1219 461 tabernaculum
1255 416 1328 461 ubi
1362 417 1518 462 divina
1553 431 1698 462 asseri
1713 423 1818 464 atur
1858 421 2029 466 Eucha-

249 499 393 555 ristia,
430 499 488 543 sit
522 498 792 557 regulariter
822 513 880 543 ex
914 513 1049 557 opere
1082 499 1254 557 ligneo,
1290 503 1421 544 extra
1461 500 1705 557 deaurato,
1740 501 1872 546 cuius
1911 501 2028 548 inte-

250 583 391 627 riores
415 582 611 640 parietes
633 582 786 626 album
821 581 1017 626 sericum
1042 582 1392 627 circumvestiat
1422 583 1450 626 ¹.
1491 586 1570 627 Pax
1586 582 1812 628 imentum
1835 584 2030 630 candido

247 669 483 709 sternatur
515 663 755 723 corporali.
812 664 1107 708 Extrinsecus
1140 677 1251 709 vero
1284 678 1489 723 conopeo
1538 665 1648 710 item
1697 665 1842 710 serico
1884 665 2030 711 instar

248 747 435 793 tentorii
470 748 525 792 de
559 747 737 805 integro
770 752 1057 805 contegatur.
1110 751 1373 806 Conopeum
1408 762 1518 792 vero
1559 749 1726 806 poterit
1757 748 1897 793 etiam
1931 762 2028 793 esse

249 846 306 876 ex
342 846 512 891 panno,
549 831 647 875 sive
681 830 910 889 gossypio,
946 831 1043 875 sive
1078 832 1198 887 lana,
1234 831 1332 875 sive
1365 832 1573 876 cannabe
1606 835 1827 876 contexto
1849 832 1879 877 ².
1914 835 2028 876 Item

248 929 504 972 conopeum
542 928 795 974 numquam
832 913 999 972 poterit
1030 927 1127 958 esse
1152 914 1351 971 nigrum,
1388 917 1518 958 vetat
1548 913 1673 958 enim
1708 913 1889 971 nigrum
1932 896 2029 959 esse

253 1001 399 1043 honor
431 998 594 1044 Christi
631 998 847 1042 viventis.
889 1000 966 1042 Die
993 1013 1101 1043 vero
1123 1012 1210 1057 qua
1236 998 1444 1042 omnium
1470 996 1671 1041 fidelium
1703 997 2027 1042 defunctorum

248 1082 629 1127 commemoratio
662 1082 843 1139 agitur,
880 1086 948 1126 est
980 1081 1303 1139 apponendum
1340 1080 1627 1136 violaceum,
1663 1080 1827 1126 ceteris
1873 1080 2031 1126 diebus

248 1167 504 1212 curandum
531 1170 581 1209 ut
612 1165 827 1209 concolor
859 1164 918 1208 sit
950 1165 1090 1209 sacris
1125 1164 1424 1220 indumentis,
1450 1164 1614 1222 quibus
1641 1164 1838 1209 Ecclesia
1868 1164 2026 1209 utitur.

250 1249 291 1293 Si
325 1263 414 1309 qua
464 1254 619 1293 tamen
672 1246 871 1293 Ecclesia
919 1248 1040 1292 hanc
1083 1248 1355 1291 varietatem
1395 1246 1453 1290 ob
1497 1246 1700 1305 inopiam
1736 1246 1903 1291 habere
1937 1261 2030 1291 non

251 1333 406 1392 possit,
442 1347 697 1390 conopeum
732 1332 896 1376 coloris
928 1331 1015 1375 albi
1052 1336 1269 1389 perpetuo
1302 1330 1361 1376 sit
1384 1331 1414 1375 ³.

372 1415 472 1460 685.
512 1419 667 1474 Neque
694 1428 802 1459 vero
836 1413 880 1457 in
908 1413 1205 1458 tabernaculo
1227 1412 1459 1472 quidpiam
1495 1418 1676 1471 praeter
1708 1418 2029 1457 consecratum

251 1514 417 1558 panem
453 1503 522 1543 est
555 1498 890 1556 reponendum,
927 1511 1019 1541 non
1053 1497 1149 1541 olea
1183 1509 1328 1552 sacra,
1366 1510 1457 1541 non
1492 1501 1758 1541 sanctorum
1793 1496 2027 1555 reliquiae,

252 1598 343 1628 non
378 1582 500 1627 aliud
533 1581 716 1642 quidvis
748 1580 1067 1640 quamtumvis
1098 1585 1311 1625 sanctum
1345 1594 1618 1639 sacrumque
1644 1579 1854 1624 videatur
1875 1579 1906 1624 ¹⁵.

366 1666 467 1712 684.
509 1670 600 1710 Nec
635 1669 824 1723 possunt
855 1678 991 1722 super
1023 1664 1372 1708 tabernaculum
1397 1663 1545 1722 ipsum
1570 1662 1726 1722 reponi
1760 1667 2029 1708 sanctorum

248 1751 466 1811 reliquiae
516 1751 753 1809 pictaeque
802 1749 1057 1806 imagines,
1093 1748 1206 1793 adeo
1255 1751 1305 1790 ut
1353 1746 1500 1805 ipsum
1542 1745 1765 1790 inserviat
1804 1759 1882 1803 pro
1915 1745 2028 1800 basi,

248 1837 367 1897 quod
401 1836 585 1895 quidem
622 1834 774 1879 valere
809 1848 888 1891 pro
922 1832 1124 1892 reliquiis
1156 1831 1295 1876 etiam
1330 1831 1653 1876 Sanctissimae
1685 1829 1841 1875 Crucis
1876 1830 1946 1874 vel
1969 1829 2030 1873 al-

249 1919 391 1965 terius
423 1917 721 1963 instrumenti
757 1916 978 1976 passionis
1012 1915 1217 1974 publicae
1252 1914 1541 1960 venerationi
1584 1913 1798 1972 expositi,
1833 1913 2032 1958 declara-

249 2002 318 2047 vit
356 2005 397 2047 S.
438 2001 524 2046 ait.
562 2005 723 2058 Congr.
762 2003 812 2044 in
850 2001 978 2045 Trid.
1035 2001 1086 2045 12
1126 1999 1278 2044 martii
1318 1999 1443 2044 1856.
1499 2002 1591 2044 Nec
1624 1999 1730 2043 licet
1751 2004 1860 2044 ante
1892 1999 2032 2057 ipsius

247 2084 531 2131 tabernaculi
566 2084 780 2128 ostiolum
814 2083 1038 2128 collocare
1071 2082 1262 2128 alicuius
1304 2082 1451 2127 sancti
1486 2082 1692 2142 reliquia,
1729 2095 1811 2126 vas
1845 2081 2028 2138 florum,

247 2174 327 2213 aut
359 2167 578 2228 quidquid
610 2166 773 2211 simile.

371 2251 471 2295 685.
511 2253 611 2294 Non
646 2250 803 2308 procul
836 2263 859 2293 a
894 2249 1193 2294 tabernaculo
1226 2262 1318 2294 una
1350 2249 1512 2294 saltem
1546 2248 1622 2293 diu
1657 2252 1889 2308 noctuque
1918 2250 2028 2293 lam-

251 2347 329 2392 pas
371 2333 596 2378 colluceat
642 2333 741 2377 oleo
774 2347 832 2376 ex
866 2332 1000 2377 olivis
1032 2345 1278 2391 expresso,
1314 2332 1389 2376 ubi
1425 2346 1535 2377 vero
1566 2331 1718 2376 oleum
1764 2332 1919 2376 haberi
1953 2345 2030 2376 ne—

248 2422 403 2477 queat,
440 2417 513 2461 vel
549 2430 639 2461 non
674 2416 773 2460 sine
807 2430 973 2474 magna
1007 2415 1275 2461 difficultate
1307 2421 1353 2460 et
1387 2429 1553 2473 magno
1586 2419 1804 2474 sumptu,
1839 2415 2030 2461 Ordina-

250 2500 423 2545 riorum
457 2498 727 2558 prudentiae
775 2498 1028 2543 remittitur
1074 2498 1306 2556 lampades
1338 2498 1503 2543 nutriri
1537 2513 1595 2543 ex
1627 2498 1768 2554 oleis,
1803 2504 2028 2558 quantum

251 2583 346 2628 fieri
381 2587 546 2642 potest,
583 2574 866 2641 vegetalibus
890 2582 922 2627 ⁵.

371 2732 379 2750 ¹
409 2731 444 2769 S.
472 2731 605 2778 Congr.
624 2732 717 2778 Epp.
736 2736 772 2768 et
790 2732 863 2768 RR.
882 2730 929 2767 26
946 2731 1067 2768 octob.
1088 2730 1190 2767 1575.

369 2804 381 2823 ’
410 2805 445 2841 S.
475 2805 546 2841 Rit.
573 2804 706 2850 Congr.
733 2803 776 2839 21
806 2803 883 2841 iulii
913 2801 1014 2839 1855.

370 2875 383 2894 ³
409 2875 444 2912 S.
473 2875 542 2912 Rit.
570 2875 702 2921 Congr.
727 2874 773 2911 21
802 2875 881 2912 iulii
910 2874 1013 2911 1855.

367 2946 381 2966 ⁸
410 2947 444 2984 S.
471 2947 604 2993 Congr.
631 2947 741 2983 Conc.
768 2947 791 2983 8
816 2956 894 2992 apr.
923 2946 1026 2989 1628,
1053 2945 1099 2982 22
1126 2946 1216 2983 febr.
1244 2946 1345 2983 1565.

369 3017 381 3037 ³
409 3018 443 3055 S.
471 3019 541 3055 Rit.
568 3019 702 3064 congr.
729 3019 750 3055 9
777 3019 854 3055 iulii
886 3018 989 3055 1864.
