2176 3386
790 208 919 236 LmEn
947 207 972 236 1.
1003 208 1060 236 DE
1089 206 1284 236 CLEmms
1849 196 1928 237 393

150 320 287 361 vetur
317 315 467 361 debita
502 317 665 371 forma,
700 329 772 360 ex.
806 329 872 372 gr.
918 318 970 358 ut
1013 314 1091 359 liat
1132 314 1179 359 in
1219 313 1401 372 scriptis
1443 318 1490 359 et
1528 313 1775 374 aliquando
1825 329 1932 361 cum

149 399 444 458 expressione
476 412 656 446 causae.

267 482 369 528 498.
407 482 562 537 Quoad
597 482 782 528 modum
819 496 928 527 vero
961 481 1232 526 instituendi
1267 480 1506 537 iudicium,
1547 481 1632 526 etsi
1675 482 1932 528 Concilium

150 565 468 610 Tridentinum
488 566 500 589 ¹
525 566 737 610 statuerit
769 572 820 609 ut
857 566 1121 623 Capitulum
1144 567 1280 610 inicio
1303 566 1545 610 cuiuslibet
1568 567 1692 610 anni
1712 566 1856 623 eliyat
1878 581 1933 611 ex

155 649 362 707 Capitulo
395 650 509 694 daos
541 650 596 694 de
627 664 825 708 quoram
860 650 1049 694 consilio
1081 655 1122 693 et
1145 663 1336 694 assensa
1360 651 1610 706 Episcopus
1631 664 1683 694 ve
1709 650 1839 694 Ieius
1872 653 1935 694 Vi-

149 735 322 788 cartas,
358 733 540 789 quando
573 738 706 778 extra
742 731 1055 778 visitationem
1092 732 1362 790 processerit
1404 737 1566 777 contra
1608 733 1814 791 Capitula
1859 748 1931 778 ca·

148 815 425 860 thedralium
450 816 722 874 illorumque
747 829 980 874 personas,
1007 822 1103 860 tam
1127 818 1178 860 in
1203 815 1461 873 formando
1481 829 1763 873 processum,
1790 830 1933 875 quam

148 901 199 942 in
233 901 393 943 ceteris
414 900 627 944 omnibus
658 901 836 944 actibus
867 913 1010 958 usque
1043 900 1106 945 ad
1138 901 1280 959 finem
1313 913 1485 944 causae
1517 900 1742 944 inclusive
1773 914 1934 945 coram

150 985 334 1026 notario
370 981 507 1040 ipsius
544 983 749 1042 Episcopi
785 990 867 1028 aut
908 986 959 1028 in
1002 986 1099 1027 eius
1140 983 1273 1027 domo
1319 989 1402 1028 aut
1439 990 1651 1028 consueto
1695 984 1929 1030 tribunali

145 1065 395 1121 procedere
427 1071 658 1122 teneatur,
698 1070 852 1111 tamen
887 1066 999 1111 haec
1032 1066 1292 1111 conciliat-is
1325 1066 1560 1124 dispositio
1594 1067 1732 1111 habet
1782 1067 1934 1112 locum

150 1146 195 1190 in
230 1146 284 1191 iis
316 1149 561 1192 dumtaxat
593 1147 826 1207 Capitulis,
863 1163 979 1207 quae
999 1163 1057 1194 ex
1084 1148 1352 1208 Apostolicis
1375 1148 1564 1194 indultis
1587 1153 1802 1207 exempta
1827 1154 1936 1194 sunt

149 1243 174 1273 a
208 1229 520 1276 iurisdictione
573 1232 776 1290 Episcopi
821 1233 1050 1277 ordinaria
1101 1238 1237 1292 atque
1281 1233 1547 1278 immediate
1590 1233 1794 1278 subiecta
1835 1232 1935 1277 Sedi

151 1312 448 1369 Apostolicae.
485 1317 697 1360 Ceterum
733 1315 806 1360 illa
840 1316 1062 1374 Capitula,
1098 1330 1214 1375 quae
1239 1316 1499 1361 huiusmodi
1527 1316 1817 1375 privilegium
1843 1331 1935 1362 non

150 1396 338 1452 habent,
374 1413 426 1442 eo
459 1398 643 1444 decreto
681 1399 870 1444 minime
893 1400 1351 1459 comprehenduntur
1373 1401 1404 1445 2.
1444 1400 1570 1444 Unde
1593 1414 1699 1445 cum
1723 1401 1931 1458 Capitulo

152 1493 245 1525 non
278 1487 493 1540 exempto
525 1497 578 1528 ea
613 1484 760 1528 forma
794 1483 947 1528 iudicii
981 1484 1237 1528 adhibenda
1262 1490 1348 1539 est,
1374 1499 1491 1544 quae
1516 1484 1774 1529 instituitur
1804 1484 1934 1530 iuxta

150 1578 303 1610 sacros
336 1580 539 1612 canones
571 1581 677 1611 cum
711 1568 912 1626 quolibet
945 1568 1111 1612 clerico
1145 1567 1412 1612 immediate
1449 1568 1666 1626 Episcopo
1708 1568 1930 1613 subiecto.

269 1650 371 1694 499.
398 1652 554 1704 Quoad
580 1664 748 1708 poenas
771 1650 818 1694 in
843 1650 1012 1696 iudicio
1036 1655 1196 1695 contra
1221 1651 1480 1709 Capitulum
1506 1651 1835 1708 decernendas,
1857 1666 1936 1697 no-

155 1732 347 1776 tandum
383 1737 466 1788 est,
502 1733 758 1791 Capitulum
796 1749 887 1778 non
917 1748 1044 1792 posse
1067 1735 1123 1778 ab
1149 1734 1807 1793 Episcopoexcommunicari,
1831 1734 1936 1794 quia

151 1817 462 1862 communitas
494 1831 572 1862 seu
609 1817 887 1863 universitas
919 1833 1007 1877 qua
1043 1819 1145 1863 talis
1177 1818 1576 1863 excommunicari
1626 1832 1717 1862 non
1770 1822 1934 1876 potest,

151 1905 203 1944 ut
234 1915 447 1959 expresse
479 1901 743 1946 decernitur
777 1902 822 1946 in
856 1905 961 1960 Cap.
1000 1906 1218 1948 Romana
1251 1903 1306 1947 de
1339 1908 1456 1947 sent.
1494 1918 1676 1948 excom.
1704 1903 1749 1948 in
1785 1905 1826 1948 6.
1868 1904 1938 1948 Di-

152 1984 306 2030 ximus
338 1985 395 2029 ab
431 1986 664 2043 Episcop0‚
703 1991 850 2043 potest
885 1986 1010 2031 enim
1044 2002 1067 2031 a
1097 1991 1303 2032 Romano
1333 1987 1565 2032 Pontifice.
1605 1990 1757 2031 Potest
1779 1992 1936 2032 tamen

151 2067 208 2113 ab
245 2068 461 2126 Episcopo
495 2069 754 2125 Capitulum
788 2083 873 2128 qua
910 2069 1000 2113 tale
1034 2069 1246 2127 suspendi
1284 2070 1356 2114 vel
1390 2069 1618 2115 interdici.
1676 2072 1789 2114 Cum
1844 2083 1939 2114 sus-

153 2152 383 2212 penditur,
420 2166 512 2197 non
547 2152 710 2210 singuli
744 2152 1019 2211 capitulares
1051 2167 1076 2197 a
1113 2152 1303 2210 propriis
1336 2157 1382 2197 et
1419 2152 1733 2210 personalibus
1781 2151 1940 2196 officiis

152 2250 206 2282 ac
239 2235 471 2282 heneliciis
502 2236 862 2295 suspenduntur,
897 2236 975 2281 sed
1008 2249 1172 2294 corpus
1206 2235 1374 2292 ipsum,
1420 2236 1483 2280 ita
1525 2240 1575 2280 ut
1617 2236 1653 2280 si
1699 2237 1937 2294 suspensio

154 2318 212 2364 sit
243 2333 268 2363 a
303 2319 539 2375 beneficio,
575 2318 832 2377 Capitulum
868 2318 1077 2377 privatur
1109 2319 1333 2364 fructibus
1365 2319 1464 2364 eius
1499 2320 1570 2363 vel
1603 2333 1764 2363 eorum
1802 2318 1937 2363 bene·

154 2403 360 2449 ficiorum
394 2418 510 2463 quae
544 2404 681 2449 habet
712 2408 763 2448 ut
796 2403 951 2460 unita3
988 2404 1022 2448 si
1057 2404 1116 2448 sit
1150 2403 1208 2448 ab
1240 2404 1404 2459 officio,
1441 2403 1650 2462 privatur
1688 2416 1770 2448 usu
1805 2402 1935 2447 iuris-

154 2486 367 2532 dictionis
399 2491 446 2531 et
487 2491 822 2546 consequenter
863 2487 1110 2546 impeditur
1157 2501 1215 2532 ne
1257 2492 1388 2532 actus
1430 2487 1528 2531 eius
1570 2486 1655 2531 rati
1703 2500 1756 2531 ac
1803 2486 1938 2530 validi

156 2571 272 2628 sint;
308 2571 345 2616 si
378 2570 438 2616 sit
469 2586 493 2615 a
526 2570 712 2627 divinis,
754 2570 1024 2630 simpliciter
1070 2571 1336 2629 prohibetur
1375 2570 1581 2629 Capitulo
1623 2584 1840 2615 exercere
1883 2584 1937 2615 ea

155 2654 312 2700 divina
345 2653 492 2700 officia
524 2654 656 2699 solita
690 2655 896 2700 exerceri
929 2669 954 2699 a
989 2654 1325 2699 communitate
1358 2653 1597 2712 capitulari
1620 2667 1707 2713 qua
1742 2652 1843 2698 tali:
1880 2667 1939 2698 ex

155 2750 245 2795 quo
277 2736 499 2796 sequitur,
534 2737 652 2796 quod
688 2737 985 2794 particulares
1017 2751 1070 2782 ac
1102 2737 1357 2795 singulares
1390 2736 1627 2792 Canonici‚
1663 2738 1770 2781 licet
1793 2740 1844 2781 ut
1868 2740 1938 2782 ta·

161 2818 225 2862 les
258 2831 350 2863 non
382 2817 475 2863 sint
506 2818 630 2877 ligati
665 2833 688 2863 a
724 2819 802 2864 tali
836 2819 1152 2878 suspensione,
1188 2823 1346 2872 tamen
1387 2833 1478 2864 non
1514 2818 1688 2876 possint
1722 2832 1808 2863 nec
1846 2819 1939 2863 sru-

276 3008 286 3028 ¹
316 3009 412 3046 sess.
433 3008 550 3054 XXV,
576 3009 662 3056 Cap.
690 3010 740 3047 VI
767 3010 809 3046 de
834 3010 994 3057 Reform.

275 3079 287 3097 ²
312 3079 363 3116 Cf.
390 3079 563 3117 anssosx
589 3080 630 3116 de
650 3081 736 3118 Can.
763 3090 842 3127 cap.
867 3081 972 3126 V111;
998 3081 1103 3118 Card.
1130 3091 1177 3118 oc
1196 3082 1299 3118 Lunx
1325 3081 1416 3118 disc.
1442 3080 1487 3117 44
1515 3080 1609 3118 Ann.
1635 3081 1683 3117 ad
1712 3081 1816 3118 Cone.
