2176 3386
547 181 676 211 mnan
704 182 729 210 1.
760 182 816 211 DE
846 182 984 212 REBus
1014 179 1250 213 Eccmsmss
1278 184 1606 216 smanUAman
1888 179 1966 218 237

183 289 475 348 praescripsit
517 290 767 336 servandas
807 291 854 335 in
899 294 1063 350 Congr.
1100 295 1142 337 S.
1178 295 1231 338 O.
1268 296 1316 338 et
1346 293 1515 340 Indicis
1552 294 1599 340 in
1633 294 1758 341 libris
1795 311 1966 355 expen-

184 372 361 429 dendis,
395 373 579 419 decreta
612 375 840 431 generalia
874 375 928 419 de
961 375 1268 433 prohibitione
1300 381 1348 421 et
1379 374 1590 423 censura‘
1607 378 1826 424 librorum
1866 395 1965 439 pro·

184 455 348 513 posuit.
388 456 633 515 Praecipua
666 457 801 502 huius
832 457 1177 504 constitutionis
1212 459 1397 504 decreta
1420 459 1562 505 itaci.
1590 462 1863 507 Lombardi¹
1899 478 1966 508 re-

184 543 357 583 censet:
395 540 440 595 a)
479 540 628 598 plures
650 541 752 585 libri
776 541 970 586 habendi
1005 541 1099 587 sint
1121 556 1180 587 ex
1202 555 1249 587 se
1283 542 1382 587 iure
1415 543 1510 601 ipso
1545 544 1776 602 prohibiti,
1811 546 1968 605 quales

185 625 293 665 sunt
326 635 420 680 vg.:
461 624 498 679 l)
525 623 626 668 libri
649 628 980 683 apostatarum,
1006 625 1345 671 haereticorum
1366 631 1413 671 et
1434 627 1833 672 schismaticorum
1863 629 1966 674 hae-

186 704 322 750 resim
357 706 431 750 vel
463 706 659 752 schisma
702 709 1121 767 propugnantium;
1158 711 1200 766 Ξ)
1230 710 1329 754 libri
1372 711 1761 767 acatholicorum,
1798 712 1874 772 qui
1907 728 1965 758 ex

186 788 387 845 professo
420 788 474 833 de
510 789 725 847 religione
758 795 979 847 tractant,
1015 793 1062 836 ni
1097 796 1279 838 constet
1310 793 1421 837 nihil
1458 794 1502 838 in
1537 793 1602 839 eis
1635 798 1796 840 contra
1830 795 1966 840 fidem

186 870 440 927 contineri;
476 873 518 929 5)
555 872 654 917 libri
688 873 985 919 detrahentes
1020 879 1126 931 Deo,
1156 878 1199 919 Β.
1231 877 1302 931 V.,
1328 861 1523 931 Sanctis,
1560 877 1779 921 ecclesiae
1813 878 1967 922 catho-

184 953 299 998 licae
331 955 519 1015 eiusque
552 956 712 1012 cultui,
748 957 1051 1002 sacramentis
1083 963 1129 1002 et
1164 958 1447 1016 apostolicae
1482 959 1606 1016 Sedi;
1657 961 1699 1014 4)
1738 960 1854 1015 libri,
1890 961 1967 1019 qui

185 1038 290 1084 data
323 1053 458 1098 opera
502 1040 858 1086 ecclesiasticam
910 1042 1213 1087 hierarchiam
1263 1048 1342 1087 aut
1375 1047 1547 1087 statum
1597 1044 1853 1088 clericalem
1895 1045 1968 1089 vel

187 1122 446 1180 religiosum
483 1125 656 1182 probris
689 1125 912 1181 afficiunt,
940 1128 1010 1170 vel
1045 1126 1210 1186 quibus
1241 1126 1488 1185 sortilegia,
1523 1127 1772 1183 divinatio,
1801 1127 1965 1185 magia,

186 1209 397 1253 evocatio
429 1209 673 1267 spirituum
722 1210 927 1270 aliaeque
975 1211 1111 1256 huius
1143 1211 1323 1269 generis
1359 1212 1708 1271 superstitiones
1745 1214 1969 1258 docentur

185 1296 266 1336 aut
297 1295 701 1351 commendantur,
729 1296 800 1339 vel
823 1295 987 1354 quibus
1019 1296 1240 1353 duellum,
1265 1297 1528 1353 suicidium,
1559 1297 1809 1342 divortium
1845 1297 1966 1342 licita

186 1379 455 1420 statuuntur
487 1383 601 1434 etc.;
656 1379 695 1433 ὃ)
734 1379 921 1424 tandem
955 1379 1123 1434 diaria,
1161 1379 1265 1424 folia
1311 1384 1356 1424 et
1394 1380 1530 1425 libelli
1576 1380 1816 1439 periodici,
1852 1395 1969 1440 quae

190 1458 455 1515 religionem
505 1466 585 1505 aut
618 1461 760 1506 bonos
810 1475 959 1506 mores
1007 1462 1111 1507 data
1161 1477 1295 1521 opera
1347 1463 1601 1520 impetunt;
1653 1465 1691 1521 b)
1730 1464 1828 1507 libri
1871 1478 1967 1522 pro-

187 1541 317 1585 hibiti
352 1548 589 1602 nequeunt
628 1544 713 1602 legi
753 1545 922 1604 absque
956 1545 1094 1590 venia
1137 1549 1178 1590 S.
1217 1545 1341 1591 Sedis
1387 1546 1636 1591 obtinenda
1670 1561 1694 1591 a
1729 1550 1769 1591 S.
1807 1550 1967 1604 Congr.

190 1629 229 1672 S.
269 1630 318 1671 Ο.
355 1628 427 1671 vel
462 1628 652 1684 Indicis,
690 1630 760 1672 vel
796 1629 935 1674 etiam
984 1634 1063 1674 aut
1096 1644 1121 1674 a
1155 1633 1196 1675 S.
1234 1633 1279 1675 C.
1319 1635 1448 1689 Prop.
1486 1632 1608 1676 Fidei
1651 1646 1741 1690 quo
1783 1633 1838 1676 ad
1872 1634 1968 1678 loca

188 1709 335 1754 eidem
385 1710 588 1756 subiecta
622 1717 702 1756 aut
735 1726 759 1756 a
796 1713 1013 1770 Magistro
1062 1715 1103 1756 S.
1142 1713 1300 1758 Palatii
1336 1728 1414 1772 pro
1455 1718 1623 1759 Romae
1672 1715 1964 1773 degentibu83

187 1794 250 1838 ita
286 1799 441 1839 tamen
476 1800 542 1851 ut,
578 1796 653 1855 qui
688 1797 955 1842 facultatem
988 1798 1287 1856 apostolicam
1322 1798 1559 1842 consecuti
1594 1799 1677 1843 hac
1712 1798 1756 1842 in
1791 1813 1840 1843 re
1874 1800 1969 1843 fue-

188 1877 297 1933 rint,
334 1891 426 1922 non
460 1881 606 1924 solum
641 1880 839 1925 debeant
871 1881 1009 1925 libros
1040 1886 1174 1925 caute
1207 1882 1437 1927 custodire
1473 1896 1529 1927 ne
1563 1884 1617 1927 ad
1652 1883 1843 1928 aliorum
1875 1898 1968 1928 ma-

188 1974 275 2005 nus
306 1963 598 2020 perveniant,
634 1964 710 2008 sed
746 1978 838 2009 non
886 1964 1060 2022 possint
1104 1966 1251 2023 legere
1295 1966 1432 2011 libros
1463 1967 1690 2025 quoslibet
1722 1971 1802 2011 aut
1834 1967 1968 2026 ephe-

190 2044 384 2090 merides
415 2045 473 2090 ab
504 2046 759 2091 ordinariis
793 2047 996 2093 locorum
1028 2048 1282 2106 proscripta
1319 2052 1425 2108 (quo
1456 2050 1553 2094 iure
1575 2049 1840 2094 Ordinarios
1871 2063 1966 2094 eos-

307 2188 475 2234 Amplior
500 2193 553 2225 est
582 2189 735 2227 facultas
763 2200 940 2228 concessa
966 2192 1004 2227 iu
1030 2192 1186 2229 formula
1212 2193 1248 2229 C.
1269 2195 1382 2230 Porro
1410 2194 1531 2239 quoad
1558 2195 1653 2231 hanc
1673 2198 1844 2230 notamus
1871 2194 1969 2240 quod

188 2259 273 2296 licet
309 2260 452 2296 dicatur
485 2262 560 2298 «ad
585 2262 747 2308 effectum
774 2273 832 2299 eos
857 2265 1128 2310 impuqnamli»
1162 2266 1279 2311 siquis
1317 2270 1442 2302 tamen
1481 2267 1650 2303 facultate
1693 2266 1754 2302 illa
1792 2266 1968 2308 munitus,

188 2331 304 2368 libros
331 2332 537 2378 prohibitos
564 2333 653 2378 legit
679 2344 725 2370 ex
743 2335 823 2371 sola
848 2336 1073 2380 curiositate,
1101 2347 1177 2374 non
1198 2339 1349 2374 incurrit
1368 2339 1806 2380 excommunicationem,
1826 2338 1858 2374 si
1879 2338 1970 2374 liber

188 2404 236 2441 sit
260 2415 306 2441 ex
332 2406 452 2442 vetitis
478 2406 546 2443 sub
575 2407 635 2443 tali
663 2417 843 2451 censura,
870 2409 1037 2446 clausula
1062 2410 1162 2446 enim
1189 2410 1253 2447 illa
1278 2420 1353 2447 non
1392 2411 1530 2447 indicat
1570 2411 1678 2447 finem
1714 2412 1968 2454 intrinsecum,

188 2476 253 2512 sed
278 2477 526 2514 extrinsecum
554 2482 696 2515 tantum
725 2479 917 2523 facultatis,
945 2479 1030 2517 finis
1056 2482 1155 2517 enim
1184 2482 1263 2518 eius
1291 2483 1526 2525 intrinsecus,
1554 2493 1618 2519 seu
1654 2483 1738 2519 finis
1764 2482 1895 2528 operis
1914 2487 1969 2518 est

189 2547 350 2583 eximere
377 2558 398 2584 a
424 2549 505 2595 lege
538 2559 632 2595 quae
663 2555 759 2587 vetat
797 2551 975 2589 librorum
1013 2553 1284 2598 prohibitorum
1325 2553 1532 2597 lectionem,
1571 2555 1802 2591 extrinsecus
1831 2559 1968 2598 autem,

188 2627 294 2655 usum
333 2628 530 2657 concessae
569 2621 753 2658 facultatis
781 2622 830 2659 ita
855 2623 1060 2667 moderari,
1088 2629 1127 2660 ut
1153 2626 1294 2662 ratione
1333 2626 1444 2662 etiam
1485 2625 1568 2662 finis
1599 2627 1785 2672 operantis
1811 2636 1833 2662 a
1859 2626 1970 2672 culpa

190 2697 303 2727 vacet.
330 2691 523 2729 Praeterea
550 2693 636 2730 dum
664 2694 836 2732 Summus
862 2696 1035 2733 Pontifex
1060 2697 1136 2734 vult
1156 2702 1195 2734 ut
1213 2698 1296 2734 talis
1324 2698 1408 2734 finis
1435 2699 1621 2744 operantis
1641 2699 1687 2735 sit
1705 2699 1869 2735 conditio
1896 2700 1969 2735 sine

190 2773 263 2809 qua
288 2774 359 2800 non
385 2763 579 2808 facultatis,
606 2766 642 2802 id
668 2767 872 2813 exprimere
899 2769 1002 2812 solet,
1029 2769 1162 2806 additis
1190 2771 1313 2806 verbis
1344 2771 1436 2807 alias
1460 2781 1546 2814 non,
1567 2781 1668 2808 secus
1687 2774 1803 2807 totum
1823 2772 1892 2808 erit
1917 2772 1967 2808 ir-

188 2838 318 2880 ritum,
345 2841 406 2874 aut
431 2838 489 2875 his
514 2839 848 2885 aequivalentibus.

308 2909 351 2945 In
368 2918 413 2946 ea
429 2909 585 2947 formula
601 2911 759 2949 additur:
787 2913 895 2949 etiam
912 2914 994 2950 aliis
1011 2915 1230 2951 concedendi.
1257 2914 1385 2951 Differt
1403 2915 1514 2961 igitur
1534 2916 1623 2952 haec
1642 2915 1796 2953 facultas
1815 2925 1837 2951 a
1854 2915 1966 2962 priori

190 2979 300 3016 etiam
328 2980 366 3017 in
391 2990 435 3018 eo
462 2982 561 3028 quod
588 2982 693 3020 laicis
718 2994 868 3031 quoque
894 2986 1162 3023 communicari
1187 2991 1320 3032 potest.

312 3051 320 3070 ¹
349 3052 444 3090 Iuris
469 3054 639 3091 canonici
666 3055 796 3101 privati
823 3056 1086 3094 institutiones.
