2176 3386
0 353 25 442 ξ,

791 193 921 222 Lim-:R
949 194 974 222 1.
1010 193 1066 221 DE
1096 193 1290 222 emmens
1855 181 1935 221 203

142 302 288 363 putati
320 304 501 362 culpam
535 303 798 348 ostendant.
836 307 887 347 In
921 300 1236 356 intimatione,
1271 300 1358 345 nisi
1396 300 1636 369 prudentia
1663 300 1831 356 obstet,
1857 315 1930 345 ac-

141 387 404 431 cusationes
425 389 586 431 contra
612 400 741 430 reum
767 386 968 443 perlatae
1002 399 1081 443 per
1103 373 1348 429 extensum
1383 386 1664 439 referuntur,
1691 389 1741 428 ut
1774 385 1830 429 ad
1862 399 1927 430 re-

140 468 433 527 sponsionem
469 481 515 513 se
550 482 821 526 praeparare
857 468 1012 525 possit,
1037 467 1291 526 etquidem
1323 466 1367 510 in
1393 466 1589 524 scriptis.
1630 470 1865 522 Attamen,
1892 467 1928 512 si

137 552 197 597 ob
227 550 575 597 accusationum
609 544 898 610 qualitatem,
925 551 998 595 vel
1028 550 1114 594 alia
1147 550 1202 594 de
1236 563 1390 604 causa,
1417 549 1538 593 haud
1556 549 1771 607 expediat
1794 555 1845 594 ut
1884 549 1930 594 in

139 634 433 679 intimatione
465 633 804 692 exprimantur,
833 634 877 677 in
904 633 987 677 hac
1011 633 1122 677 satis
1144 631 1233 676 erit
1256 632 1450 676 innuere
1476 631 1624 690 ipsum
1648 632 1704 676 ad
1728 646 1928 677 examen

140 716 312 772 vocari,
347 720 397 760 ut
420 716 466 761 in
501 730 637 761 causa
671 716 726 760 de
759 730 849 775 qua
882 720 1043 760 contra
1077 729 1182 759 eum
1220 714 1269 759 [lt
1292 714 1529 774 inquisitio
1562 729 1661 759 sese
1692 716 1926 761 defendat.

257 801 359 845 263.
395 800 523 854 Quod
547 799 581 843 si
607 800 662 844 ad
686 813 884 843 examen
909 799 1126 844 accedere
1162 802 1357 853 recuset,
1386 797 1553 842 iterum
1591 798 1642 842 lit
1675 798 1926 855 intimatio,

138 886 277 941 atque
302 882 347 926 in
372 896 424 926 ea
449 895 702 939 congruum
740 886 921 940 tempus
946 881 1304 940 peremptorium
1332 881 1618 940 praefinitur,
1657 883 1776 927 intra
1809 883 1928 942 quod

137 980 240 1011 reus
271 980 425 1011 coram
462 966 680 1010 tribunali
713 979 760 1010 se
793 966 954 1010 sistere
987 965 1166 1020 debeat,
1209 965 1341 1025 eique
1390 965 1702 1025 significatur,
1750 968 1785 1011 si
1835 982 1926 1013 non

136 1054 309 1108 pareat,
345 1054 669 1094 contumacem
704 1063 800 1094 esse
835 1049 1155 1106 iudicandum,
1191 1063 1328 1108 quam
1355 1048 1718 1104 intimationem,
1745 1051 1779 1095 si
1806 1050 1923 1095 baud

133 1132 322 1191 probato
355 1132 561 1190 legitimo
596 1132 930 1192 impedimento
954 1132 1334 1190 transgrediatur,
1362 1137 1411 1176 ut
1434 1138 1688 1177 contumax
1712 1133 1766 1177 de
1800 1135 1924 1178 facto

135 1215 389 1260 habebitur.
444 1216 950 1271 Animadvertendum,
995 1216 1210 1274 quamvis
1250 1215 1542 1260 contumacia
1595 1222 1923 1274 argumentum

133 1298 310 1343 reitalis
346 1299 602 1343 maximum
636 1299 821 1359 quidem
862 1299 1147 1357 suppeditet,
1194 1299 1314 1358 quod
1359 1299 1636 1344 confessioni
1683 1314 1924 1358 compara-

132 1386 231 1438 tur,
283 1382 584 1428 nihilominus
634 1383 845 1428 reitatem
889 1385 1178 1429 contumacis
1226 1398 1318 1428 non
1364 1397 1460 1428 esse
1507 1384 1921 1442 praesumendam,

131 1466 206 1510 sed
240 1466 446 1524 legaliter
480 1467 777 1523 probandam,
814 1468 974 1512 eodem
1013 1468 1146 1512 modo
1179 1482 1232 1512 ac
1266 1467 1301 1511 si
1336 1471 1591 1512 contumax
1627 1468 1671 1511 in
1696 1467 1822 1511 curia
1848 1467 1922 1511 ad-

130 1552 264 1593 esset.
303 1552 470 1593 Verum
507 1550 540 1594 si
576 1553 630 1594 ad
665 1565 864 1595 examen
898 1551 1104 1606 accedat,
1140 1550 1370 1606 audiatur,
1418 1556 1464 1595 ct
1508 1550 1583 1595 ubi
1632 1551 1923 1596 inductiones

129 1631 321 1678 alicuius
357 1633 524 1678 valoris
555 1633 788 1690 exhibeat,
824 1649 904 1680 eae
938 1639 1165 1694 qnantum
1200 1635 1297 1680 fieri
1332 1641 1499 1694 potest,
1535 1640 1752 1681 accurate
1775 1636 1921 1681 discu-

129 1717 319 1762 tiantur.
361 1718 471 1762 Dein
505 1718 817 1763 accedendum
864 1724 933 1763 est
976 1719 1029 1763 ad
1074 1722 1463 1764 contestationem
1507 1719 1659 1764 delicti
1704 1724 1750 1763 et
1790 1733 1920 1777 argu-

130 1806 394 1846 mentorum
428 1815 544 1860 quae
580 1806 805 1859 prostant,
843 1806 894 1845 ut
927 1802 1173 1861 inquisitus
1206 1807 1251 1846 et
1284 1802 1521 1860 culpabilis
1554 1802 1778 1846 habeatur
1801 1801 1919 1846 etin

132 1899 300 1942 poenas
334 1884 583 1930 canonicas
617 1885 864 1930 incurrisse
897 1890 1156 1930 censeatur.

243 1969 342 2013 264.
383 1972 541 2027 ltaque
566 1983 723 2013 coram
748 1974 964 2013 accusato
991 1970 1207 2026 legendae
1231 1974 1339 2013 sunt
1365 1969 1550 2014 testium
1588 1969 1915 2026 depositiones,

130 2054 177 2095 et
199 2051 517 2096 conclusiones
550 2066 608 2096 ex
633 2051 687 2096 iis
718 2052 957 2096 deductae.
996 2052 1262 2111 Inquisitus,
1289 2054 1363 2097 ubi
1390 2068 1444 2097 ex
1476 2053 1545 2097 his
1574 2052 1775 2107 noverit,
1800 2066 1917 2112 quae

126 2133 171 2177 in
203 2134 318 2178 actis
350 2139 510 2180 contra
545 2135 695 2193 ipsum
733 2136 873 2180 relata
907 2140 1031 2191 sunt,
1067 2137 1122 2181 ad
1156 2151 1208 2180 ea
1244 2137 1520 2195 respondere
1556 2140 1730 2195 potest,
1766 2150 1842 2192 ac,
1879 2136 1914 2180 si

124 2217 251 2273 velit,
288 2223 443 2262 utetur
475 2218 574 2262 iure
608 2219 895 2263 defensionis
928 2234 952 2264 a
987 2233 1034 2264 sc
1070 2220 1165 2278 ipso
1200 2220 1246 2264 in
1282 2219 1464 2278 scriptis
1489 2220 1788 2278 peragendae.
1829 2223 1915 2263 No-

124 2300 247 2344 mina
281 2305 439 2346 autem
476 2302 664 2346 testium
698 2302 894 2347 durante
931 2316 1166 2361 processus
1199 2304 1490 2348 confectione
1525 2318 1617 2348 non
1644 2303 1912 2361 prodantur,

56 2415 59 2418 >
122 2383 198 2427 sed
234 2388 416 2428 tantum
453 2385 680 2442 publicato
717 2399 947 2442 processu,
984 2392 1034 2430 ut
1076 2386 1250 2444 possint
1291 2387 1586 2445 exceptiones
1631 2391 1793 2431 contra
1829 2387 1914 2440 'eos

121 2464 232 2510 fieri,
272 2470 424 2511 Potest
455 2468 597 2512 etiam
632 2468 745 2513 alios
783 2473 936 2525 testes,
974 2474 1156 2527 praeter
1190 2469 1279 2515 iam
1305 2471 1614 2526 examinatos,
1643 2471 1909 2529 producere,

119 2548 193 2607 qui
228 2549 285 2594 ab
319 2551 534 2595 Auditore
569 2551 868 2596 examinandi
903 2558 1026 2597 sunt.
1067 2557 1315 2612 Responsa,
1352 2556 1667 2614 exceptiones,
1713 2558 1800 2599 etc.
1837 2568 1910 2599 ac-

120 2632 262 2676 cusati
296 2632 466 2692 scripto
502 2634 746 2678 tradantur
778 2649 802 2678 a
837 2636 1134 2681 Cancellario.
1172 2640 1282 2682 Tota
1316 2637 1539 2696 depositio
1587 2638 1670 2697 ipsi
1714 2639 1908 2697 legatur,

120 2716 169 2756 ut
200 2711 292 2772 ipse
324 2727 404 2759 sua
443 2730 601 2773 manu,
622 2731 739 2775 quae
773 2719 992 2776 reposuit,
1018 2719 1299 2778 subscribat3
1336 2720 1501 2766 deinde
1525 2722 1814 2767 subscribent
1843 2727 1908 2767 Iu-

119 2794 206 2839 dex
238 2801 284 2840 et
317 2798 641 2843 cancellarius.

234 2877 335 2923 265.
375 2878 591 2924 Absoluto
626 2894 837 2938 processu
870 2882 1228 2939 (informativo),
1273 2885 1498 2929 Redactor
1531 2888 1750 2931 Actorum
1784 2899 1907 2931 sum-

119 2962 314 3006 marium
360 2964 708 3022 praecipuorum
748 2972 1128 3024 argumentorum
1162 2983 1280 3027 quae
1314 2983 1372 3014 ex
1408 2969 1503 3027 ipso
1548 2969 1760 3025 elucent,
1799 2984 1902 3014 con-

118 3041 241 3088 ficiat
279 3049 326 3090 et
366 3046 508 3092 ludici
542 3048 711 3104 tradat,
746 3049 824 3108 qui
859 3049 965 3094 illud
1002 3051 1291 3096 Procuratori
1326 3052 1486 3097 Fiscali
1525 3068 1663 3112 quam
1705 3054 1906 3112 primum

116 3129 416 3175 transmittet.
