2176 3386
526 199 655 228 LIBER
684 199 707 227 1.
739 197 795 226 DE
825 195 962 225 REBUS
991 193 1227 223 ECCLESIAE
1257 193 1581 223 SPIRITUALIBUS
1864 181 1944 221 283

905 338 1085 384 CAPUT
1123 340 1197 382 ΙΧ.

797 454 871 490 DE
910 450 1314 489 SEMINARIIS.

286 555 414 600 1255.
450 559 575 600 Inter
623 536 886 613 praecipuas
926 551 1277 597 ordinariorum
1310 564 1471 607 curas,
1507 565 1583 596 eas
1616 556 1793 597 ceteras
1835 551 1946 597 alias

165 638 390 682 excellere
435 637 601 692 debet,
635 650 752 696 quae
793 634 901 681 cleri
945 633 1285 679 institutionem
1325 634 1523 692 respicit.
1576 633 1692 679 Hinc
1741 635 1946 679 maxime

166 721 336 766 eisdem
369 720 737 775 commendatur,
773 723 822 762 ut
854 717 1179 772 Seminarium,
1215 717 1331 761 idest
1370 717 1615 775 Collegium
1652 717 1697 761 in
1731 731 1820 776 quo
1852 718 1947 762 Cle-

167 805 249 851 rici
282 806 338 850 ad
370 804 586 850 scientias
618 802 949 848 ecclesiasticas
970 807 1016 846 et
1038 801 1093 846 ad
1117 800 1418 846 christianam
1454 801 1671 860 pietatem
1695 802 1946 846 informen-

166 893 258 944 tur,
294 887 553 933 instituant.
592 890 727 931 Porro
761 900 816 930 ex
852 884 1143 944 praescriptis
1176 900 1199 929 a
1234 884 1436 930 Concilio
1459 884 1725 930 Tridentino
1758 885 1805 930 in
1838 899 1947 945 qua-

168 971 277 1015 libet
309 970 502 1016 dioecesi
526 969 637 1027 erigi
661 968 967 1013 Seminarium
1003 967 1151 1013 debet.
1191 968 1232 1013 Si
1258 982 1367 1013 vero
1401 968 1620 1013 dioecesis
1642 968 1754 1013 adeo
1778 982 1949 1027 pauper

165 1053 240 1109 sit,
277 1057 325 1097 ut
359 1052 550 1111 pecunia
599 1052 855 1097 necessaria
904 1056 1058 1096 careat
1099 1051 1153 1096 ad
1197 1051 1470 1096 alimentum
1510 1051 1832 1107 alumnorum,
1870 1066 1949 1111 per

169 1136 402 1194 Synodum
441 1135 769 1194 provincialem
813 1134 922 1192 erigi
957 1135 1046 1179 duo
1082 1134 1152 1179 vel
1188 1149 1331 1179 unum
1367 1134 1412 1178 in
1448 1134 1715 1192 provincia,
1750 1139 1796 1179 et
1832 1134 1947 1179 aliae

170 1220 393 1264 Ecclesiae
427 1233 701 1264 concurrere
724 1219 778 1263 ad
801 1231 1027 1277 expensas
1049 1218 1232 1263 debent.
1270 1222 1406 1263 Porro
1440 1219 1565 1262 locus
1586 1218 1641 1262 ad
1665 1218 1946 1262 erectionem

167 1302 406 1348 Seminarii
441 1303 589 1362 aptior
622 1303 694 1347 ille
717 1308 801 1359 est,
827 1303 904 1362 qui
940 1317 1076 1361 prope
1100 1303 1416 1348 Cathedraleni
1451 1304 1566 1348 situs
1598 1308 1683 1358 est,
1714 1304 1799 1347 nisi
1833 1304 1949 1349 alius

168 1388 467 1447 opportunior
498 1387 740 1432 Ordinario
776 1386 1000 1431 videatur.
1040 1386 1207 1446 Nequit
1239 1391 1395 1431 tamen
1430 1387 1540 1445 erigi
1576 1387 1621 1431 in
1656 1386 1843 1431 aedibus
1876 1400 1947 1432 ca·

170 1471 461 1526 nonicorum,
498 1471 583 1516 nisi
608 1470 872 1515 eorumdem
897 1470 1085 1514 accedat
1107 1483 1376 1526 consensus,
1402 1475 1446 1514 et
1471 1470 1555 1514 nisi
1591 1470 1652 1514 ita
1686 1474 1946 1528 separatum

169 1556 364 1610 existat,
401 1558 451 1598 ut
499 1553 751 1613 presbyteri
788 1554 859 1597 vel
907 1553 1060 1597 clerici
1109 1553 1292 1598 externi
1343 1554 1514 1598 nullam
1551 1568 1655 1597 cum
1707 1553 1946 1598 Seminarii

169 1637 368 1682 alumnis
401 1637 870 1683 communicationem
905 1636 1119 1680 habeant.
1171 1639 1383 1681 Ceterum
1418 1635 1606 1680 arbitrio
1643 1635 1845 1695 Episcopi
1881 1651 1948 1681 re-

169 1719 406 1779 linquitur,
444 1735 587 1764 unum
623 1719 695 1763 vel
731 1720 855 1777 plura
880 1719 1131 1764 Seminaria
1165 1720 1355 1776 erigere,
1382 1723 1426 1763 et
1449 1719 1485 1764 si
1519 1719 1738 1764 dioecesis
1769 1724 1949 1765 constet

169 1803 371 1862 pluribus
407 1803 615 1848 Ecclesiis
638 1803 972 1848 cathedralibus
995 1817 1139 1862 aeque
1162 1802 1477 1861 principaliter
1499 1803 1658 1858 unitis,
1684 1803 1729 1847 in
1759 1803 1949 1860 singulis

167 1886 433 1944 erigendum
469 1886 554 1930 erit
588 1887 910 1930 Seminarium.
964 1886 1005 1931 si
1040 1891 1195 1930 tamen
1232 1900 1415 1944 prorsus
1447 1886 1629 1931 deficiat
1662 1901 1800 1931 omne
1845 1889 1948 1931 sub-

166 1972 349 2026 sidium,
384 1985 473 2029 quo
507 1970 814 2015 Seminarium
850 1970 935 2014 rite
969 1970 1132 2028 aperiri
1167 1975 1321 2029 queat,
1358 1976 1537 2029 praeter
1568 1986 1637 2026 ea,
1664 1985 1780 2030 quae
1803 1975 1940 2017 Cone.

168 2053 285 2097 Trid.
315 2054 327 2076 ¹
361 2054 550 2108 statuit,
589 2057 736 2111 potest
769 2053 1129 2098 Seminariorum
1172 2054 1370 2098 defectui
1404 2053 1601 2112 suppleri
1638 2069 1715 2112 per
1747 2069 1798 2098 ea
1832 2068 1949 2112 quae

169 2136 307 2180 tradit
342 2137 503 2181 Bened.
543 2139 639 2181 XIV
663 2137 695 2191 ²,
735 2136 961 2191 videlicet,
999 2140 1049 2179 ut
1081 2136 1230 2195 aliqua
1272 2136 1317 2180 in
1352 2136 1571 2192 civitate,
1608 2151 1660 2182 ac
1695 2136 1947 2194 respective

171 2219 218 2264 in
252 2219 465 2275 dioecesi,
501 2220 763 2277 designetur
796 2219 1003 2276 ecclesia,
1039 2220 1137 2264 sive
1170 2219 1451 2275 Orator-ium,
1487 2234 1575 2279 quo
1608 2220 1821 2264 omnibus
1864 2221 1949 2264 sal-

170 2307 263 2347 tem
298 2303 454 2347 diebus
486 2303 727 2348 dominicis
759 2304 1010 2349 convenire
1045 2307 1292 2348 teneantur
1313 2318 1473 2349 omnes
1507 2309 1552 2348 et
1584 2304 1766 2362 singuli,
1791 2304 1867 2363 qui
1903 2304 1948 2349 in

174 2386 346 2431 clerum
381 2386 592 2442 adscribi,
629 2391 707 2431 aut
739 2387 792 2430 ad
820 2387 1030 2434 ‚minores
1064 2387 1349 2446 maioresque
1383 2388 1565 2432 ordines
1590 2388 1849 2446 promoveri
1874 2402 1950 2432 eu-

171 2470 334 2528 piunt,
380 2469 530 2529 ibique
572 2470 747 2514 duabus
794 2470 848 2515 ad
899 2470 1051 2515 minus
1096 2470 1139 2515 in
1180 2471 1381 2528 singulos
1431 2485 1612 2515 menses
1646 2471 1847 2525 vicibus,
1882 2485 1950 2515 sa-

171 2553 441 2598 cramentali
491 2554 778 2598 consessione
827 2552 1107 2611 praemissa,
1158 2567 1336 2598 sacram
1387 2553 1720 2598 Eucharistiam
1769 2567 1949 2598 sumere

171 2635 394 2693 debeant;
430 2636 690 2682 huiusmodi
723 2642 879 2681 autem
914 2643 1231 2682 conventuum
1267 2638 1365 2681 sive
1398 2637 1804 2694 congregationum
1856 2649 1950 2680 mo—

172 2720 403 2763 deratores
435 2724 480 2763 et
511 2719 761 2764 directores
791 2719 1134 2764 constituantur
1167 2719 1335 2774 idonei,
1372 2724 1417 2764 et
1439 2718 1566 2777 probi
1586 2719 1873 2764 sacerdotes.

296 2802 422 2846 1256.
457 2801 584 2848 Circa
632 2801 872 2847 Seminarii
920 2801 1204 2847 dotationem
1252 2802 1456 2860 deputati
1499 2802 1734 2857 eiusdem,
1770 2802 1805 2846 si
1839 2804 1951 2847 haec

173 2883 347 2928 dotatio
381 2898 471 2928 non
505 2885 699 2939 existat,
734 2885 1021 2929 taxationem
1057 2884 1291 2943 imponere
1324 2885 1517 2929 debent:
1570 2885 1606 2941 1)
1642 2897 1827 2929 mensae
1860 2883 1951 2942 epi-

296 3059 304 3078 ¹
333 3060 419 3107 Cap.
446 3060 579 3104 XVIII,
606 3061 702 3098 Sess.
729 3061 851 3098 XXIII
879 3062 920 3098 de
947 3062 1107 3107 Reform.

295 3132 307 3151 ¹
334 3133 386 3169 De
409 3132 542 3179 synod.
569 3134 715 3171 dioeces.
742 3134 803 3171 lib.
833 3133 888 3178 11,
916 3142 994 3179 cap.
1022 3133 1055 3170 2.
