2176 3386
261 171 341 211 246
903 184 1014 214 PARS
1044 186 1068 213 1.
1107 185 1164 214 DE
1194 185 1405 215 PERSONIS

263 291 525 350 pediuntur‚
561 307 663 337 eam
701 293 917 353 Episcopo
950 294 1207 353 significare
1239 295 1430 351 debent,
1466 296 1542 356 qui
1576 297 1786 343 eamdem
1821 313 1847 344 a
1887 299 2043 345 iudici·

262 376 345 419 bus
377 377 431 420 ad
466 376 506 420 id
541 376 769 434 deputatis
801 378 1159 423 examinandam
1195 378 1397 436 curabit,
1435 379 1637 438 legitima
1670 395 1782 426 vero
1815 395 1949 427 causa
1977 387 2046 429 est

261 458 413 514 gravis
446 458 710 515 necessitas,
746 465 791 504 et
825 459 1102 505 nominatim
1143 461 1292 520 quoad
1339 465 1566 507 Parochos
1604 463 1811 508 defectus
1857 464 2045 512 alterius

261 542 526 597 sacerdotis,
561 543 632 587 eui
669 542 870 601 proprias
902 557 1013 588 oves
1045 543 1342 589 committant
1381 545 1582 590 maxime
1624 559 1732 590 vero
1772 546 1888 606 siqui
1933 552 2043 593 tunc

262 624 308 669 in
346 625 550 684 paroecia
586 625 834 683 periculose
868 625 1178 671 infirmantur.

380 708 480 752 281.
522 712 580 752 De
614 707 792 752 obiecto
826 708 988 765 synodi
1023 708 1322 753 dioecesanae
1360 709 1471 754 haec
1494 710 1581 756 diei
1607 717 1811 769 possunt.
1854 714 2042 759 Univer-

261 790 345 834 sim
373 790 477 834 illud
515 796 725 836 versatur
758 790 803 834 in
830 790 883 835 iis
903 805 1020 850 quae
1047 792 1280 850 pertinent
1314 792 1369 836 ad
1395 798 1568 838 rectam
1603 795 1822 842 dioecesis
1850 798 2044 843 admini-

260 875 549 929 strationem,
588 873 851 931 praesertim
882 889 989 919 xero
1012 876 1066 919 ad
1103 890 1282 919 morum
1317 876 1605 935 disciplinam
1631 878 1715 922 rite
1738 882 2038 939 servandam;

259 958 478 1017 adeoque,
517 959 559 1001 in
598 958 876 1002 instruendis
909 957 1097 1014 singulis
1130 958 1250 1003 eirca
1285 959 1462 1017 propria
1497 961 1666 1018 officia,
1702 977 1754 1008 ac
1800 964 2040 1021 praecipue

259 1041 570 1086 sacerdotibus
601 1043 749 1100 quoad
784 1046 956 1085 rectam
1002 1047 1398 1087 sacramentorum
1439 1044 1920 1104 administrationem;
1978 1048 2040 1094 ita

258 1129 413 1169 tamen
451 1129 499 1168 ut
531 1125 584 1168 de
617 1123 979 1183 quaestionibus,
1014 1139 1130 1183 quae
1164 1125 1210 1169 in
1245 1126 1410 1171 scholis
1442 1127 1676 1185 agitantur
1710 1129 1822 1173 nihil
1854 1130 2038 1176 delinia-

260 1211 382 1253 tur¹.
424 1214 468 1253 ln
503 1209 719 1253 abusibus
755 1209 1034 1268 publicisque
1077 1208 1202 1254 vitiis
1241 1211 1506 1268 detegendis
1547 1213 1931 1272 corrigendisque.
1992 1220 2038 1260 [n

257 1293 444 1337 edendis
478 1292 649 1350 legibus
681 1292 737 1336 ad
770 1292 1058 1350 disciplinam
1093 1293 1440 1338 custodiendam
1465 1297 1749 1353 opportunis,
1776 1296 1837 1341 ita
1863 1302 2036 1354 tamen,

258 1382 304 1420 ut
344 1376 454 1420 nihil
487 1381 732 1431 statuatur,
768 1376 885 1434 quod
921 1376 1031 1419 iuris
1063 1377 1325 1422 communis
1357 1384 1436 1422 aut
1460 1374 1706 1436 superioris
1729 1380 1933 1426 cuiusvis
1964 1396 2038 1440 po·

257 1460 436 1505 testatis
468 1459 875 1504 constitutionibus
908 1460 1191 1504 contrarium
1227 1460 1300 1504 sit.
1340 1465 1387 1505 [n
1422 1462 1573 1520 specie
1607 1477 1663 1507 ex
1700 1463 1796 1508 iure
1842 1470 1887 1509 et
1931 1479 2038 1510 con-

257 1544 498 1588 suetudine
535 1544 577 1588 in
613 1544 788 1600 synodo
813 1548 1154 1601 pertractantur
1176 1559 1356 1603 quoque
1380 1547 1635 1604 sequentia,
1662 1548 1875 1606 quamvis
1897 1548 2035 1593 etiam

255 1632 386 1672 extra
421 1627 649 1685 synodum
687 1626 839 1684 perlici
872 1627 929 1670 ab
965 1626 1181 1684 Episcopo
1206 1627 1394 1685 possint.
1436 1630 1488 1671 t't
1511 1629 1690 1673 concilii
1723 1631 2033 1688 provincialis,

253 1712 373 1771 quod
398 1711 605 1769 proxime
628 1715 784 1755 actum
808 1710 882 1765 sit,
907 1709 1089 1755 decreta
1116 1710 1418 1768 publicentur.
1458 1713 1513 1754 Ut
1535 1713 1907 1759 Cathedraticum
1939 1716 2035 1773 Epi-

254 1808 390 1853 scopo
422 1794 670 1853 quotannis
702 1793 992 1847 solvendum,
1027 1794 1304 1838 decernatur
1335 1799 1381 1838 et
1414 1796 1639 1852 exigatur.
1680 1798 1734 1840 [t
1766 1811 1899 1842 casus
1937 1799 2032 1857 Epi-

253 1892 389 1936 scopo
424 1878 686 1922 reservandi
721 1877 1014 1922 deliniantur.
1052 1879 1105 1921 Ut
1141 1878 1371 1923 redituum
1407 1879 1519 1923 ratio
1553 1894 1577 1924 a
1613 1882 1854 1926 Seminarii
1897 1884 2032 1942 depu-

257 1962 363 2007 tatis
398 1963 657 2019 exigatur2.
699 1963 752 2005 [t
783 1961 1126 2006 examinatores
1160 1962 1418 2019 synodales,
1455 1963 1530 2022 qui
1567 1963 1743 2009 scilicet
1778 1980 1855 2023 per
1897 1967 2034 2012 unius

252 2047 361 2090 anni
396 2045 611 2104 spatium,
651 2045 982 2108 parochialibus
1014 2044 1217 2089 ecclesiis
1261 2044 1604 2103 praeficiendOS,
1651 2049 1854 2093 examini
1897 2050 2032 2095 subii-

253 2129 394 2183 ciant,
430 2143 511 2174 sex
548 2128 808 2182 minimum,
849 2142 993 2187 neque
1028 2133 1184 2173 tamen
1221 2129 1369 2186 plures
1401 2143 1539 2189 quam
1575 2131 1757 2188 viginti,
1783 2147 2034 2194 omnesque

251 2211 401 2255 idonei
439 2212 715 2256 nominatim
748 2226 827 2256 seu
863 2212 1164 2269 personaliter
1196 2212 1438 2270 eligantur,
1472 2218 1518 2257 et
1550 2228 1575 2258 a
1609 2215 1786 2271 synodo
1825 2230 1904 2274 per
1942 2218 2033 2261 suf-

251 2295 394 2352 fragia
428 2296 526 2339 sive
559 2301 732 2339 secreta
767 2295 866 2339 sive
902 2294 1076 2353 publica
1115 2296 1379 2352 probentur,
1419 2296 1479 2340 ita
1515 2302 1565 2340 ut
1607 2297 1775 2357 absque
1816 2300 2033 2346 facultate

252 2381 293 2423 S.
331 2379 455 2424 Sedis
487 2383 619 2423 extra
653 2379 883 2436 synodum
917 2378 1019 2435 eligi
1046 2384 1306 2438 nequeant,
1344 2394 1400 2423 ex
1426 2379 1583 2425 electis
1605 2385 1761 2425 autem
1787 2382 1834 2426 in
1858 2384 2034 2440 synodo

250 2462 286 2506 si
321 2477 344 2507 e
377 2466 558 2507 senar-10
593 2476 786 2506 numero
819 2461 981 2521 aliquis
1015 2461 1134 2506 intra
1168 2476 1344 2507 annum
1378 2462 1576 2519 deficiat,
1612 2478 1774 2510 omnes
1806 2467 1864 2510 ab
1886 2467 2032 2512 officio

250 2552 447 2600 cessant,
476 2560 622 2605 neque
650 2546 723 2590 alii
749 2545 892 2590 suffici
917 2550 1094 2605 queunt
1116 2548 1285 2605 absque
1308 2547 1513 2591 eiusdem
1548 2549 1590 2593 S.
1618 2548 1741 2592 Sedis
1764 2549 2027 2595 facultate³.

253 2630 389 2673 Electi
425 2630 767 2674 examinatores
800 2628 1112 2673 iuramentum
1150 2634 1379 2687 praestare
1411 2629 1580 2674 debent
1612 2630 1667 2675 de
1713 2646 1902 2676 munere
1950 2645 2031 2678 suo

248 2712 440 2757 fideliter
471 2712 777 2771 adimplendo.
817 2714 871 2755 [t
906 2712 1187 2770 Apostolicae
1222 2711 1321 2756 Sedi
1355 2718 1565 2758 constare
1597 2720 1736 2773 queat
1777 2714 1854 2774 qui
1903 2729 2030 2773 prae-

368 2897 376 2916 ¹
407 2897 542 2934 Bened.
571 2897 657 2934 XIV
686 2897 752 2934 loc.
780 2898 839 2933 cit.
869 2898 906 2933 L.
934 2898 965 2939 7,
993 2897 1029 2933 C.
1060 2897 1077 2933 1
1105 2907 1207 2943 seqq.

367 2970 380 2988 ¹
406 2970 493 3006 Ben.
520 2969 606 3006 XIV
634 2969 655 3005 l.
682 2979 711 3006 c.

366 3040 379 3060 ³
405 3041 505 3078 Idem
533 3041 601 3078 loc.
629 3041 689 3078 cit.
717 3042 796 3078 Lib.
821 3043 854 3084 4,
883 3042 920 3078 C.
949 3042 967 3076 7
993 3047 1029 3078 et
1054 3051 1155 3088 seqq.
