<?xml version="1.0" encoding="UTF-8"?>
<!DOCTYPE html PUBLIC "-//W3C//DTD XHTML 1.0 Transitional//EN"
    "http://www.w3.org/TR/xhtml1/DTD/xhtml1-transitional.dtd">
<html xmlns="http://www.w3.org/1999/xhtml" xml:lang="en" lang="en">
 <head>
  <title>
</title>
<meta http-equiv="Content-Type" content="text/html;charset=utf-8" />
  <meta name='ocr-system' content='tesseract 3.04.00' />
  <meta name='ocr-capabilities' content='ocr_page ocr_carea ocr_par ocr_line ocrx_word'/>
</head>
<body>
  <div class='ocr_page' id='page_1' title='image "apparatus00ziteuoft_0446.png"; bbox 0 0 2176 3386; ppageno 0'>
   <div class='ocr_carea' id='block_1_1' title="bbox 1454 0 2176 124">
    <p class='ocr_par' dir='ltr' id='par_1_1' title="bbox 1454 0 2176 124">
     <span class='ocr_line' id='line_1_1' title="bbox 1454 0 2176 124; baseline 0 3262"><span class='ocrx_word' id='word_1_1' title='bbox 1454 0 2176 124; x_wconf 95' lang='lat' dir='ltr'> </span> 
     </span>
    </p>
   </div>
   <div class='ocr_carea' id='block_1_2' title="bbox 250 195 1388 236">
    <p class='ocr_par' dir='ltr' id='par_1_2' title="bbox 250 195 1388 236">
     <span class='ocr_line' id='line_1_2' title="bbox 250 195 1388 236; baseline 0 -1"><span class='ocrx_word' id='word_1_2' title='bbox 250 195 330 235; x_wconf 81' lang='lat'>434</span> <span class='ocrx_word' id='word_1_3' title='bbox 890 206 1000 236; x_wconf 80' lang='lat' dir='ltr'>PARS</span> <span class='ocrx_word' id='word_1_4' title='bbox 1028 207 1052 235; x_wconf 77' lang='lat'>1.</span> <span class='ocrx_word' id='word_1_5' title='bbox 1088 207 1145 235; x_wconf 83' lang='lat' dir='ltr'>DE</span> <span class='ocrx_word' id='word_1_6' title='bbox 1174 206 1388 236; x_wconf 83' lang='lat' dir='ltr'>PERSOle</span> 
     </span>
    </p>
   </div>
   <div class='ocr_carea' id='block_1_3' title="bbox 250 315 2036 2207">
    <p class='ocr_par' dir='ltr' id='par_1_3' title="bbox 250 315 2036 2207">
     <span class='ocr_line' id='line_1_3' title="bbox 250 315 2034 375; baseline 0.002 -15"><span class='ocrx_word' id='word_1_7' title='bbox 250 315 434 361; x_wconf 84' lang='lat' dir='ltr'>Ordinis</span> <span class='ocrx_word' id='word_1_8' title='bbox 465 329 569 360; x_wconf 94' lang='lat' dir='ltr'>cum</span> <span class='ocrx_word' id='word_1_9' title='bbox 593 329 675 360; x_wconf 92' lang='lat' dir='ltr'>suo</span> <span class='ocrx_word' id='word_1_10' title='bbox 698 315 898 374; x_wconf 89' lang='lat' dir='ltr'>generali</span> <span class='ocrx_word' id='word_1_11' title='bbox 931 315 1135 362; x_wconf 91' lang='lat' dir='ltr'>consilio.</span> <span class='ocrx_word' id='word_1_12' title='bbox 1166 316 1291 362; x_wconf 87' lang='lat' dir='ltr'>Idem</span> <span class='ocrx_word' id='word_1_13' title='bbox 1316 317 1531 375; x_wconf 81' lang='lat' dir='ltr'><strong>Magister</strong></span> <span class='ocrx_word' id='word_1_14' title='bbox 1552 317 1787 363; x_wconf 80' lang='lat' dir='ltr'>Generalis</span> <span class='ocrx_word' id='word_1_15' title='bbox 1817 331 1925 364; x_wconf 91' lang='lat' dir='ltr'>cum</span> <span class='ocrx_word' id='word_1_16' title='bbox 1947 331 2034 364; x_wconf 88' lang='lat' dir='ltr'>suo</span> 
     </span>
     <span class='ocr_line' id='line_1_4' title="bbox 251 398 2034 461; baseline 0.002 -17"><span class='ocrx_word' id='word_1_17' title='bbox 251 398 451 457; x_wconf 87' lang='lat' dir='ltr'>generali</span> <span class='ocrx_word' id='word_1_18' title='bbox 484 399 674 445; x_wconf 91' lang='lat' dir='ltr'>consilio</span> <span class='ocrx_word' id='word_1_19' title='bbox 708 398 874 458; x_wconf 86' lang='lat' dir='ltr'>poterit</span> <span class='ocrx_word' id='word_1_20' title='bbox 896 398 942 443; x_wconf 92' lang='lat' dir='ltr'>in</span> <span class='ocrx_word' id='word_1_21' title='bbox 967 398 1147 445; x_wconf 82' lang='lat' dir='ltr'><strong>casibus</strong></span> <span class='ocrx_word' id='word_1_22' title='bbox 1178 399 1555 445; x_wconf 79' lang='lat' dir='ltr'>extraordinariis</span> <span class='ocrx_word' id='word_1_23' title='bbox 1577 404 1624 445; x_wconf 91' lang='lat' dir='ltr'>et</span> <span class='ocrx_word' id='word_1_24' title='bbox 1647 401 1914 460; x_wconf 84' lang='lat' dir='ltr'>praesertim</span> <span class='ocrx_word' id='word_1_25' title='bbox 1949 415 2034 461; x_wconf 91' lang='lat' dir='ltr'>pro</span> 
     </span>
     <span class='ocr_line' id='line_1_5' title="bbox 252 482 2036 543; baseline 0.001 -14"><span class='ocrx_word' id='word_1_26' title='bbox 252 484 516 542; x_wconf 84' lang='lat' dir='ltr'>regionibus</span> <span class='ocrx_word' id='word_1_27' title='bbox 547 488 594 529; x_wconf 90' lang='lat' dir='ltr'>et</span> <span class='ocrx_word' id='word_1_28' title='bbox 625 484 736 528; x_wconf 89' lang='lat' dir='ltr'>locis</span> <span class='ocrx_word' id='word_1_29' title='bbox 768 482 1030 543; x_wconf 82' lang='lat' dir='ltr'>longinquis</span> <span class='ocrx_word' id='word_1_30' title='bbox 1062 482 1117 528; x_wconf 87' lang='lat' dir='ltr'>ad</span> <span class='ocrx_word' id='word_1_31' title='bbox 1151 483 1467 528; x_wconf 87' lang='lat' dir='ltr'>dimissionem</span> <span class='ocrx_word' id='word_1_32' title='bbox 1499 484 1836 530; x_wconf 85' lang='lat' dir='ltr'>decernendam</span> <span class='ocrx_word' id='word_1_33' title='bbox 1868 485 2036 531; x_wconf 79' lang='lat' dir='ltr'>subde-</span> 
     </span>
     <span class='ocr_line' id='line_1_6' title="bbox 251 567 2026 627; baseline 0.001 -14"><span class='ocrx_word' id='word_1_34' title='bbox 251 568 401 626; x_wconf 88' lang='lat' dir='ltr'>legare</span> <span class='ocrx_word' id='word_1_35' title='bbox 434 568 597 627; x_wconf 92' lang='lat' dir='ltr'>probos</span> <span class='ocrx_word' id='word_1_36' title='bbox 630 572 674 612; x_wconf 90' lang='lat' dir='ltr'>et</span> <span class='ocrx_word' id='word_1_37' title='bbox 707 567 955 625; x_wconf 87' lang='lat' dir='ltr'>prudentes</span> <span class='ocrx_word' id='word_1_38' title='bbox 989 567 1237 625; x_wconf 92' lang='lat' dir='ltr'>religiosos,</span> <span class='ocrx_word' id='word_1_39' title='bbox 1272 567 1350 627; x_wconf 90' lang='lat' dir='ltr'>qui</span> <span class='ocrx_word' id='word_1_40' title='bbox 1383 567 1545 612; x_wconf 88' lang='lat' dir='ltr'>saltem</span> <span class='ocrx_word' id='word_1_41' title='bbox 1587 571 1681 614; x_wconf 89' lang='lat' dir='ltr'>tres</span> <span class='ocrx_word' id='word_1_42' title='bbox 1713 581 1810 614; x_wconf 88' lang='lat' dir='ltr'>esse</span> <span class='ocrx_word' id='word_1_43' title='bbox 1842 569 2026 615; x_wconf 88' lang='lat' dir='ltr'>debent.</span> 
     </span>
     <span class='ocr_line' id='line_1_7' title="bbox 254 649 2028 712; baseline 0.001 -16"><span class='ocrx_word' id='word_1_44' title='bbox 254 651 301 710; x_wconf 77' lang='grc' dir='ltr'>ὅ)</span> <span class='ocrx_word' id='word_1_45' title='bbox 325 651 449 696; x_wconf 83' lang='lat' dir='ltr'>Licet</span> <span class='ocrx_word' id='word_1_46' title='bbox 480 650 536 695; x_wconf 87' lang='lat' dir='ltr'>ad</span> <span class='ocrx_word' id='word_1_47' title='bbox 571 650 910 696; x_wconf 87' lang='lat' dir='ltr'>decernendam</span> <span class='ocrx_word' id='word_1_48' title='bbox 958 649 1274 695; x_wconf 87' lang='lat' dir='ltr'>dimissionem</span> <span class='ocrx_word' id='word_1_49' title='bbox 1309 665 1457 710; x_wconf 86' lang='lat' dir='ltr'>neque</span> <span class='ocrx_word' id='word_1_50' title='bbox 1506 664 1742 710; x_wconf 82' lang='lat' dir='ltr'>processus</span> <span class='ocrx_word' id='word_1_51' title='bbox 1782 666 1930 712; x_wconf 87' lang='lat' dir='ltr'>neque</span> <span class='ocrx_word' id='word_1_52' title='bbox 1963 652 2028 697; x_wconf 90' lang='lat' dir='ltr'>iu-</span> 
     </span>
     <span class='ocr_line' id='line_1_8' title="bbox 251 733 2033 793; baseline 0.001 -15"><span class='ocrx_word' id='word_1_53' title='bbox 251 733 356 779; x_wconf 92' lang='lat' dir='ltr'>dicii</span> <span class='ocrx_word' id='word_1_54' title='bbox 391 736 536 779; x_wconf 90' lang='lat' dir='ltr'>forma</span> <span class='ocrx_word' id='word_1_55' title='bbox 571 733 846 793; x_wconf 90' lang='lat' dir='ltr'>requiratur,</span> <span class='ocrx_word' id='word_1_56' title='bbox 882 734 959 778; x_wconf 89' lang='lat' dir='ltr'>sed</span> <span class='ocrx_word' id='word_1_57' title='bbox 992 733 1048 778; x_wconf 88' lang='lat' dir='ltr'>ad</span> <span class='ocrx_word' id='word_1_58' title='bbox 1081 747 1182 778; x_wconf 86' lang='lat' dir='ltr'>eam</span> <span class='ocrx_word' id='word_1_59' title='bbox 1231 734 1412 792; x_wconf 89' lang='lat' dir='ltr'>procedi</span> <span class='ocrx_word' id='word_1_60' title='bbox 1449 734 1602 792; x_wconf 90' lang='lat' dir='ltr'>possit,</span> <span class='ocrx_word' id='word_1_61' title='bbox 1637 735 1730 779; x_wconf 90' lang='lat' dir='ltr'>sola</span> <span class='ocrx_word' id='word_1_62' title='bbox 1765 735 1872 780; x_wconf 90' lang='lat' dir='ltr'>facti</span> <span class='ocrx_word' id='word_1_63' title='bbox 1912 735 2033 781; x_wconf 85' lang='lat' dir='ltr'>veri-</span> 
     </span>
     <span class='ocr_line' id='line_1_9' title="bbox 251 817 2031 877; baseline 0.001 -15"><span class='ocrx_word' id='word_1_64' title='bbox 251 822 347 863; x_wconf 85' lang='lat' dir='ltr'>tate</span> <span class='ocrx_word' id='word_1_65' title='bbox 369 818 600 877; x_wconf 89' lang='lat' dir='ltr'>inspecta;</span> <span class='ocrx_word' id='word_1_66' title='bbox 638 822 795 862; x_wconf 88' lang='lat' dir='ltr'>tamen</span> <span class='ocrx_word' id='word_1_67' title='bbox 819 817 1082 875; x_wconf 87' lang='lat' dir='ltr'>Superiores</span> <span class='ocrx_word' id='word_1_68' title='bbox 1116 817 1359 876; x_wconf 89' lang='lat' dir='ltr'>procedere</span> <span class='ocrx_word' id='word_1_69' title='bbox 1382 818 1551 862; x_wconf 87' lang='lat' dir='ltr'>debent</span> <span class='ocrx_word' id='word_1_70' title='bbox 1581 830 1761 863; x_wconf 87' lang='lat' dir='ltr'>summa</span> <span class='ocrx_word' id='word_1_71' title='bbox 1785 819 2031 875; x_wconf 82' lang='lat' dir='ltr'>charitate,</span> 
     </span>
     <span class='ocr_line' id='line_1_10' title="bbox 254 899 2029 961; baseline 0.001 -15"><span class='ocrx_word' id='word_1_72' title='bbox 254 901 493 959; x_wconf 89' lang='lat' dir='ltr'>prudentia</span> <span class='ocrx_word' id='word_1_73' title='bbox 517 905 563 945; x_wconf 90' lang='lat' dir='ltr'>et</span> <span class='ocrx_word' id='word_1_74' title='bbox 584 915 643 945; x_wconf 89' lang='lat' dir='ltr'>ex</span> <span class='ocrx_word' id='word_1_75' title='bbox 661 899 791 945; x_wconf 90' lang='lat' dir='ltr'>iustis</span> <span class='ocrx_word' id='word_1_76' title='bbox 811 904 857 945; x_wconf 92' lang='lat' dir='ltr'>et</span> <span class='ocrx_word' id='word_1_77' title='bbox 879 900 1223 945; x_wconf 80' lang='lat' dir='ltr'>rationabilibus</span> <span class='ocrx_word' id='word_1_78' title='bbox 1247 900 1412 956; x_wconf 90' lang='lat' dir='ltr'>causis,</span> <span class='ocrx_word' id='word_1_79' title='bbox 1431 915 1719 961; x_wconf 89' lang='lat' dir='ltr'>quacumque</span> <span class='ocrx_word' id='word_1_80' title='bbox 1742 902 1942 947; x_wconf 85' lang='lat' dir='ltr'>humana</span> <span class='ocrx_word' id='word_1_81' title='bbox 1966 903 2029 947; x_wconf 80' lang='lat' dir='ltr'>af-</span> 
     </span>
     <span class='ocr_line' id='line_1_11' title="bbox 252 983 2030 1041; baseline 0 -11"><span class='ocrx_word' id='word_1_82' title='bbox 252 984 451 1030; x_wconf 88' lang='lat' dir='ltr'>fectione</span> <span class='ocrx_word' id='word_1_83' title='bbox 500 987 694 1038; x_wconf 91' lang='lat' dir='ltr'>remota,</span> <span class='ocrx_word' id='word_1_84' title='bbox 729 997 860 1029; x_wconf 82' lang='lat' dir='ltr'>secus</span> <span class='ocrx_word' id='word_1_85' title='bbox 908 997 1067 1028; x_wconf 90' lang='lat' dir='ltr'>eorum</span> <span class='ocrx_word' id='word_1_86' title='bbox 1102 983 1384 1029; x_wconf 87' lang='lat' dir='ltr'>conscientia</span> <span class='ocrx_word' id='word_1_87' title='bbox 1427 984 1629 1041; x_wconf 89' lang='lat' dir='ltr'>graviter</span> <span class='ocrx_word' id='word_1_88' title='bbox 1660 990 1849 1030; x_wconf 84' lang='lat' dir='ltr'>onerata</span> <span class='ocrx_word' id='word_1_89' title='bbox 1883 999 2030 1031; x_wconf 83' lang='lat' dir='ltr'>rema-</span> 
     </span>
     <span class='ocr_line' id='line_1_12' title="bbox 254 1065 2032 1126; baseline -0.001 -12"><span class='ocrx_word' id='word_1_90' title='bbox 254 1073 375 1114; x_wconf 88' lang='lat' dir='ltr'>neat.</span> <span class='ocrx_word' id='word_1_91' title='bbox 414 1073 559 1113; x_wconf 90' lang='lat' dir='ltr'>Nemo</span> <span class='ocrx_word' id='word_1_92' title='bbox 593 1071 748 1112; x_wconf 89' lang='lat' dir='ltr'>autem</span> <span class='ocrx_word' id='word_1_93' title='bbox 772 1081 829 1111; x_wconf 86' lang='lat' dir='ltr'>ex</span> <span class='ocrx_word' id='word_1_94' title='bbox 853 1079 990 1111; x_wconf 89' lang='lat' dir='ltr'>causa</span> <span class='ocrx_word' id='word_1_95' title='bbox 1024 1065 1307 1111; x_wconf 85' lang='lat' dir='ltr'>infirmitatis</span> <span class='ocrx_word' id='word_1_96' title='bbox 1330 1071 1430 1125; x_wconf 90' lang='lat' dir='ltr'>post</span> <span class='ocrx_word' id='word_1_97' title='bbox 1453 1067 1779 1126; x_wconf 86' lang='lat' dir='ltr'>professionem</span> <span class='ocrx_word' id='word_1_98' title='bbox 1815 1072 2032 1114; x_wconf 82' lang='lat' dir='ltr'>votorum</span> 
     </span>
     <span class='ocr_line' id='line_1_13' title="bbox 251 1148 2031 1209; baseline 0.001 -14"><span class='ocrx_word' id='word_1_99' title='bbox 251 1150 527 1209; x_wconf 91' lang='lat' dir='ltr'>simplicium</span> <span class='ocrx_word' id='word_1_100' title='bbox 560 1152 868 1208; x_wconf 89' lang='lat' dir='ltr'>superventae</span> <span class='ocrx_word' id='word_1_101' title='bbox 904 1148 1074 1193; x_wconf 88' lang='lat' dir='ltr'>dimitti</span> <span class='ocrx_word' id='word_1_102' title='bbox 1109 1149 1288 1206; x_wconf 87' lang='lat' dir='ltr'>poterit.</span> <span class='ocrx_word' id='word_1_103' title='bbox 1326 1151 1367 1203; x_wconf 88' lang='grc'>6)</span> <span class='ocrx_word' id='word_1_104' title='bbox 1395 1149 1587 1194; x_wconf 80' lang='lat' dir='ltr'>Professi</span> <span class='ocrx_word' id='word_1_105' title='bbox 1636 1151 1863 1195; x_wconf 87' lang='lat' dir='ltr'>dictorum</span> <span class='ocrx_word' id='word_1_106' title='bbox 1899 1155 2031 1196; x_wconf 89' lang='lat' dir='ltr'>voto-</span> 
     </span>
     <span class='ocr_line' id='line_1_14' title="bbox 253 1232 2028 1292; baseline 0 -13"><span class='ocrx_word' id='word_1_107' title='bbox 253 1249 355 1279; x_wconf 90' lang='lat' dir='ltr'>rum</span> <span class='ocrx_word' id='word_1_108' title='bbox 378 1232 655 1292; x_wconf 89' lang='lat' dir='ltr'>simplicium</span> <span class='ocrx_word' id='word_1_109' title='bbox 679 1232 924 1291; x_wconf 87' lang='lat' dir='ltr'>participes</span> <span class='ocrx_word' id='word_1_110' title='bbox 957 1236 1094 1276; x_wconf 90' lang='lat' dir='ltr'>erunt</span> <span class='ocrx_word' id='word_1_111' title='bbox 1116 1234 1325 1277; x_wconf 85' lang='lat' dir='ltr'>omniurn</span> <span class='ocrx_word' id='word_1_112' title='bbox 1353 1232 1603 1289; x_wconf 86' lang='lat' dir='ltr'>gratiarum</span> <span class='ocrx_word' id='word_1_113' title='bbox 1627 1237 1673 1278; x_wconf 92' lang='lat' dir='ltr'>et</span> <span class='ocrx_word' id='word_1_114' title='bbox 1695 1234 2028 1292; x_wconf 88' lang='lat' dir='ltr'>privilgiorum,</span> 
     </span>
     <span class='ocr_line' id='line_1_15' title="bbox 251 1316 2034 1377; baseline 0.001 -16"><span class='ocrx_word' id='word_1_115' title='bbox 251 1318 415 1377; x_wconf 90' lang='lat' dir='ltr'>quibus</span> <span class='ocrx_word' id='word_1_116' title='bbox 464 1316 652 1375; x_wconf 87' lang='lat' dir='ltr'>professi</span> <span class='ocrx_word' id='word_1_117' title='bbox 686 1320 900 1361; x_wconf 90' lang='lat' dir='ltr'>votorum</span> <span class='ocrx_word' id='word_1_118' title='bbox 934 1316 1210 1360; x_wconf 87' lang='lat' dir='ltr'>solemnium</span> <span class='ocrx_word' id='word_1_119' title='bbox 1245 1316 1289 1359; x_wconf 92' lang='lat' dir='ltr'>in</span> <span class='ocrx_word' id='word_1_120' title='bbox 1326 1321 1580 1361; x_wconf 83' lang='lat' dir='ltr'>memorato</span> <span class='ocrx_word' id='word_1_121' title='bbox 1611 1317 1782 1362; x_wconf 88' lang='lat' dir='ltr'>Ordine</span> <span class='ocrx_word' id='word_1_122' title='bbox 1828 1317 2034 1374; x_wconf 82' lang='lat' dir='ltr'>legitime</span> 
     </span>
     <span class='ocr_line' id='line_1_16' title="bbox 252 1399 2030 1459; baseline 0 -14"><span class='ocrx_word' id='word_1_123' title='bbox 252 1404 463 1455; x_wconf 86' lang='lat' dir='ltr'>utuntur,</span> <span class='ocrx_word' id='word_1_124' title='bbox 490 1401 708 1444; x_wconf 90' lang='lat' dir='ltr'>fruuntur</span> <span class='ocrx_word' id='word_1_125' title='bbox 739 1403 785 1444; x_wconf 90' lang='lat' dir='ltr'>et</span> <span class='ocrx_word' id='word_1_126' title='bbox 817 1399 1029 1457; x_wconf 84' lang='lat' dir='ltr'>gaudent.</span> <span class='ocrx_word' id='word_1_127' title='bbox 1063 1399 1105 1453; x_wconf 93' lang='grc'>7)</span> <span class='ocrx_word' id='word_1_128' title='bbox 1133 1399 1395 1456; x_wconf 87' lang='lat' dir='ltr'>Superiores</span> <span class='ocrx_word' id='word_1_129' title='bbox 1427 1399 1671 1456; x_wconf 86' lang='lat' dir='ltr'>regulares,</span> <span class='ocrx_word' id='word_1_130' title='bbox 1702 1400 1757 1444; x_wconf 91' lang='lat' dir='ltr'>ad</span> <span class='ocrx_word' id='word_1_131' title='bbox 1789 1413 1903 1459; x_wconf 87' lang='lat' dir='ltr'>quos</span> <span class='ocrx_word' id='word_1_132' title='bbox 1933 1413 2030 1458; x_wconf 87' lang='lat' dir='ltr'>spe·</span> 
     </span>
     <span class='ocr_line' id='line_1_17' title="bbox 252 1481 2034 1540; baseline -0.001 -11"><span class='ocrx_word' id='word_1_133' title='bbox 252 1487 364 1539; x_wconf 85' lang='lat' dir='ltr'>ctat,</span> <span class='ocrx_word' id='word_1_134' title='bbox 400 1483 651 1528; x_wconf 85' lang='lat' dir='ltr'>concedere</span> <span class='ocrx_word' id='word_1_135' title='bbox 700 1486 916 1540; x_wconf 84' lang='lat' dir='ltr'>poterunt</span> <span class='ocrx_word' id='word_1_136' title='bbox 963 1481 1221 1526; x_wconf 87' lang='lat' dir='ltr'>huiusmodi</span> <span class='ocrx_word' id='word_1_137' title='bbox 1272 1482 1483 1540; x_wconf 90' lang='lat' dir='ltr'>professis</span> <span class='ocrx_word' id='word_1_138' title='bbox 1528 1481 1705 1526; x_wconf 88' lang='lat' dir='ltr'>litteras</span> <span class='ocrx_word' id='word_1_139' title='bbox 1751 1482 2034 1527; x_wconf 82' lang='lat' dir='ltr'>dimissorias</span> 
     </span>
     <span class='ocr_line' id='line_1_18' title="bbox 252 1564 2036 1623; baseline -0.003 -11"><span class='ocrx_word' id='word_1_140' title='bbox 252 1567 496 1612; x_wconf 84' lang='lat' dir='ltr'>dumtaxat</span> <span class='ocrx_word' id='word_1_141' title='bbox 539 1565 594 1609; x_wconf 89' lang='lat' dir='ltr'>ad</span> <span class='ocrx_word' id='word_1_142' title='bbox 628 1564 823 1623; x_wconf 90' lang='lat' dir='ltr'>primam</span> <span class='ocrx_word' id='word_1_143' title='bbox 872 1570 1108 1610; x_wconf 86' lang='lat' dir='ltr'>tonsuram</span> <span class='ocrx_word' id='word_1_144' title='bbox 1143 1567 1189 1609; x_wconf 92' lang='lat' dir='ltr'>et</span> <span class='ocrx_word' id='word_1_145' title='bbox 1221 1566 1277 1609; x_wconf 88' lang='lat' dir='ltr'>ad</span> <span class='ocrx_word' id='word_1_146' title='bbox 1324 1564 1507 1609; x_wconf 86' lang='lat' dir='ltr'>ordines</span> <span class='ocrx_word' id='word_1_147' title='bbox 1540 1564 1741 1609; x_wconf 84' lang='lat' dir='ltr'>minores</span> <span class='ocrx_word' id='word_1_148' title='bbox 1766 1565 1796 1621; x_wconf 86' lang='lat'>¹,</span> <span class='ocrx_word' id='word_1_149' title='bbox 1837 1564 2036 1609; x_wconf 88' lang='lat' dir='ltr'>servatis</span> 
     </span>
     <span class='ocr_line' id='line_1_19' title="bbox 254 1646 2030 1706; baseline -0.001 -13"><span class='ocrx_word' id='word_1_150' title='bbox 254 1654 410 1693; x_wconf 87' lang='lat' dir='ltr'>tamen</span> <span class='ocrx_word' id='word_1_151' title='bbox 444 1649 499 1693; x_wconf 93' lang='lat' dir='ltr'>de</span> <span class='ocrx_word' id='word_1_152' title='bbox 522 1648 620 1692; x_wconf 92' lang='lat' dir='ltr'>iure</span> <span class='ocrx_word' id='word_1_153' title='bbox 653 1646 909 1703; x_wconf 87' lang='lat' dir='ltr'>servandis,</span> <span class='ocrx_word' id='word_1_154' title='bbox 939 1652 985 1692; x_wconf 90' lang='lat' dir='ltr'>et</span> <span class='ocrx_word' id='word_1_155' title='bbox 1008 1647 1275 1705; x_wconf 88' lang='lat' dir='ltr'>praesertim</span> <span class='ocrx_word' id='word_1_156' title='bbox 1309 1661 1426 1706; x_wconf 88' lang='lat' dir='ltr'>quae</span> <span class='ocrx_word' id='word_1_157' title='bbox 1458 1647 1579 1692; x_wconf 90' lang='lat' dir='ltr'>circa</span> <span class='ocrx_word' id='word_1_158' title='bbox 1613 1646 1924 1691; x_wconf 86' lang='lat' dir='ltr'>ordinationes</span> <span class='ocrx_word' id='word_1_159' title='bbox 1950 1651 2030 1692; x_wconf 83' lang='lat' dir='ltr'>Re-</span> 
     </span>
     <span class='ocr_line' id='line_1_20' title="bbox 253 1722 2032 1791; baseline 0 -15"><span class='ocrx_word' id='word_1_160' title='bbox 253 1731 479 1790; x_wconf 90' lang='lat' dir='ltr'>gularium</span> <span class='ocrx_word' id='word_1_161' title='bbox 512 1733 569 1776; x_wconf 88' lang='lat' dir='ltr'>ab</span> <span class='ocrx_word' id='word_1_162' title='bbox 588 1732 844 1791; x_wconf 74' lang='lat' dir='ltr'>Apostolica</span> <span class='ocrx_word' id='word_1_163' title='bbox 879 1731 989 1776; x_wconf 88' lang='lat' dir='ltr'>Sede</span> <span class='ocrx_word' id='word_1_164' title='bbox 1024 1722 1303 1791; x_wconf 71' lang='lat' dir='ltr'>praescripta</span> <span class='ocrx_word' id='word_1_165' title='bbox 1336 1735 1458 1776; x_wconf 89' lang='lat' dir='ltr'>sunt.</span> <span class='ocrx_word' id='word_1_166' title='bbox 1495 1732 1537 1787; x_wconf 86' lang='lat'>8)</span> <span class='ocrx_word' id='word_1_167' title='bbox 1566 1731 1685 1776; x_wconf 80' lang='lat' dir='ltr'>Anni</span> <span class='ocrx_word' id='word_1_168' title='bbox 1720 1731 2032 1789; x_wconf 87' lang='lat' dir='ltr'>professionis,</span> 
     </span>
     <span class='ocr_line' id='line_1_21' title="bbox 253 1814 2029 1876; baseline -0.001 -16"><span class='ocrx_word' id='word_1_169' title='bbox 253 1816 329 1876; x_wconf 81' lang='lat' dir='ltr'>qui</span> <span class='ocrx_word' id='word_1_170' title='bbox 363 1816 409 1860; x_wconf 92' lang='lat' dir='ltr'>in</span> <span class='ocrx_word' id='word_1_171' title='bbox 434 1816 556 1861; x_wconf 90' lang='lat' dir='ltr'>dicto</span> <span class='ocrx_word' id='word_1_172' title='bbox 578 1815 749 1861; x_wconf 89' lang='lat' dir='ltr'>Ordine</span> <span class='ocrx_word' id='word_1_173' title='bbox 782 1815 1080 1875; x_wconf 89' lang='lat' dir='ltr'>requiruntur</span> <span class='ocrx_word' id='word_1_174' title='bbox 1114 1819 1163 1859; x_wconf 91' lang='lat' dir='ltr'>ut</span> <span class='ocrx_word' id='word_1_175' title='bbox 1185 1814 1286 1874; x_wconf 89' lang='lat' dir='ltr'>quis</span> <span class='ocrx_word' id='word_1_176' title='bbox 1319 1829 1432 1860; x_wconf 87' lang='lat' dir='ltr'>voce</span> <span class='ocrx_word' id='word_1_177' title='bbox 1466 1814 1617 1859; x_wconf 85' lang='lat' dir='ltr'>activa</span> <span class='ocrx_word' id='word_1_178' title='bbox 1652 1819 1698 1859; x_wconf 90' lang='lat' dir='ltr'>et</span> <span class='ocrx_word' id='word_1_179' title='bbox 1721 1814 1899 1873; x_wconf 86' lang='lat' dir='ltr'>passiva</span> <span class='ocrx_word' id='word_1_180' title='bbox 1923 1827 2029 1872; x_wconf 89' lang='lat' dir='ltr'>gau-</span> 
     </span>
     <span class='ocr_line' id='line_1_22' title="bbox 254 1897 2033 1957; baseline -0.002 -13"><span class='ocrx_word' id='word_1_181' title='bbox 254 1900 359 1944; x_wconf 90' lang='lat' dir='ltr'>deat</span> <span class='ocrx_word' id='word_1_182' title='bbox 390 1903 437 1944; x_wconf 91' lang='lat' dir='ltr'>et</span> <span class='ocrx_word' id='word_1_183' title='bbox 469 1899 524 1944; x_wconf 91' lang='lat' dir='ltr'>ad</span> <span class='ocrx_word' id='word_1_184' title='bbox 557 1899 703 1944; x_wconf 83' lang='lat' dir='ltr'>officia</span> <span class='ocrx_word' id='word_1_185' title='bbox 736 1898 917 1943; x_wconf 85' lang='lat' dir='ltr'>admitti</span> <span class='ocrx_word' id='word_1_186' title='bbox 953 1898 1109 1957; x_wconf 88' lang='lat' dir='ltr'>possit,</span> <span class='ocrx_word' id='word_1_187' title='bbox 1146 1913 1171 1943; x_wconf 89' lang='lat' dir='ltr'>a</span> <span class='ocrx_word' id='word_1_188' title='bbox 1204 1898 1275 1943; x_wconf 91' lang='lat' dir='ltr'>die</span> <span class='ocrx_word' id='word_1_189' title='bbox 1309 1898 1566 1943; x_wconf 86' lang='lat' dir='ltr'>emissionis</span> <span class='ocrx_word' id='word_1_190' title='bbox 1599 1901 1812 1943; x_wconf 85' lang='lat' dir='ltr'>votorum</span> <span class='ocrx_word' id='word_1_191' title='bbox 1861 1897 2033 1957; x_wconf 88' lang='lat' dir='ltr'>simpli-</span> 
     </span>
     <span class='ocr_line' id='line_1_23' title="bbox 254 1981 2033 2041; baseline 0 -15"><span class='ocrx_word' id='word_1_192' title='bbox 254 1983 377 2026; x_wconf 90' lang='lat' dir='ltr'>cium</span> <span class='ocrx_word' id='word_1_193' title='bbox 411 1987 762 2041; x_wconf 75' lang='lat' dir='ltr'>computentur3</span> <span class='ocrx_word' id='word_1_194' title='bbox 798 1987 843 2026; x_wconf 92' lang='lat' dir='ltr'>et</span> <span class='ocrx_word' id='word_1_195' title='bbox 871 1981 1060 2040; x_wconf 88' lang='lat' dir='ltr'>professi</span> <span class='ocrx_word' id='word_1_196' title='bbox 1096 1986 1311 2027; x_wconf 85' lang='lat' dir='ltr'>votorum</span> <span class='ocrx_word' id='word_1_197' title='bbox 1345 1981 1621 2040; x_wconf 90' lang='lat' dir='ltr'>simplicium</span> <span class='ocrx_word' id='word_1_198' title='bbox 1654 1981 1918 2040; x_wconf 78' lang='lat' dir='ltr'>suffragium</span> <span class='ocrx_word' id='word_1_199' title='bbox 1954 1982 2033 2026; x_wconf 84' lang='lat' dir='ltr'>lia-</span> 
     </span>
     <span class='ocr_line' id='line_1_24' title="bbox 255 2065 2036 2124; baseline -0.001 -14"><span class='ocrx_word' id='word_1_200' title='bbox 255 2067 393 2110; x_wconf 87' lang='lat' dir='ltr'>beant</span> <span class='ocrx_word' id='word_1_201' title='bbox 416 2066 463 2110; x_wconf 93' lang='lat' dir='ltr'>in</span> <span class='ocrx_word' id='word_1_202' title='bbox 487 2065 600 2110; x_wconf 87' lang='lat' dir='ltr'>actis</span> <span class='ocrx_word' id='word_1_203' title='bbox 633 2065 959 2124; x_wconf 86' lang='lat' dir='ltr'>capitularibus</span> <span class='ocrx_word' id='word_1_204' title='bbox 990 2065 1059 2110; x_wconf 91' lang='lat' dir='ltr'>sui</span> <span class='ocrx_word' id='word_1_205' title='bbox 1083 2068 1364 2121; x_wconf 91' lang='lat' dir='ltr'>Conventus,</span> <span class='ocrx_word' id='word_1_206' title='bbox 1390 2069 1618 2124; x_wconf 89' lang='lat' dir='ltr'>quatenus</span> <span class='ocrx_word' id='word_1_207' title='bbox 1639 2070 1685 2110; x_wconf 89' lang='lat' dir='ltr'>et</span> <span class='ocrx_word' id='word_1_208' title='bbox 1709 2070 1840 2123; x_wconf 90' lang='lat' dir='ltr'>prout</span> <span class='ocrx_word' id='word_1_209' title='bbox 1862 2065 2036 2110; x_wconf 82' lang='lat' dir='ltr'>habent</span> 
     </span>
     <span class='ocr_line' id='line_1_25' title="bbox 255 2147 2031 2207; baseline -0.002 -12"><span class='ocrx_word' id='word_1_210' title='bbox 255 2149 522 2195; x_wconf 86' lang='lat' dir='ltr'>solemniter</span> <span class='ocrx_word' id='word_1_211' title='bbox 570 2150 773 2207; x_wconf 89' lang='lat' dir='ltr'>professi.</span> <span class='ocrx_word' id='word_1_212' title='bbox 812 2149 853 2206; x_wconf 79' lang='lat'>9)</span> <span class='ocrx_word' id='word_1_213' title='bbox 881 2149 1073 2194; x_wconf 84' lang='lat' dir='ltr'>Professi</span> <span class='ocrx_word' id='word_1_214' title='bbox 1110 2153 1322 2193; x_wconf 90' lang='lat' dir='ltr'>votorum</span> <span class='ocrx_word' id='word_1_215' title='bbox 1357 2147 1631 2206; x_wconf 88' lang='lat' dir='ltr'>simplicium</span> <span class='ocrx_word' id='word_1_216' title='bbox 1673 2148 1929 2193; x_wconf 91' lang='lat' dir='ltr'>dominium</span> <span class='ocrx_word' id='word_1_217' title='bbox 1963 2163 2031 2193; x_wconf 89' lang='lat' dir='ltr'>ra-</span> 
     </span>
    </p>
   </div>
   <div class='ocr_carea' id='block_1_4' title="bbox 255 2229 2146 2289">
    <p class='ocr_par' dir='ltr' id='par_1_4' title="bbox 255 2229 2146 2289">
     <span class='ocr_line' id='line_1_26' title="bbox 255 2229 2146 2289; baseline 0 -14"><span class='ocrx_word' id='word_1_218' title='bbox 255 2232 416 2287; x_wconf 88' lang='lat' dir='ltr'>dicale,</span> <span class='ocrx_word' id='word_1_219' title='bbox 444 2231 509 2275; x_wconf 92' lang='lat' dir='ltr'>uti</span> <span class='ocrx_word' id='word_1_220' title='bbox 532 2231 680 2287; x_wconf 88' lang='lat' dir='ltr'>aiunt,</span> <span class='ocrx_word' id='word_1_221' title='bbox 705 2246 891 2276; x_wconf 91' lang='lat' dir='ltr'>suorum</span> <span class='ocrx_word' id='word_1_222' title='bbox 926 2232 1150 2276; x_wconf 90' lang='lat' dir='ltr'>bonorum</span> <span class='ocrx_word' id='word_1_223' title='bbox 1176 2231 1375 2276; x_wconf 87' lang='lat' dir='ltr'>retinere</span> <span class='ocrx_word' id='word_1_224' title='bbox 1397 2235 1629 2289; x_wconf 89' lang='lat' dir='ltr'>poterunt,</span> <span class='ocrx_word' id='word_1_225' title='bbox 1655 2231 1731 2276; x_wconf 85' lang='lat' dir='ltr'>sed</span> <span class='ocrx_word' id='word_1_226' title='bbox 1754 2230 1819 2275; x_wconf 89' lang='lat' dir='ltr'>eis</span> <span class='ocrx_word' id='word_1_227' title='bbox 1841 2229 2035 2275; x_wconf 87' lang='lat' dir='ltr'>omnino</span> <span class='ocrx_word' id='word_1_228' title='bbox 2104 2277 2108 2279; x_wconf 65' lang='grc'>,</span> <span class='ocrx_word' id='word_1_229' title='bbox 2143 2268 2146 2269; x_wconf 20' lang='lat'><em>⁷</em></span> 
     </span>
    </p>
   </div>
   <div class='ocr_carea' id='block_1_5' title="bbox 257 2314 2028 2372">
    <p class='ocr_par' dir='ltr' id='par_1_5' title="bbox 257 2314 2028 2372">
     <span class='ocr_line' id='line_1_27' title="bbox 257 2314 2028 2372; baseline -0.001 -13"><span class='ocrx_word' id='word_1_230' title='bbox 257 2315 500 2361; x_wconf 88' lang='lat' dir='ltr'>interdicta</span> <span class='ocrx_word' id='word_1_231' title='bbox 534 2320 603 2359; x_wconf 89' lang='lat' dir='ltr'>est</span> <span class='ocrx_word' id='word_1_232' title='bbox 635 2329 794 2360; x_wconf 90' lang='lat' dir='ltr'>eorum</span> <span class='ocrx_word' id='word_1_233' title='bbox 843 2314 1181 2359; x_wconf 84' lang='lat' dir='ltr'>administratio</span> <span class='ocrx_word' id='word_1_234' title='bbox 1215 2319 1261 2358; x_wconf 88' lang='lat' dir='ltr'>et</span> <span class='ocrx_word' id='word_1_235' title='bbox 1293 2314 1553 2358; x_wconf 86' lang='lat' dir='ltr'>reddituum</span> <span class='ocrx_word' id='word_1_236' title='bbox 1587 2314 1788 2372; x_wconf 81' lang='lat' dir='ltr'>erogatio</span> <span class='ocrx_word' id='word_1_237' title='bbox 1827 2318 1873 2358; x_wconf 90' lang='lat' dir='ltr'>et</span> <span class='ocrx_word' id='word_1_238' title='bbox 1904 2327 2028 2358; x_wconf 89' lang='lat' dir='ltr'>usus.</span> 
     </span>
    </p>
   </div>
   <div class='ocr_carea' id='block_1_6' title="bbox 256 2512 2037 3127">
    <p class='ocr_par' dir='ltr' id='par_1_6' title="bbox 256 2512 2037 3127">
     <span class='ocr_line' id='line_1_28' title="bbox 379 2512 2035 2559; baseline 0 -11"><span class='ocrx_word' id='word_1_239' title='bbox 379 2513 387 2532; x_wconf 87' lang='lat'><strong>¹</strong></span> <span class='ocrx_word' id='word_1_240' title='bbox 415 2514 471 2549; x_wconf 86' lang='lat' dir='ltr'>Ex</span> <span class='ocrx_word' id='word_1_241' title='bbox 499 2513 651 2558; x_wconf 86' lang='lat' dir='ltr'>speciali</span> <span class='ocrx_word' id='word_1_242' title='bbox 677 2513 913 2559; x_wconf 83' lang='lat' dir='ltr'>Apostolicae</span> <span class='ocrx_word' id='word_1_243' title='bbox 941 2513 1044 2549; x_wconf 89' lang='lat' dir='ltr'>Sedis</span> <span class='ocrx_word' id='word_1_244' title='bbox 1070 2513 1345 2558; x_wconf 82' lang='lat' dir='ltr'>dispensatione</span> <span class='ocrx_word' id='word_1_245' title='bbox 1369 2512 1580 2559; x_wconf 83' lang='lat' dir='ltr'>aliquando,</span> <span class='ocrx_word' id='word_1_246' title='bbox 1609 2522 1692 2549; x_wconf 91' lang='lat' dir='ltr'>cum</span> <span class='ocrx_word' id='word_1_247' title='bbox 1719 2512 1904 2558; x_wconf 84' lang='lat' dir='ltr'>professus</span> <span class='ocrx_word' id='word_1_248' title='bbox 1929 2516 2035 2548; x_wconf 79' lang='lat' dir='ltr'>voto-</span> 
     </span>
     <span class='ocr_line' id='line_1_29' title="bbox 257 2583 2035 2630; baseline 0.001 -11"><span class='ocrx_word' id='word_1_249' title='bbox 257 2594 337 2620; x_wconf 86' lang='lat' dir='ltr'>rum</span> <span class='ocrx_word' id='word_1_250' title='bbox 364 2584 587 2630; x_wconf 81' lang='lat' dir='ltr'>simplicium</span> <span class='ocrx_word' id='word_1_251' title='bbox 615 2584 706 2621; x_wconf 87' lang='lat' dir='ltr'>duas</span> <span class='ocrx_word' id='word_1_252' title='bbox 732 2585 856 2622; x_wconf 81' lang='lat' dir='ltr'>tertias</span> <span class='ocrx_word' id='word_1_253' title='bbox 883 2589 1005 2630; x_wconf 81' lang='lat' dir='ltr'>partes</span> <span class='ocrx_word' id='word_1_254' title='bbox 1032 2585 1182 2620; x_wconf 85' lang='lat' dir='ltr'>triennii</span> <span class='ocrx_word' id='word_1_255' title='bbox 1209 2584 1425 2630; x_wconf 81' lang='lat' dir='ltr'>expleverit,</span> <span class='ocrx_word' id='word_1_256' title='bbox 1451 2585 1496 2620; x_wconf 89' lang='lat' dir='ltr'>ad</span> <span class='ocrx_word' id='word_1_257' title='bbox 1522 2584 1669 2620; x_wconf 86' lang='lat' dir='ltr'>ordines</span> <span class='ocrx_word' id='word_1_258' title='bbox 1695 2583 1855 2620; x_wconf 85' lang='lat' dir='ltr'>maiores</span> <span class='ocrx_word' id='word_1_259' title='bbox 1885 2593 2035 2629; x_wconf 88' lang='lat' dir='ltr'>promo-</span> 
     </span>
     <span class='ocr_line' id='line_1_30' title="bbox 256 2652 2032 2701; baseline -0.001 -11"><span class='ocrx_word' id='word_1_260' title='bbox 256 2659 371 2698; x_wconf 76' lang='lat' dir='ltr'>vetur,</span> <span class='ocrx_word' id='word_1_261' title='bbox 398 2655 462 2691; x_wconf 86' lang='lat' dir='ltr'>sed</span> <span class='ocrx_word' id='word_1_262' title='bbox 488 2655 612 2692; x_wconf 75' lang='lat' dir='ltr'>addita</span> <span class='ocrx_word' id='word_1_263' title='bbox 650 2655 860 2692; x_wconf 76' lang='lat' dir='ltr'>conditione</span> <span class='ocrx_word' id='word_1_264' title='bbox 896 2669 909 2686; x_wconf 79' lang='grc' dir='ltr'>ι</span> <span class='ocrx_word' id='word_1_265' title='bbox 929 2656 958 2691; x_wconf 90' lang='lat' dir='ltr'>si</span> <span class='ocrx_word' id='word_1_266' title='bbox 987 2656 1171 2701; x_wconf 83' lang='lat' dir='ltr'>praefatus</span> <span class='ocrx_word' id='word_1_267' title='bbox 1210 2656 1367 2692; x_wconf 86' lang='lat' dir='ltr'>clericus</span> <span class='ocrx_word' id='word_1_268' title='bbox 1393 2655 1439 2691; x_wconf 89' lang='lat' dir='ltr'>ab</span> <span class='ocrx_word' id='word_1_269' title='bbox 1466 2655 1599 2691; x_wconf 87' lang='lat' dir='ltr'>Ordine</span> <span class='ocrx_word' id='word_1_270' title='bbox 1638 2654 1812 2691; x_wconf 87' lang='lat' dir='ltr'>dimissus</span> <span class='ocrx_word' id='word_1_271' title='bbox 1841 2654 1948 2690; x_wconf 83' lang='lat' dir='ltr'>fuerit</span> <span class='ocrx_word' id='word_1_272' title='bbox 1975 2652 2032 2689; x_wconf 86' lang='lat' dir='ltr'>vel</span> 
     </span>
     <span class='ocr_line' id='line_1_31' title="bbox 256 2728 2032 2774; baseline -0.002 -9"><span class='ocrx_word' id='word_1_273' title='bbox 256 2729 573 2774; x_wconf 81' lang='lat' dir='ltr'>dispensationem</span> <span class='ocrx_word' id='word_1_274' title='bbox 599 2738 620 2764; x_wconf 84' lang='lat' dir='ltr'>a</span> <span class='ocrx_word' id='word_1_275' title='bbox 646 2728 740 2765; x_wconf 83' lang='lat' dir='ltr'>votis</span> <span class='ocrx_word' id='word_1_276' title='bbox 766 2728 999 2774; x_wconf 87' lang='lat' dir='ltr'>simplicibus</span> <span class='ocrx_word' id='word_1_277' title='bbox 1028 2728 1239 2771; x_wconf 81' lang='lat' dir='ltr'>obtinuerit,</span> <span class='ocrx_word' id='word_1_278' title='bbox 1255 2738 1458 2774; x_wconf 88' lang='lat' dir='ltr'>suspensus</span> <span class='ocrx_word' id='word_1_279' title='bbox 1484 2731 1630 2764; x_wconf 84' lang='lat' dir='ltr'>maneat</span> <span class='ocrx_word' id='word_1_280' title='bbox 1654 2737 1676 2764; x_wconf 86' lang='lat' dir='ltr'>a</span> <span class='ocrx_word' id='word_1_281' title='bbox 1701 2731 1954 2772; x_wconf 84' lang='lat' dir='ltr'>susceptorum</span> <span class='ocrx_word' id='word_1_282' title='bbox 1973 2736 2032 2763; x_wconf 88' lang='lat' dir='ltr'>or-</span> 
     </span>
     <span class='ocr_line' id='line_1_32' title="bbox 257 2799 2037 2846; baseline 0 -11"><span class='ocrx_word' id='word_1_283' title='bbox 257 2801 384 2837; x_wconf 83' lang='lat' dir='ltr'>dinum</span> <span class='ocrx_word' id='word_1_284' title='bbox 411 2800 587 2836; x_wconf 86' lang='lat' dir='ltr'>exercitio</span> <span class='ocrx_word' id='word_1_285' title='bbox 614 2800 732 2836; x_wconf 88' lang='lat' dir='ltr'>donec</span> <span class='ocrx_word' id='word_1_286' title='bbox 758 2800 829 2836; x_wconf 91' lang='lat' dir='ltr'>sibi</span> <span class='ocrx_word' id='word_1_287' title='bbox 857 2809 1003 2837; x_wconf 76' lang='lat' dir='ltr'>sacrum</span> <span class='ocrx_word' id='word_1_288' title='bbox 1030 2800 1291 2846; x_wconf 84' lang='lat' dir='ltr'>patrimonium</span> <span class='ocrx_word' id='word_1_289' title='bbox 1321 2800 1601 2837; x_wconf 75' lang='lat' dir='ltr'>constituerit».</span> <span class='ocrx_word' id='word_1_290' title='bbox 1628 2799 1837 2836; x_wconf 85' lang='lat' dir='ltr'>Notandum</span> <span class='ocrx_word' id='word_1_291' title='bbox 1865 2809 1950 2836; x_wconf 89' lang='lat' dir='ltr'>vero</span> <span class='ocrx_word' id='word_1_292' title='bbox 1977 2804 2037 2836; x_wconf 87' lang='lat' dir='ltr'>est</span> 
     </span>
     <span class='ocr_line' id='line_1_33' title="bbox 257 2871 2035 2918; baseline -0.001 -11"><span class='ocrx_word' id='word_1_293' title='bbox 257 2872 474 2918; x_wconf 84' lang='lat' dir='ltr'>simpliciter</span> <span class='ocrx_word' id='word_1_294' title='bbox 511 2871 708 2917; x_wconf 78' lang='lat' dir='ltr'>professos,</span> <span class='ocrx_word' id='word_1_295' title='bbox 735 2871 779 2908; x_wconf 89' lang='lat' dir='ltr'>ad</span> <span class='ocrx_word' id='word_1_296' title='bbox 805 2871 952 2908; x_wconf 89' lang='lat' dir='ltr'>ordines</span> <span class='ocrx_word' id='word_1_297' title='bbox 990 2871 1148 2908; x_wconf 86' lang='lat' dir='ltr'>maiores</span> <span class='ocrx_word' id='word_1_298' title='bbox 1175 2871 1230 2907; x_wconf 88' lang='lat' dir='ltr'>vel</span> <span class='ocrx_word' id='word_1_299' title='bbox 1256 2871 1419 2908; x_wconf 87' lang='lat' dir='ltr'>minores</span> <span class='ocrx_word' id='word_1_300' title='bbox 1457 2877 1656 2917; x_wconf 86' lang='lat' dir='ltr'>promotos,</span> <span class='ocrx_word' id='word_1_301' title='bbox 1684 2871 1721 2907; x_wconf 93' lang='lat' dir='ltr'>in</span> <span class='ocrx_word' id='word_1_302' title='bbox 1746 2879 1834 2907; x_wconf 87' lang='lat' dir='ltr'>casu</span> <span class='ocrx_word' id='word_1_303' title='bbox 1859 2879 2035 2916; x_wconf 80' lang='lat' dir='ltr'>egressus</span> 
     </span>
     <span class='ocr_line' id='line_1_34' title="bbox 257 2941 2031 2989; baseline -0.001 -10"><span class='ocrx_word' id='word_1_304' title='bbox 257 2944 389 2980; x_wconf 86' lang='lat' dir='ltr'>iterum</span> <span class='ocrx_word' id='word_1_305' title='bbox 416 2944 485 2980; x_wconf 89' lang='lat' dir='ltr'>sub</span> <span class='ocrx_word' id='word_1_306' title='bbox 512 2943 804 2980; x_wconf 87' lang='lat' dir='ltr'>iurisdictionem</span> <span class='ocrx_word' id='word_1_307' title='bbox 830 2943 962 2980; x_wconf 86' lang='lat' dir='ltr'>cadere</span> <span class='ocrx_word' id='word_1_308' title='bbox 991 2943 1184 2986; x_wconf 85' lang='lat' dir='ltr'>Ordinarii,</span> <span class='ocrx_word' id='word_1_309' title='bbox 1210 2943 1270 2980; x_wconf 91' lang='lat' dir='ltr'>cui</span> <span class='ocrx_word' id='word_1_310' title='bbox 1296 2944 1438 2980; x_wconf 83' lang='lat' dir='ltr'>ratione</span> <span class='ocrx_word' id='word_1_311' title='bbox 1464 2943 1629 2989; x_wconf 82' lang='lat' dir='ltr'>origInis,</span> <span class='ocrx_word' id='word_1_312' title='bbox 1647 2942 1825 2979; x_wconf 87' lang='lat' dir='ltr'>domicilii</span> <span class='ocrx_word' id='word_1_313' title='bbox 1851 2945 1918 2978; x_wconf 84' lang='lat' dir='ltr'>etc.</span> <span class='ocrx_word' id='word_1_314' title='bbox 1945 2941 2031 2978; x_wconf 88' lang='lat' dir='ltr'>suh·</span> 
     </span>
     <span class='ocr_line' id='line_1_35' title="bbox 258 3010 2033 3060; baseline -0.001 -12"><span class='ocrx_word' id='word_1_315' title='bbox 258 3013 340 3050; x_wconf 82' lang='lat' dir='ltr'>iecti</span> <span class='ocrx_word' id='word_1_316' title='bbox 367 3017 470 3050; x_wconf 85' lang='lat' dir='ltr'>erant</span> <span class='ocrx_word' id='word_1_317' title='bbox 496 3013 712 3060; x_wconf 86' lang='lat' dir='ltr'>priusquam</span> <span class='ocrx_word' id='word_1_318' title='bbox 738 3013 956 3059; x_wconf 87' lang='lat' dir='ltr'>religionem</span> <span class='ocrx_word' id='word_1_319' title='bbox 985 3013 1276 3059; x_wconf 86' lang='lat' dir='ltr'>ingrederentur.</span> <span class='ocrx_word' id='word_1_320' title='bbox 1305 3012 1384 3050; x_wconf 83' lang='lat' dir='ltr'>Sao.</span> <span class='ocrx_word' id='word_1_321' title='bbox 1410 3012 1542 3058; x_wconf 87' lang='lat' dir='ltr'>Congr.</span> <span class='ocrx_word' id='word_1_322' title='bbox 1571 3013 1635 3058; x_wconf 88' lang='lat' dir='ltr'>Ep.</span> <span class='ocrx_word' id='word_1_323' title='bbox 1658 3015 1694 3048; x_wconf 90' lang='lat' dir='ltr'>et</span> <span class='ocrx_word' id='word_1_324' title='bbox 1719 3011 1808 3058; x_wconf 86' lang='lat' dir='ltr'>Reg.</span> <span class='ocrx_word' id='word_1_325' title='bbox 1836 3011 1875 3047; x_wconf 89' lang='lat' dir='ltr'>i11</span> <span class='ocrx_word' id='word_1_326' title='bbox 1900 3010 2033 3047; x_wconf 83' lang='lat' dir='ltr'>Mexic.</span> 
     </span>
     <span class='ocr_line' id='line_1_36' title="bbox 257 3083 1135 3127; baseline -0.002 -7"><span class='ocrx_word' id='word_1_327' title='bbox 257 3089 293 3120; x_wconf 80' lang='lat' dir='ltr'>et</span> <span class='ocrx_word' id='word_1_328' title='bbox 319 3084 479 3121; x_wconf 84' lang='lat' dir='ltr'>Meliten.</span> <span class='ocrx_word' id='word_1_329' title='bbox 507 3084 554 3121; x_wconf 75' lang='lat'>20</span> <span class='ocrx_word' id='word_1_330' title='bbox 579 3084 651 3121; x_wconf 89' lang='lat' dir='ltr'>ian.</span> <span class='ocrx_word' id='word_1_331' title='bbox 680 3084 781 3127; x_wconf 86' lang='grc'><strong>1860,</strong></span> <span class='ocrx_word' id='word_1_332' title='bbox 808 3089 843 3120; x_wconf 90' lang='lat' dir='ltr'>et</span> <span class='ocrx_word' id='word_1_333' title='bbox 869 3084 891 3121; x_wconf 88' lang='grc'>6</span> <span class='ocrx_word' id='word_1_334' title='bbox 917 3084 1004 3121; x_wconf 87' lang='lat' dir='ltr'>maii</span> <span class='ocrx_word' id='word_1_335' title='bbox 1032 3083 1135 3121; x_wconf 74' lang='lat'>1864.</span> 
     </span>
    </p>
   </div>
   <div class='ocr_carea' id='block_1_7' title="bbox 2046 2661 2176 3386">
    <p class='ocr_par' dir='ltr' id='par_1_7' title="bbox 2046 2661 2176 3386">
     <span class='ocr_line' id='line_1_37' title="bbox 2046 2661 2176 3386; baseline 0 0"><span class='ocrx_word' id='word_1_336' title='bbox 2046 2661 2176 3386; x_wconf 95' lang='lat' dir='ltr'> </span> 
     </span>
    </p>
   </div>
  </div>
 </body>
</html>
