2176 3386
233 173 308 212 196
904 185 1014 213 PARS
1043 186 1084 213 11.
1121 186 1177 214 DE
1208 185 1346 214 nauus

231 294 586 352 consanguineis
617 294 822 339 eiusdem
855 295 1010 353 sponsi
1050 296 1124 340 vel
1161 309 1387 354 sponsae,
1435 298 1483 355 5)
1521 297 1558 342 si
1591 296 1811 356 affinitas
1841 298 2016 343 oriatur

231 392 289 422 ex
311 378 472 436 copula
507 377 665 422 illicita
699 378 746 422 in
779 377 929 436 primo
951 377 1164 437 simplici,
1189 384 1270 424 aut
1304 378 1453 438 primo
1485 393 1591 424 curn
1620 364 1822 425 secundo
1853 381 2011 438 gradu,

230 460 318 505 erit
349 475 530 521 quoque
565 462 768 506 notanda
801 461 1156 519 provenientia,
1207 463 1248 518 6)
1284 461 1320 507 si
1356 461 1480 507 inter
1509 465 1630 520 ipsos
1659 477 1845 520 sponsos
1876 466 2016 508 inter-

229 547 411 588 cesserit
443 545 603 602 copula
637 549 684 588 et
715 558 774 588 an
814 558 919 588 cum
955 544 1216 589 intentione
1249 544 1430 589 facilius
1462 544 1741 603 impetrandi
1783 546 2014 605 dispensa·

230 627 422 672 tionem.
476 632 524 672 In
565 627 899 685 impedimento
928 628 1144 684 publicae
1186 628 1438 673 honestatis
1474 629 1673 687 exprimi
1710 629 1845 674 debet
1892 631 1931 687 l)
1955 644 2014 675 an

231 710 407 754 oriatur
438 724 497 754 ex
531 709 817 768 sponsalibus
849 714 929 753 aut
963 709 1260 755 matrimonio
1294 715 1393 755 rato
1426 712 1589 756 saltem
1614 711 1660 756 in
1684 711 1833 771 primo
1855 713 2011 770 gradu,

233 794 274 848 2)
324 793 474 848 linea,
526 794 568 850 5)
603 792 639 837 si
672 793 848 837 oriatur
894 806 952 836 ex
999 792 1296 838 matrimonio
1332 796 1431 838 rato
1464 793 1788 852 exprimantur
1819 793 2013 852 gradus,

230 877 273 932 4)
312 877 648 933 multiplicitas.
689 881 742 921 Et
774 876 811 921 si
844 880 1006 934 agatur
1038 876 1092 921 de
1122 878 1311 933 publica
1352 877 1588 922 honestate
1621 892 1679 922 ex
1711 878 2013 936 sponsalibus,

235 959 445 1004 Dat-ariae
478 959 674 1017 exprimi
709 959 843 1004 debet
865 974 924 1004 an
948 961 1095 1005 soluta
1129 959 1223 1004 sint
1254 960 1481 1018 sponsalia
1516 965 1562 1005 et
1593 961 1838 1020 quomodo.
1874 965 1925 1006 In
1947 975 2015 1006 co-

231 1045 457 1100 quatione
481 1044 726 1100 spirituali
746 1042 1073 1101 exprimuntur
1114 1044 1158 1102 1)
1183 1047 1338 1087 utrum
1363 1044 1616 1102 paternitas
1640 1045 1711 1089 vel
1745 1043 2017 1089 maternitas

231 1140 289 1170 an
325 1126 686 1183 compaternitas
709 1129 754 1171 et
778 1126 1174 1182 commaternitas,
1211 1129 1256 1183 2)
1277 1141 1337 1171 an
1371 1141 1430 1171 ex
1462 1126 1705 1184 baptismo,
1741 1130 1821 1172 aut
1852 1126 2015 1172 confir·

233 1208 436 1253 mallone
469 1209 589 1268 quod
621 1209 678 1253 ad
716 1209 999 1254 validitatem
1032 1210 1387 1268 dispensationis
1426 1225 1518 1254 non
1548 1210 1819 1270 requiritur,
1865 1212 1907 1268 5)
1943 1225 2016 1257 co-

232 1292 463 1350 gnationis
505 1293 834 1351 multiplicitas.
883 1298 1052 1339 Verum
1092 1295 1406 1351 multiplicitas
1440 1309 1531 1339 non
1565 1295 1761 1340 habetur
1804 1295 1879 1339 ubi
1917 1296 2017 1355 quis

233 1376 383 1433 plures
416 1375 619 1420 eiusdem
668 1390 889 1434 personae
937 1377 1052 1422 lilios
1084 1392 1108 1421 e
1140 1391 1269 1422 sacro
1302 1379 1430 1422 fonte
1472 1384 1552 1422 aut
1584 1378 1631 1422 in
1664 1378 2016 1423 confirmatione

232 1464 475 1517 parentum
511 1460 609 1504 loco
642 1459 847 1518 suscipit,
883 1459 989 1519 quia
1022 1460 1174 1518 agitur
1205 1461 1260 1505 de
1294 1461 1454 1506 eodem
1479 1465 1770 1505 sacramento
1799 1465 1844 1505 et
1865 1463 1920 1505 de
1944 1461 2015 1505 iis-

232 1542 334 1587 dem
360 1543 582 1601 personis,
620 1548 670 1588 In
695 1543 1024 1602 impedimento
1047 1547 1264 1588 criminis
1285 1544 1576 1603 exprimatur
1611 1546 1649 1602 l)
1676 1558 1819 1602 genus
1846 1549 1893 1589 et
1919 1558 2015 1604 spe·

232 1625 323 1670 cies
356 1625 702 1684 impedimenti,
754 1628 795 1683 2)
833 1627 868 1671 si
892 1627 1007 1671 alius
1034 1627 1226 1684 nuptiali
1261 1627 1594 1685 impedimento
1626 1627 2013 1686 dispensationem

231 1710 499 1754 obtinuerit.
540 1716 586 1756 [n
621 1711 954 1769 impedimento
985 1718 1152 1769 raptus
1177 1712 1355 1771 exquiri
1390 1713 1522 1757 debet
1557 1726 1694 1757 omne
1733 1712 1775 1757 id
1808 1726 1897 1771 quo
1931 1713 2015 1757 boc

232 1793 618 1852 impedimentum
653 1795 965 1840 constituitur.

351 1878 396 1933 d>
437 1876 621 1937 Exquiri
655 1878 791 1922 debet
813 1877 953 1923 etiam
1000 1891 1062 1922 an
1099 1881 1459 1923 matrimonium
1502 1884 1795 1924 contractum
1843 1881 2014 1923 initum

231 1960 379 2018 fuerit
409 1961 529 2005 bona
563 1962 653 2019 fide
675 1961 837 2005 saltem
871 1976 929 2006 ex
959 1967 1099 2019 parte
1131 1964 1289 2017 unius,
1315 1963 1385 2006 vel
1418 1975 1528 2016 non,
1555 1975 1613 2005 an
1647 1960 1910 2019 praemissis
1940 1961 2014 2005 de-

232 2043 626 2099 nunciationil·us,
662 2059 720 2089 an
756 2045 903 2089 fornia
938 2044 1220 2100 Tridentina,
1256 2060 1314 2089 an
1350 2048 1743 2090 consummatum.

358 2127 482 2171 1056.
520 2127 722 2172 'tandem
759 2133 944 2172 notetur
974 2129 1094 2187 quod
1117 2127 1251 2173 bodie
1275 2130 1352 2172 SS.
1380 2131 1433 2173 D.
1464 2130 1517 2172 Ν.
1547 2131 1631 2172 Leo
1655 2131 1773 2184 Pap.
1805 2129 1921 2170 XIII
1945 2126 2017 2171 de-

231 2217 352 2255 creto
386 2213 494 2267 Sup.
537 2213 668 2255 Univ.
707 2214 810 2269 Inq.
846 2212 964 2255 edito
996 2212 1070 2255 die
1104 2214 1163 2254 25
1199 2213 1301 2255 iun.
1343 2211 1466 2255 1885
1506 2210 1747 2255 revocavit
1777 2209 2014 2254 decretum

234 2296 277 2338 S.
306 2297 442 2353 Inqu.
469 2300 511 2338 et
535 2296 577 2338 S.
618 2297 1017 2339 Paenitentiariae
1048 2308 1138 2353 quo
1170 2293 1438 2339 edicebatur
1470 2293 1767 2352 aperiendam
1801 2305 1899 2337 esse
1931 2292 2015 2336 sub

227 2390 383 2433 poe-na
415 2377 730 2422 invaliditatis
752 2376 799 2420 in
823 2375 1012 2434 supplici
1038 2376 1186 2420 libello
1208 2377 1425 2433 copulam
1455 2378 1763 2420 incestuosam
1787 2387 1816 2419 a
1837 2375 2015 2431 sponsis

231 2466 343 2506 ante
374 2461 735 2517 dispensationis
766 2463 1080 2505 eaeeeutionem
1117 2460 1354 2515 habitam,
1389 2459 1474 2504 etsi
1508 2460 1760 2514 occultum,
1796 2472 1882 2504 nec
1921 2471 2012 2502 non

232 2545 541 2589 intentionem
577 2544 1096 2603 faciliusconsequendi
1140 2543 1531 2600 dispensationem
1575 2556 1663 2602 qua
1697 2541 1908 2586 eamdem
1941 2553 2013 2585 co-

233 2628 387 2686 pulam
437 2629 553 2672 forte
602 2631 876 2685 patrassent.
927 2631 1077 2681 Quare
1112 2631 1212 2685 post
1244 2626 1365 2671 diem
1405 2627 1460 2671 25
1496 2625 1609 2670 iunii
1647 2624 1759 2670 1885
1791 2623 1932 2669 etiam
1965 2623 2013 2668 in

231 2710 421 2769 supplici
453 2710 603 2755 libello
637 2711 886 2755 reticeatur
916 2711 1083 2767 copula
1117 2712 1377 2754 incestuosa
1408 2711 1534 2753 inter
1568 2722 1768 2765 sponsos,
1801 2720 1887 2751 nec
1919 2719 2012 2750 non

232 2798 441 2850 intentio,
467 2809 555 2854 qua
588 2796 797 2839 eamdem
822 2794 1034 2852 copulam
1058 2795 1175 2839 forte
1199 2797 1474 2851 patrassent,
1501 2791 1679 2837 facilius
1701 2789 2011 2848 consequendi

232 2877 641 2936 dispensationem,
677 2877 957 2936 dispensatio
989 2881 1059 2922 est
1090 2877 1258 2922 valida.
