2176 3386
787 206 917 235 mni-:R
945 207 968 234 1.
1005 207 1061 235 DE
1091 206 1283 235 cni-:mels
1876 197 1927 236 57

144 319 247 360 tum
280 315 336 360 de
366 314 650 373 depositione
672 317 772 359 tum
806 315 861 359 de
883 314 1210 372 degradatione
1244 313 1470 358 indicasse
1503 314 1614 359 satis
1635 316 1714 359 sit:
1756 316 1794 372 1)
1821 315 1927 368 Qui-

145 413 253 444 nam
277 398 501 444 eiusmodi
526 412 696 457 poenas
720 399 839 444 ferre
862 403 942 443 aut
974 399 1031 442 ab
1053 397 1109 443 iis
1131 397 1373 443 restituere
1408 382 1577 455 possit.'
1599 400 1640 450 2)
1678 402 1803 452 Quae
1836 399 1930 443 sint

145 467 339 526 crimina
373 481 431 526 ob
461 495 577 541 quae
613 481 783 539 imponi
817 481 1007 526 eaedem
1041 480 1256 525 debeant.

263 564 333 626 94.-
374 567 434 608 De
468 563 687 608 facultate
721 562 896 608 ferendi
930 563 1152 608 eiusmodi
1188 577 1358 620 poenas
1382 564 1456 607 vel
1479 563 1535 607 ab
1560 563 1614 607 iis
1639 563 1927 620 restituendi,

145 645 258 690 haec
289 645 532 690 statuenda
565 650 695 689 sunt:
740 646 774 701 Ι)
813 645 1023 689 Facultas
1066 644 1242 689 ferendi
1290 644 1623 703 depositionem
1670 645 1929 704 simplicem

145 729 218 772 vel
251 727 626 785 degradationem
660 728 893 772 verbalem
929 727 974 771 in
1009 741 1062 771 eo
1096 732 1182 781 est,
1217 727 1292 786 qui
1319 726 1625 785 episcopalem
1659 727 1932 772 iurisdictio·

144 825 251 855 nem
286 811 332 855 in
366 810 583 855 clericum
617 810 963 869 delinquentem
997 810 1151 865 habet,
1177 810 1381 869 adeoque
1400 810 1540 854 etiam
1567 811 1785 868 Episcopo
1814 825 1928 855 non-

143 894 252 938 dum
288 899 556 939 consecrato
590 895 665 939 sed
699 895 989 949 confirmato,
1025 894 1123 939 eius
1157 894 1337 939 Vicario
1372 894 1582 939 Generali
1617 900 1678 949 et,
1714 895 1819 939 sede
1853 909 1931 939 va-

145 982 297 1033 cante,
333 978 577 1036 Capitulari
611 978 834 1037 competit
857 979 886 1022 ².
927 979 1135 1023 Facultas
1173 983 1328 1022 autem
1354 978 1529 1023 ferendi
1554 978 1931 1036 degradationem

148 1062 315 1106 realem
339 1061 386 1105 in
415 1062 632 1120 Episcopo
663 1065 846 1106 tantum
871 1066 917 1106 et
939 1062 1123 1121 quidem
1158 1066 1427 1107 consecrato
1458 1061 1626 1106 residet
1648 1062 1679 1105 ².
1717 1063 1758 1117 ⁶2)
1789 1062 1932 1106 Resti-

145 1145 262 1190 tutio
295 1159 319 1189 a
353 1146 637 1203 depositione
680 1145 874 1204 simplici
911 1145 983 1190 vel
1026 1160 1050 1190 a
1084 1145 1408 1203 degradatione
1447 1145 1620 1190 verbali
1655 1145 1932 1190 auctoritate

146 1228 286 1286 ipsius
326 1228 533 1287 Episcopi
576 1228 671 1273 fieri
714 1232 892 1286 potest3
929 1243 953 1272 a
1000 1229 1324 1286 degradatione
1367 1232 1522 1273 autern
1572 1227 1707 1283 reali,
1747 1228 1931 1273 nonnisi

150 1311 342 1356 Romani
382 1312 624 1357 pontificis.

265 1396 334 1440 95.
371 1395 435 1440 Ad
469 1396 664 1440 crimina
698 1395 895 1454 denique
927 1396 1045 1455 quod
1080 1396 1266 1451 attinet,
1302 1396 1360 1440 ob
1392 1410 1509 1455 quae
1558 1395 1781 1440 eiusmodi
1829 1409 1931 1453 poe-

147 1492 233 1523 nae
268 1479 503 1533 feruntur,
539 1478 914 1536 distinguendum
957 1484 1025 1523 est
1060 1479 1180 1523 inter
1218 1478 1551 1537 depositionem
1597 1478 1851 1537 simplicem
1889 1483 1931 1523 et

144 1562 532 1620 degradationem.

266 1645 465 1703 Simplex
499 1646 721 1704 depositio
756 1646 899 1704 exigit
922 1647 966 1691 in
993 1662 1160 1705 genere
1183 1647 1378 1691 crimina
1404 1647 1537 1691 valde
1560 1636 1769 1691 enormia
1795 1661 1932 1705 quae-

147 1741 234 1786 que
267 1727 394 1785 gravi
429 1728 644 1773 scandalo
680 1728 868 1785 fuerint,
907 1729 1065 1774 eadem
1102 1734 1259 1774 tamen
1287 1730 1331 1774 in
1355 1730 1504 1788 specie
1530 1729 1742 1788 prudenti
1770 1729 1935 1774 iudicis

147 1810 334 1855 arbitrio
367 1810 675 1868 dignoscenda
714 1812 1039 1871 relinquuntur
1063 1813 1094 1857 ³.

267 1894 336 1937 96.
374 1893 529 1946 Quoad
565 1893 939 1951 degradationem
973 1895 1139 1953 duplex
1177 1895 1371 1939 habetur
1404 1894 1575 1952 regula:

327 1977 371 2030 a)
411 1977 679 2034 Degradatio
716 1977 936 2035 infligitur
968 1978 1025 2022 ob
1058 1978 1272 2033 crimina,
1308 1993 1424 2037 quae
1460 1977 1739 2022 nominatim
1764 1977 1809 2021 in
1837 1977 1934 2021 iure

149 2071 362 2117 expressa
388 2064 495 2103 sunt
519 2060 548 2102 ³.
589 2064 682 2104 Hae
705 2066 838 2105 sunt:
879 2065 942 2105 Ex
967 2061 1239 2106 criminibus
1273 2061 1597 2106 ecclesiasticis
1620 2080 1627 2105 :
1668 2062 1705 2115 1)
1734 2061 1935 2105 haeresis

150 2147 230 2186 aut
252 2143 478 2201 apostasia
505 2143 531 2185 ⁵.
567 2144 607 2199 2)
635 2144 886 2189 celebratio
912 2144 1078 2189 missae
1101 2150 1181 2188 aut
1203 2144 1415 2203 exceptio
1449 2144 1753 2189 confessionis
1785 2157 1934 2189 sacra-

150 2214 364 2268 mentalis
396 2225 452 2268 ab
485 2239 538 2269 eo
572 2226 691 2270 facta
724 2226 801 2284 qui
835 2226 1091 2270 sacerdotio
1135 2241 1227 2270 non
1267 2231 1336 2272 est
1368 2226 1578 2271 initiatus
1601 2226 1631 2270 ⁶.
1679 2230 1741 2270 Ex
1781 2225 1933 2270 crimi-

151 2306 283 2351 nibus
305 2306 542 2352 civilibus:
575 2309 611 2363 1)
641 2308 943 2353 Assassinium
971 2311 999 2352 ⁷.
1039 2310 1080 2363 ⁶2)
1108 2310 1289 2353 Crimen
1318 2305 1482 2369 patrati
1508 2310 1694 2354 abortus
1718 2309 1748 2353 ⁸.
1776 2310 1817 2366 5)
1843 2308 1933 2353 Cri-

269 2485 276 2504 ¹
307 2486 432 2523 Rmrr.
461 2486 484 2522 l.
509 2497 541 2523 c.
569 2497 603 2522 n.
630 2486 687 2522 59.

268 2557 280 2576 ¹
307 2558 415 2594 Cone.
445 2558 540 2594 Trid.
569 2559 664 2596 Sess.
692 2559 791 2603 XIII,
817 2568 895 2604 cap.
916 2559 965 2595 IV
992 2559 1037 2596 de
1065 2559 1141 2595 Res.
1172 2560 1294 2596 Rfflrr.
1323 2559 1344 2594 l.
1373 2570 1402 2595 c.
1431 2569 1464 2595 n.
1492 2559 1547 2595 40.

270 2629 282 2649 ³
309 2630 432 2666 Rmrr.
462 2630 506 2667 de
532 2631 663 2676 poenis
690 2640 724 2666 n.
755 2631 810 2667 50.

268 2701 283 2721 ⁸
308 2702 443 2739 Bened.
469 2702 554 2738 XIV
581 2703 625 2739 de
653 2703 741 2749 Syn.
769 2703 790 2739 1.
818 2702 881 2744 ΙΧ,
909 2712 987 2748 cap.
1016 2703 1077 2739 VI.

268 2772 280 2791 ⁵
309 2773 394 2819 Cap,
420 2774 441 2809 9
468 2778 504 2810 et
531 2773 575 2809 15
601 2774 646 2810 de
673 2775 820 2816 haeret.3
848 2784 927 2820 cap.
958 2775 974 2810 1
1003 2779 1038 2810 et
1064 2774 1084 2809 4
1112 2774 1192 2811 eod.
1221 2775 1272 2810 til.
1301 2775 1338 2810 in
1364 2774 1397 2810 6.

271 2843 284 2863 ⁶
309 2843 446 2881 Bened.
475 2845 573 2887 XIV,
600 2849 717 2882 const.
746 2846 918 2882 Sacerdos
945 2845 990 2881 ‘20
1016 2855 1092 2890 apr.
1122 2845 1224 2881 1744.
1253 2841 1378 2882 Consi.
1407 2846 1524 2888 Quam
1549 2855 1661 2890 grave
1688 2843 1709 2878 ἓ
1728 2853 1811 2888 aug.
1834 2842 1933 2878 1757.

151 2914 274 2951 Const.
301 2915 522 2952 Divinamm
547 2917 627 2954 eod.
656 2917 714 2953 die
741 2921 776 2954 et
803 2926 914 2953 anno.

272 2985 284 3004 ⁷
310 2985 397 3031 Cap.
427 2986 442 3022 1
471 2986 516 3024 de
542 2987 716 3024 homicid.
746 2987 784 3023 in
808 2987 841 3023 6.

270 3057 284 3075 ⁸
310 3057 435 3094 Sixlus
462 3058 512 3102 V,
538 3062 655 3094 const.
687 3058 940 3105 Effraenatam
977 3057 1022 3094 29
1059 3064 1128 3095 oct.
1172 3057 1285 3102 158&
1325 3058 1527 3103 Gregorius
1554 3056 1662 3099 xlv,
1688 3061 1804 3092 const.
1831 3055 1935 3092 Sedes

153 3127 362 3174 Apostolica
386 3129 430 3164 51
457 3129 544 3165 maii
571 3128 674 3166 1591.

643 4 647 12 ·
655 0 943 34 [ἮΑΣὈΞΨΙἾΤ-
952 0 1046 26 ’ΤᾎΙῬ
1066 0 1106 28 f]
1117 0 1165 23 *13*
1173 0 1211 7 “”
1230 2 1256 17 -¹=
1271 0 1497 31 “⁹1⁷⁴'‘'J'K'535
1515 0 1546 8 '⁷
1554 0 1574 22 “x
1583 0 1603 25 ’,ᾗ
1621 6 1635 19 ›.
1648 0 1675 10 ’Ψ
1698 0 1724 14 -”
1741 0 1803 27 W*
1813 0 1858 24 LV*
1894 0 1916 18 ’.ί
1926 0 1948 22 Ὺ
1958 0 1987 18 “’“.
2007 0 2041 23 ’7,
