2176 3386
808 212 938 240 Lim-:R
966 212 991 240 1.
1016 212 1078 242 DE
1107 211 1302 241 CLEmms
1867 202 1944 242 139

368 374 386 419 ,ξ
412 375 444 410 2.
474 395 514 398 —
543 374 602 410 De
629 375 760 420 Ieyum
788 374 1148 410 ecclesiasticarum
1176 375 1506 422 interpretatione
1533 376 1577 412 ιἰτ
1598 377 1738 423 specie.

283 485 546 532 Videbimus
577 486 634 531 de
669 485 832 544 regulis
864 485 1261 542 interpretationis
1291 486 1439 546 quoad
1482 488 1724 533 clausulas
1766 489 1943 546 teqthtts

159 568 404 628 appositas,
429 569 577 629 quoad
606 569 926 626 particulares
958 570 1090 626 16963,
1115 569 1263 628 quoad
1298 572 1539 627 rescripta,
1575 572 1722 630 quoad
1756 586 1941 616 eoncor-

160 653 275 696 datct
308 656 355 697 et
385 653 533 711 quoad
564 653 833 709 privileyict.

669 797 706 835 a)
734 813 777 818 —
804 793 863 829 De
889 794 1078 829 clausulis
1106 794 1428 841 interpretandis:

285 906 377 949 178.
432 906 468 962 1)
514 905 722 950 Clausula
768 918 1021 964 numquam
1067 904 1243 949 inutilis
1290 906 1518 950 censenda
1569 911 1636 950 est
1678 920 1783 951 cum
1827 907 1939 952 nihil

156 987 356 1033 otiosum
392 989 437 1032 in
472 989 568 1046 lege
600 988 845 1033 dicendum
879 988 952 1032 sit.

277 1074 318 1125 2)
355 1072 561 1116 Clausula
595 1072 648 1116 de
682 1072 802 1130 stylo
835 1072 995 1117 Curiae
1029 1071 1209 1116 insolita
1233 1073 1564 1117 documentum
1588 1079 1852 1132 suspectum
1876 1077 1940 1120 ef-

159 1154 294 1199 ficere
330 1159 494 1213 potest,
529 1155 649 1214 quod
682 1169 736 1199 eo
771 1154 915 1213 magis
946 1155 1191 1200 dicendum
1213 1155 1247 1200 si
1286 1155 1433 1213 plures
1467 1156 1726 1202 huiusmodi
1761 1158 1939 1202 clausu-

158 1238 226 1282 lae
260 1237 305 1282 in
339 1238 617 1282 documento
649 1238 801 1297 aliquo
834 1243 1100 1298 appareant.

276 1322 318 1372 5>
355 1321 562 1365 Clausula
599 1321 644 1366 in
680 1322 904 1380 principio
937 1327 1017 1366 aut
1050 1322 1096 1366 in
1132 1322 1222 1367 tine
1262 1323 1372 1380 legis
1422 1324 1564 1381 posita
1616 1329 1759 1369 totam
1793 1325 1939 1384 legem

155 1404 395 1462 complecti
420 1405 549 1459 solet,
571 1406 617 1449 in
643 1405 792 1450 medio
825 1411 981 1450 autem
1005 1406 1158 1451 addita
1183 1407 1503 1465 praecedentia
1528 1410 1850 1466 complectitur
1871 1424 1938 1455 se·

156 1487 343 1546 quentia
378 1502 489 1533 vero
521 1493 750 1547 quatenus
772 1490 1011 1549 sequentia
1036 1504 1142 1534 cum
1168 1491 1546 1548 praecedentibus
1575 1498 1934 1538 connectuntur,

274 1572 317 1626 4)
356 1571 521 1616 Iisdem
558 1573 723 1629 regulis
756 1572 984 1617 clausulae
1019 1574 1386 1632 interpretantur
1417 1575 1583 1634 quibus
1615 1580 1661 1620 ct
1678 1577 1814 1634 leges.

280 1655 374 1698 179.
416 1658 463 1698 tn
496 1659 696 1699 tractatu
730 1656 784 1700 de
814 1655 1062 1714 dispensat.
1101 1657 1516 1702 matrimonialibus
1540 1660 1571 1713 ¹,
1608 1660 1830 1704 nonnulla
1863 1661 1938 1705 ad·

153 1737 327 1781 duntur
359 1738 413 1782 de
449 1738 535 1782 illis
568 1739 781 1783 clausulis
812 1753 928 1799 quae
974 1741 1139 1798 passim
1176 1740 1219 1784 in
1264 1745 1574 1786 Romanorum
1621 1743 1786 1787 Pontif.
1823 1748 1936 1788 Con-

153 1820 471 1866 stitutionihus
503 1821 809 1880 reperiuntur.

272 1906 317 1953 (ι)
358 1924 376 1945 a
405 1907 469 1949 De
488 1906 784 1962 plenitudine
802 1910 1051 1964 potestatis.
1089 1911 1170 1951 Per
1191 1908 1303 1952 haec
1331 1912 1468 1953 verba
1495 1908 1725 1954 indicatur
1758 1913 1798 1955 S.
1825 1915 1935 1955 Pon-

155 1986 326 2032 titicem
352 1988 397 2032 in
431 1988 528 2033 iure
562 1989 793 2034 ordinario
827 2005 919 2034 non
955 1990 1182 2046 insistere,
1218 1995 1355 2050 atque
1389 1992 1559 2037 idcirco
1593 2008 1671 2050 per
1693 2008 1795 2038 eam
1814 1995 1935 2039 clau-

153 2070 298 2114 sulam
337 2070 548 2116 imminui
585 2072 677 2116 vim
715 2073 895 2130 regulae
929 2074 1153 2131 generalis
1184 2089 1301 2134 quae
1325 2076 1487 2119 statuit
1510 2075 1606 2120 iura
1633 2076 1806 2121 iuribus
1829 2092 1934 2122 con-

153 2154 383 2198 cordanda
407 2168 520 2209 esse,
555 2169 695 2214 quare
729 2155 803 2200 lex
851 2157 923 2200 cui
976 2156 1069 2214 ipsa
1118 2157 1323 2216 opposita
1361 2158 1420 2202 sit
1461 2158 1716 2204 contrarias
1758 2159 1936 2204 facilius

153 2238 343 2295 abrogat
370 2257 407 2282 ⁷⁷.
448 2243 511 2283 [ta
553 2254 628 2283 ex.
675 2255 738 2293 gr.
787 2241 870 2284 hac
911 2241 1112 2286 clausula
1159 2242 1422 2287 validantur
1468 2243 1658 2288 Romani
1706 2244 1936 2290 pontificis

153 2320 504 2367 confirmatione
538 2323 583 2367 in
620 2324 766 2369 forma
798 2323 1009 2383 specifica
1042 2331 1143 2370 acta
1181 2330 1288 2384 puta
1322 2326 1513 2372 alicuius
1536 2327 1722 2372 Concilii
1747 2328 1933 2373 Provin-

152 2403 279 2448 cialis
310 2418 427 2463 quae
460 2407 756 2466 caeteroquin
790 2413 944 2452 essent
977 2409 1179 2453 invalida
1203 2412 1234 2453 ’·“.

271 2489 309 2543 b)
349 2508 367 2528 a
400 2491 498 2532 Son
530 2490 809 2534 obstantibus
843 2496 931 2536 etc.
984 2495 1085 2537 Non
1118 2506 1249 2537 secus
1280 2508 1333 2538 ac
1360 2508 1411 2538 ea
1436 2494 1491 2539 de
1522 2509 1610 2554 qua
1647 2509 1753 2539 mox
1792 2495 1930 2540 locuti

152 2583 309 2615 sumus
343 2572 404 2616 ita
436 2572 624 2630 derogat
656 2574 904 2619 contrariis
936 2575 1109 2633 legibus
1140 2581 1190 2620 ut
1225 2577 1472 2622 imminuat
1505 2577 1601 2622 vim
1646 2578 1827 2636 regulae
1859 2592 1931 2636 ge-

155 2653 336 2709 neralis,
372 2669 490 2713 quae
523 2655 622 2702 iura
653 2657 887 2703 conciliari
932 2658 1074 2713 iubet,
1120 2660 1389 2717 praesertim
1431 2660 1466 2704 si
1510 2660 1667 2705 iuncta
1709 2662 1769 2706 sit
1800 2661 1930 2706 alteri

153 2736 381 2781 clausulae
409 2756 427 2776 n
468 2760 486 2778 α
515 2745 640 2783 motu
679 2741 858 2799 proprio
881 2760 917 2785 n.

274 2935 279 2952 ¹
311 2935 460 2973 Ζιτιιιιι
486 2937 537 2973 De
564 2938 922 2984 Dispensationibus.

269 3007 280 3024 ²
312 3007 410 3043 neor.
430 3007 538 3054 Grcg.
558 3009 622 3050 IX,
638 3009 683 3046 de
710 3009 790 3046 util.
808 3010 861 3046 vel
891 3011 980 3047 inut.
1006 3011 1299 3052 confirmatione,
1326 3012 1371 3047 ct.
1387 3011 1514 3054 Saxi-1,
1537 3012 1661 3047 Rmrr.
1680 3015 1839 3049 etc.'etc.
1866 3012 1928 3047 cit.

153 3077 266 3114 tilulo.
