2176 3386
206 161 287 202 400
850 172 960 201 PARS
989 173 1014 201 1.
1049 172 1105 201 DE
1133 171 1346 202 Pl-:nsoNxs

208 277 417 336 Capituli.
454 282 666 323 Ceterum
701 277 804 324 illae
836 279 1081 338 qualitates
1113 292 1230 338 quae
1263 278 1309 322 in
1355 277 1536 323 Vicario
1569 279 1778 325 Generali
1825 280 1964 340 exqui
2152 277 2165 322 .⁸

210 366 392 417 runtur,
427 361 568 406 etiam
601 360 782 406 vicario
815 361 1060 420 Capitulari
1097 362 1243 406 inesse
1275 361 1458 405 debent.

329 446 428 490 510.
455 446 611 500 Quoad
634 446 732 490 eius
755 460 865 491 vero
890 450 1181 503 potestatem,
1205 445 1457 490 notandum
1481 446 1600 505 quod
1623 445 1790 491 Vicarii
1807 446 1986 505 Capitu-

209 528 318 573 laris
350 527 602 573 iurisdictio
636 543 727 573 non
761 529 907 572 solum
947 533 1016 573 est
1047 527 1208 572 similis
1250 528 1461 586 potestati
1498 527 1662 573 Vicarii
1703 529 1985 587 episcopalis,

210 617 288 661 sed
320 617 459 662 etiam
496 617 590 676 ipsa
623 622 690 662 est
723 617 931 675 amplior.
969 621 1085 662 Sanc
1117 617 1216 662 sine
1239 617 1421 676 speciali
1448 619 1662 662 mandato
1685 617 1894 675 Capituli,
1918 618 1989 662 Vi-

211 700 362 745 carius
394 715 446 745 ea
482 705 629 758 potest
661 715 892 756 exercere,
928 715 1045 760 quae
1078 701 1176 745 sine
1206 701 1423 746 mandato
1449 700 1652 759 Episcopi
1677 700 1884 746 Vicarius
1907 704 1988 747 Ge-

211 784 379 828 neralis
414 798 627 842 peragere
662 798 753 828 non
791 789 953 842 potest.
991 784 1235 842 Speciatini
1283 789 1429 841 potest
1478 784 1685 828 Vicarius
1722 783 1991 842 Capitularis

212 880 489 912 concursum
523 868 577 911 ad
613 868 845 926 paroecias
878 867 1078 912 indicere
1118 872 1164 911 et
1212 868 1467 923 celebrare;
1522 871 1669 926 potest
1712 881 1736 911 a
1787 867 1991 926 patronis

213 955 529 1009 praesentatos
563 950 830 1007 instituere;
869 950 1026 994 visitat
1058 950 1302 995 dioecesim
1341 955 1439 1008 post
1471 965 1646 995 annum
1692 965 1716 995 a
1762 955 1991 1009 postrema

214 1033 479 1079 visitatione
514 1035 813 1090 interlapsum
837 1051 845 1090 ς
883 1034 1117 1092 Synodum
1152 1033 1471 1078 dioecesanam
1496 1033 1696 1077 indicere
1720 1037 1869 1091 potest
1893 1038 1992 1090 post

213 1117 323 1160 anni
359 1118 552 1173 lapsum,
589 1131 680 1162 non
715 1122 870 1161 autem
907 1115 1255 1174 provincialem,
1291 1117 1421 1160 cuius
1452 1117 1681 1174 cogendae
1706 1117 1774 1160 ius
1798 1130 1889 1160 non
1913 1119 1992 1161 Ca·

213 1199 356 1258 pitulo
392 1200 760 1258 metropolitano,
796 1178 885 1244 sed·
907 1199 1154 1259 antiquiori
1196 1200 1458 1258 provinciae
1503 1199 1717 1257 Episcopo
1766 1199 1990 1242 tributum

213 1289 294 1330 est.
330 1285 531 1329 'tandem
566 1285 663 1328 iure
697 1289 832 1330 Conc.
871 1285 988 1329 Trid.
1030 1283 1235 1329 Vicarius
1268 1283 1536 1341 capitularis
1568 1298 1593 1327 a
1626 1284 1697 1327 die
1735 1297 1823 1341 quo
1866 1282 1994 1327 sedes

215 1383 381 1414 vacare
414 1369 565 1428 coepit
597 1368 877 1413 dimissorias
910 1369 965 1412 ad
998 1368 1180 1413 ordines
1213 1368 1524 1425 suscipiendos
1571 1369 1649 1412 dat
1699 1372 1877 1412 tantum
1913 1381 1991 1411 ar-

215 1456 362 1506 ctatis,
402 1454 472 1497 vel
507 1453 748 1497 occasione
782 1452 989 1497 beneficii
1026 1453 1212 1510 recepti,
1251 1453 1334 1497 hoc
1377 1457 1445 1497 est
1494 1453 1546 1496 iis
1593 1451 1668 1510 qui
1718 1450 1993 1495 beneficium

217 1537 429 1581 obtinent
461 1537 590 1581 cuius
622 1550 756 1581 causa
795 1537 914 1581 intra
953 1542 1131 1581 certum
1180 1542 1361 1595 tempus
1411 1536 1667 1595 promoveri
1717 1537 1770 1580 ad
1814 1539 1992 1579 certum

217 1620 425 1665 ordinem
458 1621 642 1675 debent,
682 1620 752 1664 vel
801 1620 1042 1665 occasione
1091 1620 1298 1664 beneficii
1346 1619 1609 1678 recipiendi,
1661 1623 1768 1677 puta
1818 1617 1872 1661 iis
1919 1617 1994 1676 qui

218 1704 394 1749 nullum
430 1705 614 1765 quidem
649 1704 923 1749 beneficium
957 1704 1186 1759 obtinent,
1223 1703 1299 1748 sed
1337 1717 1361 1748 a
1403 1708 1594 1761 patrono
1642 1705 1997 1760 praesentantur

216 1788 271 1832 ad
306 1787 580 1833 beneficium
613 1789 732 1848 quod
767 1792 945 1832 certum
981 1792 1361 1845 praesentemque
1394 1786 1604 1830 ordinem
1645 1784 1860 1844 requirit;
1903 1797 1995 1827 non

221 1878 373 1932 posset
404 1876 560 1916 autem
594 1886 670 1917 eas
702 1872 954 1917 concedere
988 1871 1177 1915 arctatis
1210 1884 1289 1929 pro
1323 1870 1606 1928 assequenda
1631 1868 1866 1927 pensione.
1896 1869 1999 1912 Post

219 1967 395 1996 annum
432 1966 540 1996 vero
574 1951 714 1996 etiam
749 1951 849 1996 aliis
884 1951 1016 1996 titulo
1051 1950 1312 2009 patrimonii
1350 1949 1421 1994 vel
1462 1948 1693 2007 pensionis
1725 1952 1849 2002 etc.,
1885 1945 1919 1990 si
1956 1945 1999 1989 id

162 2058 169 2065 ⁴
220 2036 468 2080 necessitas
505 2035 727 2080 Ecclesiae
763 2035 835 2079 vel
869 2033 1042 2078 utilitas
1075 2038 1307 2091 exposcat,
1345 2036 1499 2077 Potest
1529 2036 1685 2076 autem
1719 2030 1840 2074 intra
1879 2028 1998 2074 sedis

221 2120 432 2165 vacantis
465 2134 640 2164 annum
675 2119 927 2163 concedere
961 2118 1241 2162 dimissorias
1273 2117 1328 2162 ad
1379 2117 1573 2174 primam
1624 2120 1862 2160 tonsuram
1906 2126 1998 2157 non

221 2208 413 2248 arctato.
452 2202 532 2247 Ubi
577 2207 715 2248 Cone.
759 2203 878 2246 Trid.
928 2206 1164 2259 receptum
1205 2215 1295 2245 non
1341 2204 1425 2256 est,
1474 2199 1682 2244 Vicarius
1730 2197 2000 2256 capitularis

223 2287 391 2346 poterit
424 2287 543 2331 intra
577 2299 751 2329 annum
787 2286 904 2329 sedis
931 2283 1138 2328 vacantis
1162 2284 1413 2328 concedere
1437 2282 1717 2327 dimissorias
1741 2282 1878 2325 etiam
1907 2294 1999 2324 non

223 2371 427 2426 arctatis,
463 2384 521 2415 ex
554 2369 852 2427 dispositione
885 2368 995 2412 iuris
1029 2367 1291 2413 communis
1331 2380 1544 2425 expressa
1581 2366 1626 2410 in
1670 2364 1889 2409 Decretali
1929 2368 2003 2408 Bo·

225 2457 382 2502 nifacii
416 2457 571 2511 V111¹‚
607 2459 682 2501 cui
715 2455 949 2511 decretali,
984 2455 1061 2498 ubi
1095 2454 1214 2498 Trid.
1249 2458 1319 2498 est
1353 2456 1605 2510 receptum,
1633 2451 1901 2508 derogatum
1934 2454 2003 2494 est

225 2545 281 2587 ab
314 2541 488 2586 eodem.
512 2544 577 2584 Ita
602 2543 750 2598 potest
771 2553 847 2583 eas
870 2538 1084 2597 expedire
1109 2537 1179 2580 eui
1213 2537 1270 2581 ab
1297 2536 1512 2595 Episcopo
1547 2535 1590 2578 in
1628 2533 1787 2579 mortis
1808 2533 2002 2578 articulo

226 2638 470 2670 concessae
504 2625 704 2669 fuerunt.
757 2626 907 2668 Potest
938 2621 1135 2680 denique
1174 2621 1436 2679 dispensare
1480 2619 1537 2663 ab
1580 2617 1852 2662 interstitiis.
1889 2620 2001 2663 Cum

2169 2602 2176 2670 --
2168 2574 2176 2590 ts
2171 2529 2176 2539 -

2130 2579 2158 2657 1*
2137 2483 2154 2559 ,ιιι-
2141 2404 2154 2454 ·-·-

228 2723 339 2754 vero
373 2713 570 2769 nequeat
603 2722 654 2752 ea
688 2721 900 2766 peragere
933 2720 1048 2766 quae
1072 2704 1433 2749 vinnovationem
1470 2704 1542 2747 vel
1575 2701 1900 2746 alienationem
1935 2713 2003 2744 sa—

228 2794 376 2853 piunt,
414 2793 520 2838 hinc
552 2792 781 2851 sequitur:
822 2792 859 2845 l)
889 2789 1120 2834 Vicarium
1153 2788 1458 2846 Capitularem
1495 2800 1585 2830 non
1619 2798 1747 2844 posse
1780 2782 2003 2828 beneticia

229 2878 464 2931 conferre,
499 2889 616 2935 quae
660 2874 765 2919 sede
799 2873 985 2918 viduata
1020 2875 1198 2929 pastore
1233 2874 1403 2914 vacant
1436 2868 1508 2912 vel
1540 2881 1657 2926 quae
1700 2870 1834 2911 antea
1871 2877 2004 2909 vaca—

351 3060 360 3078 ¹
390 3060 477 3105 Cap.
505 3058 525 3094 5
553 3058 643 3095 Cum
668 3058 794 3094 nullus
820 3057 863 3093 de
892 3059 1002 3101 temp.
1030 3054 1146 3091 ordin.
1175 3054 1212 3089 in
1238 3052 1272 3088 6.
1310 3033 1313 3035 ’
