2176 3386
0 0 452 173 wrwf··
558 0 608 21 ’Ψ

118 46 123 52 .
199 35 203 37 ”
270 39 280 50 ι
335 35 337 39 “
406 41 414 45 -

37 182 51 206 f

36 210 42 215 ⁴
546 233 677 261 Lmen
706 233 730 261 1.
766 233 823 261 DE
853 232 991 261 REBus
1021 231 1259 261 ECCLESIAE
1287 231 1614 261 SPIRITUALIBUS
1922 221 1974 261 87

303 340 406 385 776.
443 343 494 384 111
528 338 711 398 privato
743 352 900 385 sacrae
937 338 1047 384 Viae
1079 338 1236 384 Crucis
1271 337 1495 384 exercitio
1526 338 1592 385 ad
1615 338 1859 384 lucrandas
1905 339 1973 384 in·

177 421 440 480 dulgentias
486 435 668 481 semper
699 422 951 482 requiritur
993 422 1219 467 transitus
1262 421 1320 466 ab
1357 435 1450 466 una
1493 421 1694 467 statione
1727 424 1783 466 ad
1815 421 1970 467 aliam.

182 505 307 550 Idem
329 504 577 551 dicendum
598 504 654 550 de
676 505 900 550 exercitio
941 504 1138 564 publico,
1162 518 1271 550 casu
1294 518 1385 564 quo
1417 509 1478 549 ex
1510 503 1743 563 praedicto
1775 505 1971 550 transitu

178 588 430 633 excitanda
463 601 557 632 non
592 587 784 632 timetur
816 587 1125 647 perturbati03
1163 586 1199 633 si
1233 592 1390 632 autem
1424 587 1538 632 haec
1569 586 1778 643 timetur,
1808 587 1975 632 sufficit

180 676 250 727 ut,
285 684 563 729 unoquoque
595 670 650 715 de
683 671 849 729 populo
883 684 1018 716 suum
1054 670 1208 716 locum
1237 671 1693 725 tenente‚‘sacerdos
1724 683 1830 715 cum
1863 670 1973 716 duo-

182 755 266 800 bus
298 754 476 800 clericis
507 755 606 799 sive
639 754 909 800 cantoribus
941 753 1212 799 circumeat.
1254 757 1303 798 In
1340 754 1427 798 boc
1456 766 1563 798 casu
1587 757 1745 798 tamen
1779 753 1973 798 suaden-

176 839 291 883 dum
329 837 525 894 videtur,
561 841 612 881 ut
644 836 836 896 populus
870 841 1027 881 vertat
1059 850 1106 881 se
1138 836 1195 881 ad
1228 836 1434 894 singulas
1466 836 1690 880 stationes
1711 848 1893 880 necnon
1917 835 1973 880 ad

176 920 364 965 easdem
398 919 678 977 genuflectat
710 933 765 964 ac
796 921 944 976 erigat
981 932 1028 963 se
1061 932 1168 963 cum
1202 918 1455 963 sacerdote.

294 1004 404 1058 ⁴777.
442 1006 699 1061 Antequam
744 1000 850 1045 huic
885 1000 1015 1046 brevi
1060 1000 1280 1046 tractatui
1314 1000 1455 1045 finem
1498 1001 1822 1059 imponamus,
1859 1014 1973 1045 non-

180 1087 306 1131 nulla
339 1085 601 1131 adnotanda
646 1088 756 1130 sunt
788 1084 910 1129 circa
952 1083 1287 1141 Indulgentiam
1338 1084 1591 1143 plenariam
1628 1084 1676 1128 in
1711 1085 1873 1130 mortis
1904 1098 1975 1129 ar·

180 1170 336 1215 ticulo.
375 1173 468 1213 Iam
495 1183 604 1214 vero
626 1170 843 1212 Summus
880 1168 1093 1213 Pontifex
1116 1167 1337 1215 Clemens
1360 1171 1458 1213 XIV
1481 1167 1696 1213 omnibus
1718 1173 1764 1213 et
1786 1168 1976 1227 singulis

182 1252 472 1309 patriarchis,
511 1251 888 1311 Archiepiscopis‚
930 1251 1174 1310 Episcopis,
1218 1250 1411 1296 Vicariis
1445 1250 1729 1309 Apostolicis,
1766 1264 1852 1296 nec
1880 1265 1974 1296 non

181 1336 428 1381 Praefectis
460 1349 539 1380 seu
573 1335 891 1394 Superioribus
934 1334 1205 1381 Missionum
1244 1339 1340 1379 tam
1373 1334 1488 1379 Cleri
1522 1333 1800 1391 saecularis,
1833 1348 1974 1394 quam

183 1419 400 1478 regularis
433 1419 480 1464 in
514 1420 624 1464 locis
660 1418 948 1474 Missionum,
989 1417 1217 1463 concessit
1249 1418 1523 1461 facultatem
1573 1416 1867 1475 impertiendi
1899 1417 1974 1462 be-

180 1503 495 1548 nedictionem
538 1516 645 1547 cum
689 1501 975 1560 indulgentia
1028 1500 1232 1559 plenaria
1284 1499 1492 1545 fidelibus
1524 1499 1771 1558 praedictis
1803 1500 1859 1544 ad
1897 1514 1974 1544 ex-

180 1591 384 1631 tremum
417 1599 613 1643 agonem
648 1583 860 1640 redactis,
887 1597 996 1629 cum
1030 1598 1082 1628 ea
1115 1583 1256 1628 etiam
1292 1582 1581 1639 extensione,
1617 1587 1669 1627 ut
1706 1584 1975 1628 facultatem

180 1668 471 1723 huiusmodi,
509 1667 851 1722 Sacerdotibus,
889 1670 935 1712 et
968 1665 1224 1723 respective
1261 1665 1562 1711 Missionariis
1603 1680 1763 1711 eorum
1797 1666 1976 1710 iurisdi-

180 1752 327 1797 ctioni
360 1750 593 1806 subiectis,
622 1765 701 1809 pro
734 1750 845 1795 locis
878 1756 1036 1795 tamen
1062 1763 1252 1794 suarum
1287 1749 1567 1794 dioecesium
1593 1750 1665 1794 vel
1688 1763 1769 1807 pro
1800 1748 1976 1795 Missio-

181 1850 295 1880 num
331 1834 615 1880 districtibus
637 1838 839 1890 tantum,
866 1833 1217 1879 communicare
1242 1832 1433 1891 possint.
1472 1837 1522 1877 In
1547 1833 1632 1877 hac
1656 1832 1977 1877 benedictione

180 1920 486 1979 impertienda
519 1919 747 1964 servanda
780 1923 850 1963 est
884 1918 1083 1963 formula
1110 1918 1390 1975 praescripta
1424 1931 1449 1962 a
1486 1918 1651 1962 Bened.
1679 1919 1776 1962 xlv
1797 1918 1828 1959 ¹.
1863 1919 1977 1962 Cum

175 2008 335 2048 autem
376 2002 506 2047 facile
554 2001 828 2059 contingat,
866 2005 917 2045 ut
949 2000 1087 2060 aliqui
1124 2015 1182 2045 ex
1218 2000 1463 2059 praedictis
1511 1999 1883 2045 christifidelibus
1915 2014 1974 2045 ex

180 2086 266 2132 hac
300 2086 395 2131 vita
430 2086 680 2141 decedant,
716 2084 829 2145 quin
878 2084 1103 2130 Ecclesiae
1138 2084 1441 2129 sacramentis
1483 2084 1657 2129 fuerint
1697 2084 1896 2141 muniti,
1932 2089 1979 2130 et

175 2169 348 2228 absque
381 2168 631 2214 sacerdotis
665 2166 909 2213 cuiuslibet
943 2167 1224 2222 assistentia,
1263 2167 1405 2211 etiam
1430 2166 1517 2211 illis
1540 2166 1795 2225 plenariam
1831 2167 1977 2212 indul-

179 2252 384 2310 gentiam
418 2251 661 2306 concessit,
696 2250 733 2296 si
766 2251 929 2296 saltem
966 2250 1153 2295 contriti
1194 2265 1365 2295 nomen
1392 2254 1491 2295 Iesu
1525 2264 1602 2295 ore
1638 2264 1744 2295 cum
1783 2250 1975 2309 possint,

177 2335 251 2379 sin
287 2335 440 2379 minus
486 2334 652 2389 corde,
689 2333 1048 2388 invocaverint,
1091 2337 1137 2377 et
1174 2337 1371 2378 mortem
1413 2337 1652 2393 tamquam
1696 2334 1976 2393 stipendium

182 2416 358 2476 peccati
389 2417 443 2461 de
478 2430 619 2461 manu
655 2415 836 2461 Domini
871 2430 924 2460 ea
962 2429 1051 2474 qua
1075 2415 1210 2460 decet
1245 2415 1497 2460 christiana
1523 2415 1668 2461 animi
1702 2416 1978 2461 demissione

175 2504 227 2545 et
249 2498 508 2544 humilitate
541 2498 846 2556 susceperint,
884 2498 1186 2558 animamque
1222 2498 1267 2542 in
1306 2512 1473 2543 manus
1494 2498 1721 2544 Creatoris
1752 2499 1821 2544 sui
1855 2513 1979 2545 com·

186 2575 530 2628 melidaverint.

301 2667 402 2711 778.
442 2669 578 2711 Porro
611 2679 717 2710 cum
745 2665 842 2710 Vic.
871 2667 952 2724 Ap.
981 2663 1280 2709 Sutchuensis
1307 2663 1526 2723 petiisset,
1554 2664 1775 2724 quidnam
1800 2663 1978 2710 censeri

107 2785 110 2788 Δ
176 2747 368 2793 deberet
403 2747 564 2793 mortis
596 2748 833 2804 articulus,
870 2750 1035 2806 Congr.
1070 2748 1113 2790 S.
1152 2750 1205 2792 O.
1245 2759 1403 2791 mense
1438 2746 1531 2791 ian.
1562 2747 1674 2791 1780
1705 2746 1976 2803 declaravit,

177 2843 286 2875 eam
310 2830 529 2889 temporis
551 2829 953 2876 circumstantiam
987 2829 1098 2875 satis
1135 2842 1232 2874 esse
1258 2832 1308 2873 ut
1330 2843 1383 2873 ea
1420 2828 1505 2873 rite
1530 2828 1838 2888 impertiatur,
1862 2842 1979 2888 quae

180 2912 352 2959 sufficit
398 2918 636 2958 extremae
669 2911 752 2971 ipsi
786 2912 997 2958 unctioni
1032 2912 1364 2970 conferendae;
1415 2925 1521 2956 cum
1571 2926 1737 2970 nempe
1770 2911 1982 2957 infirmus

315 3102 323 3121 ¹
354 3102 396 3138 In
414 3102 538 3139 Const.
555 3102 640 3139 data
658 3102 716 3139 die
735 3102 757 3139 9
775 3111 852 3148 apr.
873 3101 962 3139 1747
985 3112 1078 3148 quae
1100 3102 1252 3146 incipit:
1282 3101 1353 3138 Pia
1379 3101 1498 3138 Mater
1523 3101 1694 3138 Ecclesia.
