2176 3386
198 129 280 169 248
867 141 978 171 PARS
1006 142 1047 170 11.
1082 141 1140 171 m:
1169 141 1307 172 REBUS

944 346 1176 376 ARTmtJLuS
1209 348 1236 378 1.

698 454 785 496 ·De
818 453 975 496 Sacris
1010 451 1239 495 Ecclesiae
1271 451 1464 496 Ricibus.

323 585 449 630 1160.
486 587 596 630 Cum
633 596 763 628 mens
795 582 997 627 humana
1031 595 1110 640 per
1142 581 1372 626 sensibilia
1404 581 1462 626 ad
1493 581 1779 639 spirituales,
1814 582 1978 641 quibus

202 671 292 712 Deo
325 666 680 724 coniungimur,
715 668 847 710 actus
879 664 1113 718 elevetur,
1151 664 1321 709 iactum
1358 668 1426 709 est
1458 669 1509 708 ut
1540 665 1598 709 ab
1632 666 1856 711 Ecclesiae
1890 666 1976 724 pri-

201 749 389 794 mordiis
420 749 474 793 ad
511 748 664 793 fideles
713 747 855 805 magis
903 746 1174 792 excitandos
1205 747 1260 792 ad
1294 761 1449 792 rerum
1487 747 1752 794 divinarum
1789 750 1976 795 medita-

200 833 373 878 tionem
407 831 711 877 exterioribus
742 829 1049 887 adminiculis,
1085 835 1223 889 atque
1256 830 1312 875 ad
1346 831 1599 876 fovendum
1639 837 1685 876 et
1717 833 1978 890 augendum

199 914 465 960 interiorem
493 914 570 959 Dei
594 915 787 969 cultum,
814 914 926 958 certi
951 912 1147 957 instituti
1175 914 1268 958 sint
1291 914 1420 969 ritus,
1449 915 1718 973 praesertim
1743 915 1789 960 in
1816 915 1977 961 Missae

199 998 428 1043 Sacrificio
461 997 685 1042 obeundo.

322 1083 447 1126 1161.
485 1085 695 1125 Iamvero
741 1080 788 1125 in
821 1079 1068 1126 Occidente
1110 1084 1306 1139 quatuor
1340 1080 1587 1138 viguerunt
1624 1081 1860 1140 liturgiae,
1896 1081 1979 1127 sci-

199 1164 305 1209 licet
336 1167 569 1217 Romana,
612 1163 864 1209 Gallicana
900 1176 1038 1221 penes
1073 1163 1317 1208 Ecclesiam
1355 1163 1620 1219 Galliarum,
1656 1165 1976 1222 Mozarabica‚

197 1261 313 1305 quae
347 1246 487 1291 etiam
522 1245 701 1303 gothica
736 1245 951 1303 appellari
987 1246 1262 1301 consuevit,
1296 1260 1384 1305 qua
1420 1246 1632 1291 utebatur
1669 1246 1866 1292 Ecclesia
1903 1248 1979 1292 Hi-

199 1330 480 1389 spaniarum,
507 1334 553 1374 et
578 1330 902 1384 Ambrosianum
928 1343 1044 1388 quae
1079 1329 1126 1373 in
1157 1343 1240 1374 usu
1263 1333 1333 1373 est
1367 1329 1594 1374 Ecclesiae
1629 1330 1975 1376 Mediolanensi.

324 1416 448 1460 1162.
486 1417 654 1458 Verum
696 1426 931 1471 progressu
976 1412 1196 1471 temporis
1237 1413 1291 1457 ad
1336 1413 1555 1472 quosdam
1595 1413 1763 1458 abusus
1795 1428 1978 1472 praeca-

198 1495 389 1551 vendos,
419 1493 610 1538 Romani
635 1491 894 1548 Pontifices,
919 1492 1025 1537 inde
1057 1493 1115 1537 ab
1148 1493 1418 1537 Innocentio
1442 1496 1475 1547 I,
1511 1493 1713 1537 sedulam
1746 1497 1981 1538 navarunt

199 1593 384 1638 operam
420 1583 471 1622 ut
502 1578 725 1637 quaedam
762 1576 1055 1621 uniformitas
1084 1576 1130 1620 in
1154 1576 1397 1634 praedictis
1421 1574 1632 1634 Liturgiis
1663 1576 1974 1621 induceretur.

202 1666 255 1707 Et
287 1662 348 1706 ita
386 1663 557 1707 factum
593 1665 677 1717 est,
713 1665 761 1705 ut
787 1660 833 1704 in
857 1660 1010 1705 locum
1033 1659 1242 1718 liturgiae
1276 1659 1526 1717 gallicanae
1560 1659 1804 1704 substituta
1840 1659 1977 1704 fuerit

203 1751 423 1800 Romana,
448 1749 493 1789 et
516 1743 838 1802 Hispaniarum
879 1743 1104 1788 Ecclesiae
1144 1744 1237 1787 fere
1278 1756 1465 1797 omnes,
1500 1742 1659 1787 relicto
1700 1742 1788 1787 rito
1829 1757 1977 1788 moza-

199 1828 369 1883 rabico,
406 1841 652 1872 romanum
676 1826 768 1872 sint
790 1826 1047 1884 amplexae.
1083 1826 1151 1870 Ob
1174 1825 1449 1883 peculiarem
1475 1839 1585 1870 vero
1611 1825 1975 1881 venerationem,

198 1926 336 1971 quam
371 1911 453 1956 sibi
487 1909 754 1956 conciliavit
786 1908 966 1967 liturgia
1005 1907 1322 1965 ambrosiana,
1357 1908 1452 1966 ipsa
1495 1908 1643 1952 adbuc
1682 1912 1894 1952 servatur
1932 1908 1978 1952 in

198 1994 389 2040 ecclesia
426 1992 772 2039 Mediolanensi.

323 2078 449 2123 1165.
490 2081 624 2122 Porro
646 2077 761 2121 ritus
783 2076 1103 2121 ambrosianus
1124 2075 1273 2134 quoad
1299 2075 1483 2121 Missam
1508 2074 1726 2133 prolixior
1748 2079 1818 2120 est
1838 2089 1978 2134 quam

198 2175 434 2217 romanus,
470 2166 532 2215 et,
570 2164 620 2205 ut
651 2159 984 2204 animadvertit
1018 2163 1285 2214 GavantUS,
1321 2172 1510 2216 graecae
1543 2158 1753 2216 liturgiae
1795 2158 1981 2217 propius

199 2244 390 2289 accedit.
431 2244 559 2288 Plura
593 2243 731 2288 habet
766 2242 1026 2301 peculiaria,
1062 2256 1177 2301 quae
1212 2243 1309 2286 fuse
1342 2245 1552 2287 recenset
1576 2242 1605 2285 ¹.

322 2328 447 2372 1164.
487 2331 535 2371 In
574 2326 769 2371 Ecclesia
805 2339 915 2370 vero
963 2324 1173 2370 orientali
1214 2327 1411 2384 quatuor
1445 2323 1602 2381 vigent
1634 2323 1774 2379 ritus,
1809 2322 1982 2368 scilicet

205 2413 425 2466 Graecus,
463 2416 706 2464 Armenias,
735 2411 971 2468 Syriacus,
1001 2409 1176 2464 Copias,
1216 2410 1416 2464 Excepto
1444 2405 1533 2450 ritu
1557 2419 1765 2460 armeno,
1790 2405 1866 2450 alii
1890 2410 1982 2450 tres

200 2495 487 2541 subalternas
519 2493 768 2538 divisiones
807 2492 993 2537 habent.
1042 2491 1201 2536 Graeci
1245 2490 1371 2535 enim
1413 2489 1487 2534 alii
1519 2491 1635 2547 puri
1665 2493 1805 2544 sunt,
1840 2493 1886 2533 et
1912 2488 1981 2532 in-

201 2579 359 2625 colunt
389 2591 583 2636 regnum
619 2575 835 2622 Graeciae
869 2580 915 2620 et
949 2575 1193 2634 imperium
1221 2572 1464 2628 turcicum,
1487 2586 1541 2617 36
1577 2573 1670 2616 fere
1693 2585 1854 2617 omnes
1877 2585 1979 2616 ver-

200 2665 361 2706 santur
394 2660 439 2705 in
475 2659 721 2705 schismate
745 2658 980 2717 photiano.
1021 2661 1084 2701 Ex
1108 2657 1162 2701 iis
1183 2656 1259 2716 qui
1285 2669 1499 2719 graecum
1533 2655 1673 2699 ritum
1706 2658 1978 2714 sequuntur,

200 2743 438 2789 coniuncti
485 2747 592 2787 sunt
640 2756 747 2787 cum
790 2742 987 2786 Ecclesia
1040 2745 1276 2795 Romana,
1310 2739 1373 2784 illi
1407 2738 1485 2798 qui
1517 2742 1625 2783 sunt
1658 2737 1705 2782 in
1741 2737 1897 2791 Italia,
1931 2739 1978 2781 et

202 2827 470 2887 praesertim
504 2827 550 2871 in
586 2826 734 2872 Sicilia
768 2831 815 2871 et
847 2824 1068 2880 Calabria,
1104 2838 1189 2868 nec
1223 2836 1317 2867 non
1350 2821 1489 2882 aliqui
1522 2821 1568 2866 in
1602 2820 1751 2866 insula
1773 2818 1980 2866 Corsicae

321 3006 328 3025 ¹
359 3006 472 3043 CAnn.
490 3006 606 3049 BoxA,
634 3006 698 3043 lib.
725 3006 755 3048 1,
781 3015 860 3051 cap.
889 3004 942 3048 10,
970 3004 1105 3041 Rerum
1131 3004 1253 3050 litura.
