2176 3386
773 188 903 218 mni-:n
932 189 956 218 1.
990 189 1048 217 DE
1077 188 1270 218 cni-:meis
1835 177 1912 218 291

128 299 395 359 plectuntur
425 309 542 354 quae
575 294 786 353 graviora
821 294 1064 339 habentur.
1100 295 1151 353 4)
1177 295 1342 355 Eadem
1375 294 1667 354 aliquatenus
1702 296 1913 355 ampliari

90 407 94 410 -
129 383 200 427 vel
235 377 447 437 restringi
483 382 632 436 potest
665 377 722 422 ab
755 377 987 435 Episcopo.
1025 377 1090 422 Ad
1124 377 1319 436 primam
1352 378 1554 435 regulam
1589 380 1709 437 quod
1747 379 1916 424 attinet

130 470 344 511 notamus
376 463 460 507 hac
494 461 549 506 de
577 476 624 506 re
647 461 857 506 doctores
880 460 926 505 in
950 460 1155 505 diversas
1177 461 1341 505 abiisse
1363 461 1632 506 sententias.
1671 461 1754 506 Alii
1790 463 1913 508 enim

128 547 288 592 dicunt
324 544 488 590 Vicarii
526 542 763 589 Generalis
795 546 1070 601 potestatem
1104 556 1201 588 esse
1234 542 1506 601 delegatam.
1544 548 1658 589 Nam
1685 544 1757 589 illa
1786 546 1914 590 iuris-

128 628 267 673 dictio
290 627 494 683 delegata
519 629 589 670 est
609 639 727 685 quae
752 625 942 669 nomine
974 625 1123 670 alieno
1154 630 1421 681 exercetur,
1438 640 1646 685 quaeque
1669 627 1723 671 ad
1750 631 1914 672 nutum

130 712 400 758 revocabilis
431 716 527 766 est,
562 709 690 769 atqui
726 709 933 755 Vicarius
974 710 1210 755 Generalis
1254 709 1617 756 iurisdictionem
1652 711 1802 757 alieno
1836 727 1915 757 no-

131 795 255 841 mine
290 809 454 854 nempe
491 793 698 852 Episcopi
731 797 935 849 exercet,
972 792 1244 838 revocabilis
1276 792 1374 839 eius
1406 793 1657 839 iurisdictio
1690 799 1759 840 est
1791 809 1844 840 ac
1865 795 1914 840 li-

130 878 362 924 mitabiliS.
418 877 499 923 Alii
552 877 712 922 dicunt
745 876 1106 921 iurisdictionem
1145 876 1309 922 Vicarii
1353 877 1588 922 Generalis
1631 877 1699 922 sui
1738 878 1916 936 generis

131 975 228 1006 esse
263 975 427 1018 nempe
460 960 723 1004 anomalam
749 973 802 1004 ac
827 960 995 1004 referre
1030 959 1229 1003 indolem
1264 959 1501 1018 utriusque
1535 961 1773 1018 potestatis
1799 961 1916 1005 ordi-

131 1045 287 1088 nariae
320 1057 372 1088 ac
405 1044 654 1101 delegatae.
708 1043 835 1097 Quod
881 1041 1096 1087 historice
1140 1042 1388 1101 explicant.
1440 1044 1617 1088 Etenim
1662 1045 1916 1104 antiquitus

132 1127 340 1171 Vicarius
372 1126 606 1171 Generalis
639 1131 736 1170 erat
773 1125 1147 1170 Archidiacouus.
1185 1126 1442 1172 iurisdictio
1478 1126 1795 1172 Archidiaconi
1819 1133 1917 1174 erat

133 1225 291 1255 revera
326 1210 554 1254 ordinaria
589 1209 693 1267 quia
725 1209 1059 1254 adnectebatur
1091 1209 1312 1254 beneficio
1347 1210 1756 1256 Archidiaconatus
1789 1216 1834 1255 et
1868 1212 1915 1256 il-

133 1292 221 1336 lam
259 1290 445 1336 nomine
483 1290 662 1350 proprio
699 1291 1059 1335 Areliidiaconus
1096 1292 1368 1347 exercebat,
1405 1291 1466 1336 ita
1501 1297 1551 1336 ut
1591 1298 1771 1338 mortuo
1819 1293 1915 1352 Epi-

132 1388 283 1432 scopo,
322 1373 638 1419 Arcliidiaconi
675 1374 927 1418 iurisdictio
960 1374 1181 1418 cessabat.
1236 1378 1300 1419 Ita
1335 1379 1379 1418 et
1411 1374 1465 1418 de
1499 1374 1918 1433 Archipresbyteris

133 1458 324 1502 dicatur.
379 1461 434 1502 At
467 1457 634 1501 abolita
674 1456 987 1502 iurisdictione
1022 1457 1458 1502 Areliidiaconorum
1502 1471 1554 1501 ac
1594 1459 1916 1517 Arcllipresby-

132 1546 334 1586 teroruin
385 1541 526 1585 electa
578 1541 663 1585 fuit
708 1555 899 1600 persona
949 1541 1022 1585 cui
1065 1542 1329 1586 concredita
1381 1541 1464 1585 fuit
1502 1541 1753 1587 iurisdictio
1801 1557 1916 1602 quae

131 1625 248 1682 apud
285 1624 668 1669 Archidiaconum
713 1638 764 1668 ac
809 1624 1266 1683 Archipresbyterum
1303 1629 1416 1669 erat.
1468 1630 1616 1679 Quare
1666 1625 1917 1671 iurisdictio

134 1707 299 1752 Vicarii
324 1709 558 1753 Generalis
582 1708 731 1752 induit
762 1713 975 1752 naturam
1002 1707 1329 1752 iurisdictionis
1351 1708 1609 1753 ordinariae
1632 1709 1736 1767 quia
1762 1709 1915 1754 Archi-

133 1791 311 1836 diaconi
350 1792 559 1850 potestati
596 1792 841 1836 substituta
876 1795 959 1836 est.

253 1882 400 1927 Quare
439 1889 491 1919 eo
525 1875 621 1933 ipso
669 1875 788 1933 quod
838 1875 1031 1919 clericus
1066 1875 1273 1919 Vicarius
1320 1875 1556 1920 Generalis
1602 1875 1915 1933 constituitur,

136 1959 304 2018 absque
337 1959 425 2003 alio
462 1959 677 2003 mandato
712 1958 1077 2003 iurisdictionem
1113 1958 1290 2003 ratione
1323 1960 1389 2003 sui
1425 1959 1559 2004 officii
1601 1959 1811 2019 acquirit.
1866 1965 1919 2005 Et

136 2044 220 2089 hoc
252 2045 335 2087 sub
369 2048 577 2100 respectu
612 2042 868 2088 iurisdictio
904 2043 1068 2088 Vicarii
1104 2044 1340 2090 Generalis
1372 2048 1441 2089 est
1473 2043 1718 2088 ordinaria.

256 2128 356 2172 559.
395 2131 563 2171 Verum
591 2126 841 2171 iurisdictio
870 2126 1035 2171 Vicarii
1060 2128 1293 2173 Generalis
1317 2142 1408 2172 non
1435 2131 1503 2172 est
1526 2127 1661 2173 alicui
1698 2128 1918 2174 beneficio

136 2216 370 2270 tamquam
415 2211 549 2254 titulo
595 2215 814 2269 perpetuo
853 2209 1133 2266 coniuncta,
1170 2224 1255 2255 nec
1290 2210 1608 2268 magistratum
1647 2210 1916 2256 distinctum

137 2294 375 2340 constituit
407 2294 541 2338 sicuti
576 2299 674 2338 erat
709 2293 1083 2350 Archidiaconus,
1119 2294 1196 2338 sed
1230 2295 1416 2338 titulum
1455 2294 1697 2338 ministerii
1740 2294 1917 2351 Episco-

138 2378 250 2435 palis
270 2383 316 2422 et
341 2377 658 2433 magistratum
698 2378 901 2436 Episcopi
926 2382 1256 2435 repraesentat.
1296 2380 1361 2421 Ex
1382 2391 1472 2436 quo
1495 2382 1621 2435 patet
1647 2377 1917 2422 iurisdictio·

139 2474 246 2505 nem
270 2460 438 2505 Vicarii
471 2461 706 2507 Generalis
738 2461 1142 2511 referrejndolem
1178 2460 1416 2519 potestatis
1446 2461 1679 2519 delegatae
1711 2476 1826 2520 quae
1860 2476 1916 2506 ex

138 2544 271 2588 titulo
304 2543 454 2588 alieno
492 2544 710 2602 procedit.
760 2543 842 2589 Alii
877 2544 1038 2588 dicunt
1076 2544 1436 2590 iurisdictionem
1478 2544 1645 2588 Vicarii
1684 2543 1919 2589 Generalis

139 2640 236 2672 esse
268 2627 563 2682 ordinariam,
599 2631 646 2672 et
680 2641 763 2672 nos
797 2627 903 2672 huic
936 2627 1194 2672 sententiae
1228 2627 1419 2672 omnino
1441 2627 1768 2672 subscribimus
1794 2629 1822 2671 ².

258 2714 374 2754 Nam
409 2709 480 2754 illa
514 2714 583 2755 est
616 2709 870 2755 iurisdictio
902 2709 1132 2755 ordinaria
1164 2725 1281 2770 quae
1318 2711 1355 2766 l)
1382 2725 1440 2755 ex
1472 2710 1582 2769 legis
1623 2710 1917 2768 dispositione

137 2793 355 2838 adhaeret
386 2794 532 2838 officio
566 2797 612 2837 et
645 2794 686 2850 2)
716 2793 903 2838 nomine
931 2792 1113 2853 proprio
1141 2797 1397 2838 exercetur.
1432 2797 1641 2838 lamvero
1665 2792 1917 2838 iurisdictio

139 2875 307 2921 Vicarii
354 2875 589 2921 Generalis
625 2890 682 2921 ex
718 2876 828 2934 legis
864 2876 1160 2934 dispositione
1199 2875 1346 2921 ollicio
1387 2876 1632 2921 adhaeret.⁴
1668 2879 1918 2921 Exercetur

259 3046 269 3066 ²
298 3046 351 3083 Cf.
375 3047 562 3084 Elementa
587 3047 682 3084 iuris
702 3048 806 3094 publ.
831 3048 950 3085 eccles.
977 3048 1124 3085 Sonam
1151 3047 1204 3084 De
1227 3047 1380 3085 Vicariis
1400 3047 1642 3084 Generalibus.
