2176 3386
280 200 334 240 68
881 216 883 219 ·
952 210 1060 239 PARS
1091 211 1130 239 11.
1166 212 1222 239 nr:
1255 211 1393 239 ni-:Bus

286 316 356 362 his
388 318 518 362 facile
553 317 843 375 intelligitur,
878 331 995 377 quae
1028 317 1207 362 occasio
1242 323 1417 362 remota
1449 316 1654 374 dicatur,
1698 322 1745 363 et
1774 318 2062 363 occasionem

283 414 400 460 quae
434 404 642 459 respectu
676 401 813 445 unius
857 401 1065 459 proxima
1099 405 1192 455 est,
1239 405 1446 458 respectu
1480 401 1669 446 alterius
1711 406 1935 446 remotam
1969 415 2066 447 esse

281 488 362 528 aut
395 483 490 529 fieri
526 497 668 542 posse.

404 567 506 611 752.
544 571 680 611 Porro
714 581 819 611 cum
853 567 1043 626 quisque
1077 571 1291 611 teneatur
1322 580 1379 610 ex
1404 571 1647 624 praecepto
1669 566 1828 611 divino
1856 581 1910 612 ac
1932 573 2065 612 natu·

284 650 382 706 rali,
422 651 578 707 fugere
611 650 750 694 etiam
788 648 1003 708 peccandi
1037 650 1326 694 occasionem
1362 664 1419 693 ne
1452 662 1500 694 se
1523 655 1726 708 exponat
1759 649 1974 707 periculo,
1999 663 2066 694 se—

285 734 444 793 quitur
466 738 516 777 ut
540 733 631 791 ipsa
658 733 946 790 persistentia
971 734 1017 777 in
1041 733 1300 788 occasione,
1326 733 1503 777 etiamsi
1527 733 1628 788 quis
1651 733 1698 777 in
1720 747 1774 777 ea
1798 747 1890 778 non
1915 733 2064 789 cadat,

260 832 267 839 ·
286 818 541 875 generatim
562 817 620 861 sit
639 821 896 874 peccatum.
924 817 1232 861 Nihilominus
1249 830 1524 862 concurrere
1544 831 1596 861 ea
1618 822 1806 875 possunt
1822 816 2066 876 aliquando

284 901 519 956 adiuncta,
554 914 670 959 quae
693 900 1017 958 obligationem
1044 900 1244 958 fugiendi
1268 900 1660 946 occasionemseu
1684 900 1936 958 periculum
1966 913 2066 958 pec-

286 984 376 1028 cati
415 984 595 1028 tollunt,
646 983 772 1028 Circa
806 997 945 1041 quam
980 983 1220 1027 materiam
1256 984 1369 1028 haec
1404 984 1516 1028 tradi
1551 984 1665 1028 solet
1699 983 1876 1041 regula:
1918 983 1959 1028 Si
1995 997 2066 1028 oc-

284 1067 407 1111 casio
446 1072 513 1111 631
549 1067 757 1126 proxima
791 1071 837 1111 et
870 1067 1156 1122 voluntaria,
1211 1070 1335 1124 (nam
1371 1067 1705 1122 necessariam,
1749 1067 1923 1111 scilicet
1964 1080 2064 1110 eam

283 1166 422 1210 quam
457 1152 559 1211 quis
594 1153 664 1196 vel
698 1152 890 1196 omnino
924 1152 1072 1196 vitare
1095 1166 1185 1196 non
1214 1156 1377 1210 potest,
1415 1152 1487 1196 vel
1512 1165 1602 1196 non
1628 1151 1726 1196 sine
1749 1151 1875 1209 gravi
1898 1153 2067 1196 damno

284 1239 363 1278 aut
397 1234 707 1290 incommodo,
746 1249 892 1292 perse
926 1249 1017 1278 non
1053 1239 1238 1278 tenetur
1272 1233 1356 1277 nisi
1393 1240 1617 1278 remotam
1653 1234 1853 1290 reddere)
1893 1247 2066 1292 perma-

284 1332 394 1362 nere
428 1317 473 1362 in
507 1332 559 1362 ea
594 1323 662 1361 est
694 1331 876 1375 semper
910 1321 1164 1375 peccatum.
1210 1318 1249 1361 Si
1287 1331 1396 1361 vero
1429 1317 1606 1362 occasio
1640 1322 1708 1362 est
1741 1322 1933 1373 remota,
1970 1331 2066 1375 per-

284 1414 473 1444 manere
508 1400 554 1444 in
588 1415 639 1444 66
674 1404 743 1444 est
776 1405 1017 1458 peccatum
1051 1401 1229 1458 quoties
1262 1398 1314 1444 fit
1345 1399 1443 1445 sine
1477 1400 1595 1444 iusta
1629 1413 1763 1445 causa
1791 1401 1820 1445 ².

403 1485 502 1528 755.
541 1484 620 1528 His
643 1483 815 1542 positis,
851 1483 1062 1539 dicimus,
1091 1483 1235 1541 prima
1260 1487 1361 1528 vice
1383 1484 1606 1528 absolutio
1632 1482 1898 1540 regulariter
1919 1483 2067 1528 danda

284 1573 350 1611 est
386 1571 483 1611 tum
518 1567 792 1623 habituatis,
829 1572 926 1611 tum
963 1567 1031 1612 1113
1063 1567 1139 1627 qui
1176 1568 1219 1611 in
1254 1567 1494 1612 occasione
1527 1571 1777 1626 utcumque
1812 1568 2067 1612 necessaria

286 1655 557 1706 versantur,
602 1651 851 1695 dummodo
887 1650 1005 1695 serio
1041 1649 1314 1707 promittant
1356 1651 1475 1694 116116
1508 1664 1566 1694 cx
1600 1650 1807 1708 proxima
1842 1655 2067 1695 remotam

285 1735 487 1779 reddere.
547 1734 743 1778 Subinde
781 1747 888 1778 xero
932 1734 1000 1778 1113
1041 1734 1118 1793 qui
1158 1738 1404 1778 versantur
1446 1732 1492 1776 in
1531 1732 1770 1778 occasione
1808 1733 2067 1778 voluntaria

285 1817 380 1862 dari
416 1817 654 1872 convenit,
689 1817 725 1861 si
759 1832 810 1861 ea
845 1830 940 1860 mm
973 1823 1036 1861 63ι
1068 1819 1119 1860 in
1152 1830 1257 1871 6336,
1295 1815 1330 1859 31
1364 1819 1433 1860 est
1465 1815 1511 1859 in
1545 1829 1650 1871 6336,
1685 1816 1869 1875 quidam
1906 1820 2070 1874 putant

283 1901 432 1944 adbuc
464 1900 560 1944 dari
598 1913 742 1959 posse,
778 1898 964 1958 quidam
999 1903 1159 1943 contra
1193 1899 1417 1953 sentiunt,
1455 1897 1539 1942 nisi
1574 1898 1697 1957 prius
1731 1898 1854 1943 illam
1886 1898 2068 1943 dimise-

284 1982 406 2039 rint,
451 1997 539 2042 qua
572 1982 756 2042 quidem
791 1982 837 2026 in
872 1996 919 2026 re
962 1982 1242 2027 Confessoris
1274 1981 1361 2026 erit
1404 1996 1460 2026 ex
1499 1981 1636 2025 variis
1669 1995 1918 2039 personae,
1955 1982 2065 2038 loci,

284 2066 520 2125 temporis,
556 2079 720 2110 causae
753 2065 982 2110 adiunctis
1016 2065 1231 2120 iudicare,
1266 2064 1375 2124 quid
1402 2064 1569 2109 caritas
1591 2069 1638 2109 et
1661 2065 1899 2123 prudentia
1924 2066 2069 2123 magis

283 2151 534 2209 expediens
567 2151 756 2195 suadeat
781 2150 807 2194 ².

1018 2338 1249 2368 Anrmums
1283 2339 1326 2366 n.

831 2443 894 2484 De
930 2444 1143 2485 Ministro
1180 2444 1512 2486 Poesnz'cesntiae.

404 2564 506 2608 754.
544 2563 805 2608 Subiectum
842 2562 1160 2606 immediatum
1206 2561 1427 2607 iudicialis
1464 2563 1687 2607 Ecclesiae
1721 2561 1958 2620 potestatis
2001 2576 2067 2606 re-

285 2646 498 2691 mittendi
532 2645 852 2704 retinendique
887 2649 1089 2703 peccata,
1124 2645 1328 2704 adeoque
1364 2645 1573 2690 Minister
1604 2644 1880 2690 sacramenti
1914 2644 2067 2703 poeni-

284 2729 486 2786 tentiae,
532 2728 654 2783 solus
690 2733 759 2773 est
796 2728 1013 2773 Sacerdos
1046 2727 1132 2772 rite
1164 2728 1417 2772 ordinatus.
1474 2731 1619 2773 Nemo
1655 2732 1810 2773 autem
1851 2728 2066 2773 Sacerdos

284 2815 383 2858 sive
415 2813 686 2869 saecularis,
731 2814 830 2857 sive
863 2811 1082 2870 regularis
1118 2825 1255 2871 quem
1283 2811 1558 2856 ordinarius
1591 2825 1683 2856 non
1715 2811 2064 2869 approbaverit,
2127 2816 2176 2877 f*

2124 2895 2176 2921 j&

2156 2928 2165 2946 λ

404 2944 415 2965 ²
443 2945 498 2982 Ita
523 2945 709 2991 colligitur
734 2954 780 2982 ex
806 2944 973 2981 doctrina
997 2943 1034 2980 S.
1062 2944 1128 2980 Tu.
1154 2943 1206 2986 2³,
1233 2943 1301 2986 2ae,
1327 2952 1362 2988 q.
1390 2942 1444 2987 10,
1470 2947 1536 2979 art.
1562 2943 1583 2979 9
1612 2943 1650 2979 111
1677 2942 1761 2980 fine.
1789 2942 1859 2979 Gir.
1884 2942 2064 2980 (111311101-
2115 2916 2137 2970 ’ἕ
2154 2952 2176 2974 ὲ.

285 3018 327 3055 de
351 3029 442 3064 pecc.
470 3022 571 3055 tract.
597 3016 630 3060 2,
658 3016 751 3062 disp.
780 3017 814 3059 2,
841 3027 874 3063 p.
901 3015 934 3059 9,
960 3015 1026 3056 55.
1052 3015 1158 3052 lom.
1185 3026 1231 3052 nn
1250 3015 1450 3052 Cnosius
1469 3014 1588 3052 Tract.
1608 3014 1639 3050 1.
1667 3014 1709 3051 de
1725 3014 1873 3061 probab.
1897 3013 1990 3060 disp.
2011 3012 2066 3050 18.
2175 3001 2176 3008 ¹

404 3090 417 3108 ¹
443 3090 513 3126 Cfr.
540 3089 781 3126 D’Amnmm:
806 3088 859 3125 De
886 3089 963 3126 Sao.
989 3087 1123 3124 Poenit.
