2176 3386
774 196 903 241 Lim-:R
930 198 954 225 1.
990 197 1047 225 DE
1077 197 1272 226 cmmms
1798 207 1801 211 ·
1864 190 1918 230 89

132 301 548 347 rationabilitatem
581 305 682 346 tum
730 301 908 346 ratione
939 304 1034 357 sui,
1086 306 1187 346 tum
1234 301 1414 347 ratione
1456 303 1567 362 finis
1606 304 1913 361 reducuntur,

132 385 282 445 prouti
315 385 370 429 de
402 385 501 442 lege
533 385 673 430 locuti
707 398 881 429 sumus.
917 388 1067 438 Quare
1099 398 1217 444 quae
1252 384 1487 430 rationalis
1523 383 1808 431 consuetudo
1846 391 1916 431 est

130 472 268 525 iusta,
303 468 509 524 honesta,
546 468 687 523 utilis,
724 471 772 512 et
804 467 850 512 in
885 468 1022 512 sensu
1057 467 1169 512 iuris
1202 473 1437 526 perpetua.
1487 469 1771 514 Irrationalis
1807 484 1915 515 con-

130 552 323 597 suetudo
354 565 453 596 esse
496 554 646 609 potest
678 553 863 596 ratio-ne
904 551 1044 609 sinis,
1084 551 1191 610 quia
1240 564 1388 610 neque
1438 551 1722 606 necessaria,
1764 566 1913 612 neque

130 634 255 680 utilis
298 639 367 680 est
413 634 468 679 ad
517 633 657 678 finem
707 634 923 679 socialem
967 635 1360 694 consequendum.
1419 637 1616 679 Ratione
1653 637 1728 679 sui
1773 636 1811 693 l)
1846 639 1915 680 est

129 717 407 762 irrationalis
448 718 733 763 consuetudo
779 732 895 776 quae
929 722 998 762 est
1047 732 1126 776 per
1170 731 1216 762 se
1259 718 1414 773 mala,
1459 731 1548 775 quo
1592 718 1637 762 in
1676 732 1783 763 casu
1819 732 1911 763 non

128 801 263 846 datur
296 801 381 845 nisi
414 801 693 845 consuetudo
727 800 858 858 facti,
897 815 987 846 non
1024 801 1150 856 iuris,
1206 801 1356 860 prouti
1408 790 1479 846 lex
1521 802 1639 846 mala
1685 815 1778 846 non
1818 802 1914 846 exi-

128 884 233 941 stit;
284 886 325 939 2)
362 899 478 943 quae
521 884 568 929 in
614 884 711 928 iure
746 884 810 929 uti
849 887 969 929 iaris
1000 886 1268 942 corruptela
1313 885 1597 943 reprobatur.
1648 890 1746 939 Qua
1784 885 1830 930 in
1866 899 1913 930 re

128 972 197 1012 est
230 969 485 1013 notandum
537 969 770 1026 abroyare
817 970 1202 1014 consuetudinem
1254 983 1345 1013 non
1385 974 1454 1013 est
1488 983 1567 1028 per
1608 983 1656 1014 se
1698 983 1798 1013 eam
1844 982 1913 1013 re-

124 1053 354 1108 probare,
393 1052 454 1096 ita
493 1056 543 1096 ut
586 1066 841 1110 numquam
875 1052 983 1096 oriri
1028 1053 1196 1110 possit,
1233 1066 1339 1096 cum
1389 1051 1674 1096 consuetudo
1711 1055 1758 1095 et
1796 1064 1914 1110 quae

128 1135 194 1178 uti
227 1136 527 1180 irrationalis
558 1136 842 1193 abrogatur,
891 1141 1040 1180 tractu
1082 1135 1302 1194 temporis
1346 1135 1582 1180 rationalis
1620 1134 1716 1179 fieri
1753 1134 1909 1193 possit.

128 1220 243 1264 Hinc
277 1219 446 1276 settara
480 1220 764 1265 consuetudo
797 1234 821 1264 a
856 1221 952 1278 lege
986 1219 1235 1264 efficaciter
1268 1218 1498 1278 reprobari
1525 1233 1616 1263 non
1643 1223 1791 1277 potest
1822 1221 1915 1263 nisi

126 1305 283 1360 sitper
302 1318 349 1347 se
373 1304 502 1348 maala
525 1308 570 1347 et
594 1303 703 1348 iuris
725 1304 982 1361 corruptela
1011 1305 1038 1359 ι;
1077 1304 1118 1359 5)
1146 1317 1262 1362 quae
1288 1304 1415 1347 fovet
1438 1307 1627 1360 peccato
1651 1302 1682 1358 '²3
1718 1303 1760 1357 4)
1795 1315 1912 1360 quae

128 1385 212 1430 iuri
249 1387 468 1431 natarali
497 1391 577 1430 aut
609 1387 769 1431 divino
802 1387 1092 1442 adversatur,
1130 1387 1279 1444 prouti
1314 1390 1448 1430 erant
1474 1385 1623 1443 plures
1656 1385 1913 1443 pharisaeo-

129 1483 228 1513 rum
273 1473 318 1514 et
362 1468 699 1514 haereticorum
733 1469 901 1514 abusus
925 1470 956 1526 3;
1005 1470 1045 1518 5)
1083 1483 1200 1528 quae
1235 1483 1435 1513 nervam
1476 1470 1718 1525 abrumpit
1767 1469 1912 1513 Eccle-

127 1553 337 1598 siasticae
370 1552 634 1610 disciplinae
669 1552 734 1597 uti
768 1553 803 1596 si
845 1553 1175 1598 iurisdictionis
1209 1557 1409 1611 potestas
1447 1552 1747 1610 impediatur,
1783 1555 1864 1596 aut
1895 1552 1912 1577 ⁴

126 1636 344 1682 ecclesiae
379 1636 648 1681 immunitas
682 1637 888 1681 laedatur
918 1642 1010 1682 etc.
1050 1641 1097 1681 ln
1133 1636 1438 1681 decretalibus
1462 1637 1475 1659 ⁵
1516 1635 1562 1680 in
1597 1649 1762 1692 genere
1802 1634 1910 1679 irra-

126 1719 320 1764 tionales
352 1719 571 1764 dicuntur
603 1721 962 1765 consuetudines
999 1740 1017 1760 a
1043 1735 1160 1779 quae
1195 1733 1280 1765 nec
1324 1721 1502 1764 ratione
1544 1719 1788 1774 iuvantur,
1827 1732 1913 1763 nec

126 1801 267 1846 sacris
299 1806 560 1860 congruunt
593 1802 819 1847 institutis
846 1822 864 1842 n
900 1804 1020 1862 quod
1055 1804 1183 1848 iuxta
1217 1802 1339 1848 dicta
1379 1807 1447 1847 cst
1491 1802 1840 1860 intelligendum
1877 1801 1908 1845 ⁶.

126 1887 282 1943 Neque
315 1884 495 1929 dicatur
527 1885 908 1930 consuetudinem
943 1893 1109 1931 contra
1144 1887 1290 1943 leyem
1315 1899 1413 1931 esse
1442 1885 1774 1940 irrationalem,
1803 1899 1910 1930 nam

124 1966 245 2012 aliud
278 1972 348 2012 est
379 1968 624 2012 dicendum
664 1970 718 2013 de
762 1971 1097 2014 consuetudine
1135 1969 1278 2026 faeti,
1316 1969 1437 2014 aliud
1482 1969 1537 2013 de
1580 1969 1912 2013 consuetudine

124 2051 259 2094 iuris.
297 2051 504 2096 Profecto
538 2052 822 2096 consuetudo
856 2052 966 2096 facti
990 2059 1156 2098 contra
1186 2053 1332 2109 Zeyem
1356 2052 1502 2098 donec
1525 2067 1630 2098 cum
1655 2055 1776 2096 iuris
1809 2066 1912 2097 con-

123 2132 370 2176 suetudine
394 2147 484 2176 non
509 2133 833 2190 coniungatur,
860 2140 929 2179 est
954 2136 1098 2189 mata,
1125 2150 1178 2180 ac
1213 2135 1347 2193 primi
1381 2142 1512 2181 actus
1535 2136 1693 2181 animo
1723 2136 1909 2181 tollendi

124 2215 269 2272 legem
305 2220 599 2272 exercentur,
638 2217 828 2277 ideoque
862 2218 966 2262 talis
1003 2219 1287 2263 consuetudo
1315 2222 1644 2276 peccaminosa
1678 2224 1747 2264 est
1779 2220 1808 2263 ⁷.
1856 2221 1911 2264 At

127 2300 245 2342 iuris
276 2300 560 2344 consuetudo
596 2314 690 2344 non
737 2305 806 2345 est
853 2303 1178 2358 irrationali-3,
1216 2307 1374 2360 utpote
1416 2316 1533 2361 quae
1584 2302 1728 2359 legem
1767 2302 1909 2346 latam

244 2476 251 2494 ¹
283 2476 319 2513 C.
349 2476 379 2519 1,
406 2477 450 2514 de
476 2483 593 2521 const,
623 2479 660 2514 in
686 2478 735 2514 6·-
772 2479 822 2516 Cf.
852 2480 995 2516 SUAREZ
1024 2480 1044 2516 l.
1074 2481 1105 2522 7,
1133 2481 1178 2517 de
1204 2487 1370 2518 consuet.
1395 2492 1476 2518 can.
1504 2482 1536 2524 6,
1563 2483 1596 2519 d.
1627 2483 1679 2526 12,
1699 2494 1729 2520 c.
1758 2485 1790 2526 5,
1818 2485 1849 2527 4,
1876 2485 1909 2528 5,

125 2547 157 2588 7,
184 2547 219 2583 h.
249 2552 280 2591 l.;
308 2558 339 2584 c.
365 2548 412 2584 56
437 2549 482 2585 dc
508 2550 612 2586 elect.

244 2619 256 2637 ⁵
283 2620 319 2656 C.
350 2620 394 2656 10
420 2620 463 2658 de
489 2622 769 2660 consuetudine.

243 2691 255 2708 ³
283 2689 319 2726 C.
349 2691 411 2728 ult.
439 2692 483 2728 de
510 2699 675 2731 consuet.
703 2704 784 2732 can.
814 2695 875 2732 ult.
904 2696 988 2732 dist.
1014 2696 1046 2732 8.

244 2760 258 2780 ⁸
284 2761 322 2798 C.
350 2762 394 2798 16
431 2763 475 2799 de
501 2766 728 2811 praescript„
755 2776 836 2803 can.
864 2766 885 2802 5
910 2772 947 2803 et
973 2777 1049 2814 seq.
1077 2768 1109 2804 d.
1137 2768 1170 2803 8.
1211 2768 1348 2804 Canon.
1390 2770 1406 2804 1
1435 2774 1470 2805 et
1497 2769 1530 2809 Ξ,
1557 2769 1589 2805 d.
1621 2769 1674 2811 12,
1701 2780 1736 2806 c.
1759 2769 1829 2805 5-5
1866 2770 1910 2806 de

125 2837 290 2869 consuet.
319 2833 369 2870 Cf.
397 2834 540 2871 Suanez
568 2836 630 2873 lib.
658 2837 736 2880 VII,
761 2847 842 2884 cap.
873 2838 928 2875 18.

248 2905 261 2924 ¹⁵
287 2904 374 2950 Cap.
404 2906 419 2941 1
447 2906 492 2942 de
519 2907 565 2942 iis
590 2917 685 2953 quae
711 2908 805 2946 fiunt
821 2910 990 2947 amaiOri
1018 2916 1120 2956 parte
1146 2911 1315 2956 capituli.

244 2974 258 2994 ⁶
283 2975 334 3012 Cf.
360 2976 397 3012 C.
426 2977 464 3014 L.
493 2983 514 3014 ι.
541 2978 611 3015 sub
637 2979 816 3016 Alexand.
843 2981 906 3022 ΙΙΙ,
935 2986 1025 3027 part.
1056 2982 1087 3024 1,
1114 2991 1195 3028 cap.
1225 2958 1279 3018 i6.

246 3046 259 3066 ⁷
285 3046 335 3083 Cf.
362 3047 602 3085 D’ANNJBKLE
628 3059 686 3096 op.
712 3061 745 3087 c.
772 3061 855 3097 pag.
885 3051 963 3095 168,
991 3057 1066 3089 not.
1093 3053 1150 3089 25.
