2176 3386
805 186 933 215 mni-:n
963 187 986 215 1.
1022 186 1078 215 DE
1106 186 1301 216 cmmms
1891 176 1944 216 39

280 296 353 341 42.
389 299 534 342 Locus
566 308 656 354 quo
687 293 850 339 electio
883 294 1140 352 peragenda
1164 297 1232 338 est
1265 293 1435 339 decens
1457 306 1556 338 esse
1579 293 1731 348 debet,
1760 298 1944 353 tempus

163 392 275 424 vero
306 382 376 424 est
407 382 457 422 ut
489 377 691 422 diximus
723 376 844 421 intra
880 375 1110 421 trimestre
1142 390 1224 433 pro
1268 375 1471 420 ecclesiis
1515 375 1855 421 cathedralibus
1897 380 1944 420 et

159 461 460 521 regularibus,
493 461 614 521 quod
648 465 828 518 tempus
858 459 1101 504 decurrere
1144 459 1306 517 incipit
1347 474 1372 504 a
1411 459 1484 504 die
1526 460 1708 504 habitae
1750 459 1942 505 notitiae

156 546 260 591 sive
307 544 590 600 vacationis,
636 544 707 588 vel
745 558 771 588 a
810 543 881 587 die
924 541 1088 587 remoti
1130 540 1467 600 impedimenti,
1516 543 1589 586 vel
1635 541 1942 600 negligentiae

158 629 434 674 commissae
469 628 512 672 in
548 641 601 672 eo
635 626 933 680 removendo,
976 625 1119 669 veluti
1163 626 1200 669 si
1242 624 1463 670 Canonici
1507 625 1741 683 negligant
1789 629 1943 683 petere

156 711 498 757 absolutionem
532 724 556 755 3
589 709 809 755 censuris.
847 708 889 753 Si
925 709 1046 752 intra
1082 708 1338 766 praefixum
1374 713 1557 766 tempus
1586 709 1749 754 electio
1789 708 1942 753 locum

156 810 257 841 *non
293 794 519 848 1131100111,
555 792 717 838 electio
749 792 805 837 ad
837 791 1120 849 superiorem
1165 790 1430 835 devolvitur
1475 792 1551 850 qui
1593 790 1824 835 debuisset
1855 791 1942 835 010-

156 883 290 924 ctum
322 878 595 923 confirmare
632 877 662 930 ¹,
698 876 733 920 si
769 889 877 919 vero
911 874 1155 934 superioris
1188 873 1351 918 electio
1396 875 1532 918 fuerit
1567 874 1716 929 nulla,
1753 873 1822 918 ius
1866 873 1943 918 eli·

156 961 295 1020 gendi
329 961 383 1006 ad
417 961 638 1005 electores
671 958 934 1003 revertitur.

281 1044 353 1087 45.
391 1041 671 1101 capitulares
702 1041 756 1086 de
792 1054 983 1098 persona
1027 1039 1232 1097 eligenda
1278 1040 1528 1085 deliberare
1572 1045 1762 1099 possunt
1793 1040 1829 1085 si
1867 1054 1945 1084 ex-

152 1130 326 1169 tranea
360 1130 406 1169 et
443 1124 595 1182 ignota
630 1125 712 1181 sit3
750 1123 796 1168 in
831 1124 899 1168 his
923 1137 1033 1167 vero
1058 1122 1466 1168 deliberationibus
1488 1123 1840 1182 capitulationes
1865 1126 1943 1167 Ec-

152 1208 324 1252 ·clesiae
359 1209 492 1252 utiles
524 1208 581 1253 ab
613 1208 822 1266 eligendo
855 1208 1107 1252 servandas
1143 1210 1291 1253 facere
1328 1214 1532 1266 possunt.
1582 1208 1943 1266 Capitulationes

157 1296 316 1336 autem
352 1291 397 1335 in
435 1291 660 1336 Ecclesiae
694 1290 1024 1350 praeiudicium
1058 1295 1167 1335 sunt
1191 1294 1285 1348 ipso
1308 1294 1413 1335 iare
1446 1291 1598 1336 nullae
1622 1292 1820 1346 etiamsi,
1849 1292 1944 1335 fue·

163 1375 256 1419 rint
289 1374 549 1420 iuramento
584 1374 791 1420 firmatae
827 1375 858 1418 ².

281 1460 355 1503 44.
395 1458 564 1503 Electio
597 1458 643 1502 in
679 1458 836 1517 primis
869 1461 964 1503 11011
1002 1463 1150 1516 potest
1185 1473 1263 1516 per
1295 1458 1590 1515 scrutinium,
1627 1459 1743 1504 idest
1777 1474 1855 1518 per
1877 1473 1944 1504 se·

159 1549 338 1589 cretam
372 1545 691 1589 collectionem
725 1543 1061 1601 suffragiorum.
1103 1543 1166 1587 Ad
1201 1543 1313 1588 haec
1347 1544 1630 1601 Capitulares
1653 1548 1746 1588 tres
1769 1544 1944 1602 eligunt

161 1631 442 1672 scrutatores
475 1628 548 1672 vel
583 1629 818 1685 pauciores
862 1626 938 1686 qui
973 1626 1129 1671 iurant
1169 1626 1223 1670 de
1263 1641 1310 1670 re
1357 1626 1551 1671 fideliter
1602 1627 1775 1684 agenda
1812 1634 1858 1671 et
1889 1627 1944 1672 de

160 1716 338 1756 secreto
371 1711 614 1756 servando.
652 1710 872 1768 Suffragia
908 1725 986 1768 per
1018 1710 1207 1755 schedas
1241 1709 1483 1767 colligunt,
1519 1710 1778 1755 accedendo
1802 1711 1944 1755 etiam

151 1792 216 1837 -ad
252 1792 459 1837 infirmos
491 1793 527 1837 si
561 1792 638 1852 qui
671 1798 794 1837 sunt.
832 1793 873 1836 Si
908 1797 1016 1837 vota
1051 1792 1342 1851 recipiuntur
1385 1793 1441 1837 ad
1484 1806 1618 1837 aures
1665 1798 1945 1838 scrutatores

158 1880 268 1920 ante
301 1889 463 1920 omnes
497 1875 728 1934 proprium
763 1881 923 1921 votum
959 1876 1197 1931 emittunt,
1234 1888 1365 1920 secus
1397 1875 1536 1920 etiam
1563 1880 1663 1934 post
1685 1889 1847 1920 omnes
1870 1890 1943 1921 ca-

162 1959 388 2017 pitulares.
441 1959 558 2005 Hinc
590 1964 698 2004 vota
734 1959 1051 2018 publicantur,
1086 1974 1174 2020 qua
1210 1961 1328 2005 facta
1374 1959 1681 2018 publicatione
1717 1964 1824 2005 vota
1866 1975 1943 2005 va-

157 2042 267 2087 riari
304 2057 393 2088 non
430 2048 632 2101 possunt.
1716 2091 1719 2095 .

279 2126 352 2170 45.
400 2130 615 2172 Attamen
658 2126 865 2171 defectus
908 2132 1123 2171 votorum
1168 2126 1360 2172 alicuius
1405 2126 1632 2171 nominati
1673 2140 1752 2184 per
1796 2140 1943 2172 acces·

158 2222 263 2252 sum
297 2208 495 2267 suppleri
531 2214 693 2267 potest,
731 2223 896 2268 nempe
930 2210 966 2254 si
1001 2211 1078 2270 qui
1113 2210 1399 2255 contrarium
1436 2215 1595 2255 votum
1622 2211 1848 2258 dederunt
1869 2210 1944 2255 de·

155 2291 339 2335 ‘clarent
379 2305 426 2336 se
459 2292 676 2336 accedere
709 2292 756 2336 in
792 2297 952 2337 votum
988 2292 1167 2338 illorum
1202 2294 1278 2353 qui
1320 2296 1377 2338 ab
1421 2295 1521 2339 aliis
1567 2296 1741 2339 electus
1786 2294 1939 2338 fuerit,

163 2379 219 2421 At
251 2379 301 2419 ut
332 2379 403 2420 ius
436 2389 641 2420 accessus
672 2376 960 2432 admittatur,
997 2382 1177 2436 oportet
1201 2383 1251 2422 ut
1279 2382 1387 2423 vota
1423 2377 1468 2421 in
1497 2378 1724 2423 schedulis
1750 2377 1942 2423 subscri-

162 2459 250 2516 ptis
282 2461 338 2504 ab
369 2459 643 2504 electoribus
676 2460 781 2505 data
814 2461 923 2516 sint,
959 2461 1079 2520 quod
1113 2461 1168 2506 ad
1204 2462 1385 2507 fraudes
1405 2462 1749 2520 praecavendas
1772 2461 1941 2506 consti·

156 2545 314 2586 ‘tutum
348 2547 431 2587 est.
469 2547 519 2587 [n
552 2543 765 2588 omnibus
807 2543 1107 2590 electionibus
1152 2544 1285 2590 hodie
1327 2544 1585 2589 attenditur
1628 2546 1720 2590 sola
1760 2544 1942 2590 collatio

164 2624 344 2669 numeri
377 2625 434 2670 ad
467 2639 731 2682 numerum,
767 2631 812 2672 et
844 2627 917 2671 ille
951 2628 1124 2672 electus
1158 2627 1430 2686 intelligitur
1460 2629 1538 2688 qui
1580 2630 1764 2673 maioris
1804 2628 1943 2687 partis

154 2769 403 2813 constituanm
442 2770 515 2806 imo
542 2772 651 2807 etiam
680 2772 709 2807 si
738 2772 915 2809 maiorem
942 2782 1026 2809 cum
1054 2774 1228 2809 terminus
1258 2773 1302 2809 ad
1331 2773 1550 2809 electionem
1586 2774 1790 2810 faciendam
1818 2783 1838 2808 a
1867 2774 1942 2809 iure

158 2840 410 2886 ,praescriptus
439 2838 559 2878 instet.
587 2843 865 2879 Rmrsssswsst
893 2854 927 2879 n.
955 2843 1037 2880 200.

284 2911 292 2930 ¹
323 2912 408 2957 Cap.
434 2912 491 2955 41,
520 2913 555 2949 11.
583 2919 604 2950 t.
633 2915 669 2950 in
697 2915 740 2950 X.

284 2983 296 3001 ²
323 2983 359 3019 C.
387 2983 443 3028 27,
470 2985 513 3020 de
542 2985 693 3021 iureiur.
719 2991 754 3022 et
781 2995 860 3031 cap.
882 2987 911 3028 1,
939 2987 1019 3023 eod.
1041 2987 1077 3022 in
1095 2986 1127 3021 6.
1146 2987 1268 3022 Const.
1288 2986 1342 3023 Pii
1362 2986 1404 3029 V,
1425 2986 1522 3022 decr.
1541 2985 1655 3027 1570(
1671 2986 1837 3031 Gregorii
1864 2986 1943 3030 XII,

159 3054 258 3092 inter
285 3055 506 3101 apostolicas
535 3056 624 3093 1584.
651 3056 775 3093 Innoc.
805 3057 884 3100 Xll,
910 3058 1006 3094 Eccl.
1040 3057 1139 3094 1695.
1461 3056 1463 3059 ’
1545 3042 1547 3045 .
