2176 3386
218 161 297 204 128
858 170 968 200 PARS
997 171 1022 199 1.
1058 170 1113 199 DE
1141 170 1354 200 Pansoms

565 342 582 387 ξ
609 343 640 378 3.
667 361 712 368 —·
739 342 798 378 De
824 342 955 387 qunm
984 341 1343 377 ecclesiasticarum
1372 341 1670 378 collectionibus

473 424 574 460 qnae
600 413 699 449 iuris
717 413 902 449 canonic-i
928 424 1070 459 corpus
1097 414 1331 448 consecutae
1354 415 1446 448 sunt
1473 412 1551 455 (ius
1577 413 1746 455 noviss).

345 531 440 574 169.
482 534 584 574 Post
615 529 909 573 collectiones
941 527 1127 587 quaein
1154 528 1263 572 iuris
1285 528 1497 574 canonici
1531 543 1720 587 corpore
1757 530 1999 575 continen-

220 616 321 666 tur,
357 611 472 656 aliae
507 624 647 669 usque
681 610 735 654 ad
770 615 925 654 nostra
968 614 1175 668 tempora
1210 611 1359 655 factae
1402 615 1511 655 sunt
1546 611 1861 667 collectiones,
1898 617 1997 657 tum

221 709 277 738 er
309 694 568 738 canonibus
606 694 915 737 Concilioram
948 695 1030 751 qai
1059 696 1110 737 ‘in
1148 695 1345 750 Corpore
1368 697 1493 739 laris
1515 698 1775 740 communis
1809 710 1902 741 non
1924 712 1998 741 ea:-

222 782 357 827 tant,·
407 780 506 820 tum
554 790 609 820 ex
647 776 1050 818 Cofnstilationibas
1104 777 1405 820 Sammoram
1464 778 1740 836 Pontificum
1789 785 1885 835 post
1934 781 1998 823 Se·-

219 864 351 902 xtam
390 860 453 899 IV
480 858 639 911 editis;
693 862 788 901 tum
823 872 879 901 ex
918 858 1222 902 decisionibus
1252 873 1504 904 sacrarum
1545 862 1996 918 Conyreyationum;

220 947 318 986 tum
365 956 419 986 ex
452 942 642 997 Reqalis
679 941 1016 986 Cancellariae.
1067 945 1115 985 In
1153 941 1310 999 primis
1343 947 1412 987 est
1455 943 1655 988 notanda
1694 945 1892 990 collectio
1924 958 1999 991 ca·

220 1037 400 1066 nonam
440 1024 630 1067 Concilii
665 1023 933 1067 Tridentini
964 1037 1074 1067 ann.
1115 1024 1226 1068 1562
1259 1027 1342 1068 sub
1387 1025 1461 1068 Pio
1509 1028 1565 1070 IV
1602 1030 1728 1070 Pont.
1773 1026 1850 1085 qui
1898 1032 1999 1072 acta

221 1105 397 1163 integra
432 1105 728 1151 confirmavit
762 1107 884 1150 Bulla
921 1125 939 1146 a
971 1107 1243 1150 Benedicta-s
1287 1109 1409 1151 Deus
1439 1126 1476 1151 υ.
1538 1111 1628 1152 [am
1678 1108 1998 1154 collectionem

220 1203 453 1233 canonum
488 1188 795 1233 Conciliorum
829 1203 882 1233 ac
919 1189 1223 1241 Decretalium
1260 1190 1532 1235 Pontificum
1567 1191 1769 1248 Gregorii
1801 1196 1898 1237 xm
1932 1193 1979 1237 in

222 1272 388 1330 coepit,
426 1277 472 1317 at
507 1277 653 1317 morte
686 1276 923 1331 correptus
956 1286 1068 1331 opus
1091 1287 1183 1317 non
1219 1273 1431 1318 absolvit.
1473 1274 1638 1318 Eadem
1673 1275 1728 1338 de
1761 1288 1896 1320 causa
1936 1276 1999 1320 Si-

223 1361 330 1400 xtus
365 1360 400 1399 V
433 1370 546 1413 opus
589 1356 910 1414 imperfectum
947 1356 1154 1415 reliquit,
1190 1357 1310 1415 quod
1343 1357 1398 1401 ad
1443 1357 1581 1402 linem
1627 1358 1875 1403 deductum
1914 1360 2000 1403 suit

224 1454 249 1484 a
282 1442 516 1486 Clemente
552 1444 665 1493 vul,
701 1440 777 1499 qui
811 1440 852 1484 ei
895 1440 1080 1484 titulum
1124 1440 1357 1498 imposuit3
1401 1444 1646 1498 septimum
1690 1443 1998 1487 Decretaliam

227 1525 467 1568 Clementis
503 1526 619 1568 VJJI.
660 1526 827 1567 Verum
863 1523 975 1568 haec
1008 1522 1217 1567 collectio
1254 1544 1272 1563 α
1303 1526 1435 1568 miris
1466 1525 1740 1569 elucubrata
1769 1525 2000 1569 laboribus

223 1613 262 1650 et
294 1606 481 1663 cepistis,
518 1613 559 1650 et
595 1606 888 1662 Praesalam,
933 1608 1316 1665 Gymnas‘ioraQ
1354 1609 1576 1665 totiusque
1618 1607 1843 1652 Ecclesiae
1883 1610 1998 1651 voci-

196 1689 301 1732 'bas
333 1690 594 1747 esllayz'lala
621 1706 639 1727 n
670 1689 712 1744 ²,
745 1701 984 1747 suppressa
1010 1688 1097 1732 fuit
1119 1702 1243 1733 anno
1279 1689 1406 1733 1590.
1448 1693 1604 1733 Petrus
1638 1689 1899 1734 Matthaeus
1934 1694 1999 1734 [u-

221 1771 520 1816 risconsultus
555 1770 868 1829 Lugdunensis
902 1785 1073 1816 novam
1109 1772 1217 1816 fecit
1250 1771 1568 1817 collectionem
1607 1786 1665 1816 ex
1698 1770 2000 1816 decretalibus

219 1868 243 1898 a
280 1854 406 1898 Sixto
437 1858 491 1898 IV
528 1854 581 1898 ad
617 1854 795 1898 Sixtum
833 1857 883 1898 V.
921 1859 1046 1908 Quae
1080 1854 1289 1899 collectio
1321 1857 1541 1911 septimus
1573 1841 1876 1899 decretaliam
1923 1868 1999 1898 vo·

219 1943 320 1983 cata
355 1943 437 1982 est.
477 1941 533 1982 At
567 1938 753 1982 'nullam
786 1936 1113 1982 auctoritatem
1147 1939 1472 1989 extrinsecam,
1527 1951 1715 1995 parvam
1751 1936 1891 1981 etiam
1929 1939 2000 1981 in-

219 2025 491 2076 trinsecam,
528 2035 634 2065 cum
669 2020 873 2079 pluribus
908 2021 1034 2065 vitiis
1067 2025 1259 2075 scateat,
1306 2021 1457 2065 habet.
1507 2025 1619 2065 Item
1664 2021 1749 2064 sul)
1789 2020 2001 2078 auspiciis

221 2104 334 2149 Sixti
369 2107 404 2147 V
441 2103 645 2148 Laertius
687 2103 973 2148 Cllerubinus
1010 2107 1241 2148 Romanus
1276 2103 1383 2147 iecit
1420 2103 1738 2148 collectionem
1778 2102 1999 2147 constitu-

218 2188 399 2232 tionum
438 2191 485 2231 R.
525 2186 817 2231 Pontificum.
857 2191 1014 2231 Postea
1050 2201 1220 2231 novam
1258 2172 1507 2231 editionem
1555 2185 1758 2231 Laertius
1799 2185 1997 2240 curavit,

219 2284 375 2329 quam,
397 2283 450 2313 eo
471 2274 667 2324 mortu0‚
704 2270 896 2327 perfecit
914 2269 1013 2313 eius
1031 2269 1150 2313 filius
1177 2269 1429 2314 Monachus
1446 2268 1745 2324 Cassinensis‚
1780 2269 1856 2327 qui
1882 2269 2000 2312 hanc
2025 2285 2032 2292 ·

220 2351 539 2397 collectionem
573 2352 656 2396 sub
690 2352 878 2396 nomine
912 2351 1095 2396 Bullarii
1121 2352 1274 2409 magni
1298 2351 1440 2396 edidit
1461 2365 1585 2396 anno
1613 2351 1740 2396 1658.
1791 2354 2001 2405 Quataor

222 2434 534 2479 voluminibus
566 2448 679 2492 opus
709 2439 909 2490 constat,
945 2435 1110 2494 quibus
1143 2434 1337 2479 accessit
1368 2437 1585 2493 quintam
1620 2435 1838 2479 volumen
1862 2446 1999 2491 opera

218 2601 391 2638 dicuntur
417 2602 584 2638 rubricae
609 2602 878 2647 praeceptivae;
906 2611 1013 2637 secus
1038 2612 1110 2637 non
1136 2602 1387 2647 praeceptivae
1414 2600 1469 2637 vel
1500 2601 1750 2638 declarativae.
1790 2601 1999 2636 summaria

220 2675 305 2708 sunt
337 2671 466 2707 breves
494 2671 632 2717 periodi
660 2671 795 2717 quibus
823 2672 1066 2708 summarium
1097 2671 1300 2715 decretalis,
1329 2677 1391 2708 aut
1417 2671 1572 2708 canonis
1597 2671 1805 2707 exhibetur.
1840 2670 2001 2707 Maximo

219 2742 401 2789 inpretio
429 2742 600 2778 habenda
626 2746 708 2779 sunt
735 2747 771 2779 at
797 2743 871 2778 vim
898 2742 991 2788 legis
1017 2752 1094 2778 non
1120 2743 1268 2787 habent,
1295 2752 1380 2779 cum
1411 2752 1430 2778 a
1465 2742 1616 2788 privatis
1643 2742 1887 2788 scriptoribus
1913 2751 2002 2778 con-

218 2811 312 2847 fecta
331 2811 416 2848 sint.
447 2811 594 2848 Glossae
620 2816 705 2848 sunt
731 2811 970 2848 decretalium
996 2817 1032 2848 et
1058 2821 1244 2848 canonum
1274 2813 1543 2848 commentaria.
1572 2812 1816 2857 Exponuntur
1839 2811 1886 2848 ad
1912 2820 2004 2847 mar-

217 2882 342 2928 ginem
371 2887 494 2919 textus
520 2883 557 2918 in
583 2892 735 2928 corpore
757 2883 857 2920 iuris.
883 2883 967 2919 Non
986 2883 1124 2919 habent
1149 2884 1220 2918 nisi
1239 2883 1495 2920 auctoritatem
1522 2882 1620 2920 illius
1646 2881 1954 2920 commentatoris
1981 2891 2003 2917 a

218 2963 293 3000 quo
319 2959 490 2991 exaratae
517 2958 602 2991 sunt
619 2964 662 2991 ac
689 2955 874 2991 rationum
900 2955 1036 3001 quibus
1065 2955 1280 2991 innituntur.

340 3026 350 3046 ¹
379 3026 430 3063 Cf.
460 3026 577 3064 FAGN.
597 3027 635 3062 in
661 3037 691 3063 c.
718 3037 801 3062 eam
826 3027 1060 3063 venissent.....
1088 3026 1134 3063 de
1163 3026 1237 3063 iud.

2159 1404 2176 1434 ιζ
2166 1252 2176 1379 nnn—.-
2160 1059 2176 1238 d—h'nn-
2157 1001 2176 1045 ω”ι
2170 959 2176 967 .

2164 1881 2166 1883 ’
2166 1835 2176 1845 ι
2167 1802 2176 1820 .o
2158 1450 2176 1782 flffl⁴ss*d'-—.n.ffsslkxnn
