2176 3386
196 200 222 239 6
838 211 947 240 PARS
976 212 999 239 1.
1036 212 1092 240 DE
1122 211 1334 241 pensoms

199 317 429 376 pertineat
461 316 571 361 iuris
602 316 898 375 dispositione
926 320 974 360 R.
1002 316 1273 362 Pontificem
1307 316 1499 375 eligere;
1524 317 1572 362 in
1606 317 1671 363 2.*
1691 332 1780 378 quo
1803 318 1902 364 iure
1930 319 1974 364 hi

199 401 252 446 ad
287 399 561 445 electionem
595 400 860 458 procedant.

323 485 389 528 10.
430 487 532 528 Post
556 487 601 527 B.
631 486 811 527 Petrum
837 484 893 526 ab
916 482 1010 541 ipso
1028 482 1204 528 Christo
1232 483 1425 529 Domino
1449 485 1649 529 electum
1684 498 1777 529 non
1800 497 1980 542 semper

203 567 289 611 suit
313 566 356 610 in
396 566 592 611 Ecclesia
625 567 786 610 eadem
819 564 1074 623 disciplina.
1101 593 1157 598 —
1184 565 1385 611 Sufficiat
1416 570 1741 625 argumentum
1766 566 1980 612 historice

201 649 366 694 leviter
399 654 600 706 tangere.

323 732 586 791 Antiquitus
633 746 776 791 usque
824 733 877 776 ad
922 734 946 777 ὅ
991 733 1224 778 saeculum
1272 735 1372 791 (467
1413 748 1503 794 quo
1546 733 1802 791 Simplicius
1847 737 1976 778 Pont.

202 816 374 860 electus
397 819 500 872 est),
527 820 766 874 praesente
799 831 852 860 ac
894 817 1214 861 testimonium
1254 818 1437 862 dicente
1474 818 1652 876 populo,
1687 822 1786 861 tum
1827 814 1980 861 clerici

138 884 144 890 ⁵
202 899 433 955 suffragio,
470 905 569 943 tum
607 898 929 957 Episcoporum
971 900 1138 944 iudicio
1173 903 1223 944 R.
1275 900 1517 945 Pontifices
1549 901 1682 946 electi
1721 904 1843 945 sunt.
1896 902 1979 944 Va-

203 987 337 1025 cante
370 987 525 1026 autem
562 986 768 1026 Romana
803 982 930 1037 Sede,
971 987 1202 1027 Romanus
1235 983 1383 1028 clerus
1415 984 1461 1027 in
1508 983 1794 1041 gravioribus
1841 981 1981 1026 totius

207 1065 430 1109 Ecclesiae
464 1065 659 1122 negotiis
692 1065 1031 1110 consulebatur.

329 1149 392 1191 ll.
431 1152 534 1192 Post
567 1148 801 1192 saeculum
836 1148 860 1191 5
885 1151 930 1191 et
957 1152 1272 1206 imperatores,
1313 1150 1518 1194 maxima
1545 1154 1705 1194 contra
1734 1147 1979 1193 Ecclesiam

205 1230 388 1287 iniuria,
425 1232 507 1276 sibi
545 1232 612 1276 ius
637 1232 706 1276 vel
730 1231 1096 1277 confirmationis
1132 1233 1203 1277 vel
1239 1233 1379 1278 etiam
1419 1233 1658 1278 electionis
1689 1236 1978 1290 arrogarunt.

205 1318 268 1359 lta
304 1329 347 1359 v.
385 1331 449 1373 gr.
486 1317 691 1361 odoacer
737 1331 817 1361 rex
860 1317 1133 1362 Herulorum
1173 1317 1268 1374 qui,
1319 1317 1565 1375 Augustolo
1597 1316 1779 1361 dexicto
1811 1328 1863 1360 ac
1900 1318 1982 1376 Ros

205 1413 342 1443 mano
377 1401 572 1457 Imperio
605 1401 877 1445 occidentali
912 1402 1126 1459 collapso,
1177 1400 1302 1445 ltalia
1338 1400 1508 1459 potitus
1553 1402 1718 1455 fuerat,
1775 1402 1982 1443 Romano

198 1472 423 1528 'pontifice
458 1484 687 1542 Simplicio
720 1485 978 1539 demortuo,
1016 1484 1147 1529 iussit
1179 1489 1228 1528 ut
1263 1497 1413 1529 novus
1448 1498 1540 1528 non
1584 1482 1827 1541 eligeretur
1867 1485 1981 1526 Pon-

206 1566 318 1611 tifex
353 1567 466 1612 cilra
501 1568 598 1612 eius
631 1581 909 1613 consensum
948 1570 975 1612 ².

327 1655 388 1695 lta
423 1652 728 1698 Theodoricus
761 1653 1015 1698 Gothorum
1051 1667 1131 1697 rex
1165 1653 1384 1697 Odoacris
1407 1651 1557 1696 victor
1579 1655 1624 1695 et
1647 1663 1881 1695 successor
1898 1648 1980 1694 sibi

205 1733 443 1780 electionis
479 1739 526 1780 R.
567 1735 798 1780 Pontilicis
832 1736 900 1780 ius
933 1737 1181 1794 arrogavit.

325 1823 420 1863 Imo
453 1819 547 1877 ipse
584 1819 862 1865 Iustinianus
895 1819 1054 1865 Gothis
1087 1820 1143 1864 ab
1177 1819 1305 1864 ltalia
1340 1819 1493 1876 pulsis,
1529 1831 1634 1862 cum
1680 1821 1820 1861 Roma
1870 1814 1982 1874 poti-

206 1905 347 1956 retur,
374 1901 443 1946 ius
461 1903 765 1947 confirmandi
789 1903 1063 1947 electionem
1091 1907 1140 1947 R.
1165 1902 1396 1947 Pontilicis
1419 1901 1501 1946 sibi
1525 1900 1772 1958 arrogavit.
1812 1902 1981 1943 Verum

207 1986 256 2027 R.
295 1986 537 2031 Pontifices
559 2001 611 2031 ac
634 1988 783 2032 clerus
815 1991 1099 2047 senatusque
1137 1992 1368 2031 Romanus
1414 1983 1766 2044 imperatoribus
1804 1982 1983 2027 fortiter

205 2068 496 2114 obstiterunt.
535 2070 652 2115 Hinc
686 2071 991 2129 Symmachus
1014 2068 1233 2128 Simplicii
1259 2054 1757 2113 Pontiticis⁰successor
1789 2067 1835 2110 in
1869 2069 1982 2111 Con-

205 2150 320 2195 ciliis
354 2157 524 2198 Romae
558 2153 723 2198 habitis
757 2156 847 2211 (an.
884 2155 986 2210 499)
1013 2153 1231 2198 odoacris
1263 2153 1407 2209 legem
1442 2151 1614 2195 aboluit
1646 2155 1692 2194 et
1723 2147 1979 2193 damnavit.

204 2236 371 2280 Contra
417 2237 748 2281 'theodoricum
796 2237 852 2282 ad
895 2236 1068 2281 maiora
1114 2235 1231 2280 mala
1267 2234 1456 2279 vitanda
1497 2237 1722 2278 statutum
1756 2236 1824 2277 est
1864 2231 1984 2274 inter

206 2323 357 2375 partes
389 2321 507 2379 quod
543 2325 639 2364 Rex
674 2320 770 2364 iure
793 2319 1159 2365 confirmationis
1192 2322 1448 2363 contentus
1480 2321 1614 2361 esset.

328 2407 430 2448 Post
470 2407 627 2447 autem
676 2403 979 2448 Iustinianum
1021 2402 1309 2447 necessitatis
1357 2415 1493 2446 causa
1545 2401 1601 2444 ad
1648 2399 1820 2444 maiora
1864 2396 1981 2441 mala

204 2487 475 2542 avertenda,
510 2499 779 2531 concessum
803 2491 872 2531 est
893 2487 1063 2545 absque
1086 2485 1309 2530 simoniae
1332 2486 1430 2530 labe
1455 2489 1500 2528 et
1522 2484 1578 2528 ad
1600 2482 1819 2526 iniustam
1844 2493 1982 2526 vexa-

204 2568 379 2613 tionem
414 2570 729 2614 redimendam
764 2574 815 2614 ut
848 2569 1060 2614 Pontifex
1095 2569 1280 2614 noviter
1304 2568 1476 2613 electus
1501 2579 1731 2611 summam
1761 2563 1983 2623 pecuniae

203 2656 379 2696 certam
415 2653 769 2711 imperatoribus
801 2653 1016 2697 solveret.
1063 2653 1192 2705 Quod
1235 2650 1501 2709 perduravit
1540 2649 1811 2709 usquedum,
1847 2646 1984 2692 Gallis

204 2735 415 2792 devictis,
454 2740 596 2781 Roma
629 2735 803 2794 graecis
839 2736 1194 2794 tmperatoribus
1226 2736 1431 2780 subiecta
1466 2739 1549 2779 est.

330 2821 393 2865 12.
432 2823 557 2865 Tunc
574 2821 699 2864 enim
719 2819 1049 2864 Constantinus
1068 2822 1327 2876 Pogonatus
1343 2831 1419 2862 an.
1446 2817 1531 2862 668
1554 2816 1607 2861 ad
1631 2816 1848 2860 thronum
1870 2818 1983 2860 Con-

204 2903 669 2963 stantinopolitanum
699 2908 905 2958 evectus,
939 2901 1179 2960 pristinam
1214 2901 1433 2946 ecclesiae
1469 2900 1726 2945 libertatem
1766 2897 1982 2952 restituit,

327 3088 334 3105 ¹
364 3087 554 3124 Banoxms
579 3086 625 3123 ad
653 3096 708 3122 an.
736 3084 816 3120 485.
843 3103 864 3110 -
883 3084 932 3120 Cf.
963 3083 1168 3120 Vecchiolti
1196 3083 1284 3120 lust.
