2176 3386
345 147 445 191 649.
483 147 640 200 Quoad
675 146 940 192 ministrum
974 147 1396 194 extraordinarium
1438 150 1804 198 confirmationis
1845 125 2026 200 notan--

221 230 329 274 dum
363 234 434 274 est
473 229 521 274 in
555 231 716 287 primis
750 230 924 276 nemini
960 230 1236 277 charactere
1259 233 1503 292 episcopali
1537 248 1630 279 non
1664 235 1898 294 insignito,
1937 237 2006 282 tel

221 312 293 356 cui
344 312 457 358 alias
502 326 612 358 usus
661 313 991 372 pontificalium
1039 328 1095 359 ex
1132 329 1242 360 vero
1288 315 1584 377 legitimoque
1632 318 1869 376 privilegio
1915 333 2008 364 non

221 396 460 454 competit,
499 398 567 441 fas
599 410 695 442 esse
729 397 775 441 in
811 398 1054 443 collatione
1088 399 1350 444 chrismatis
1373 400 1588 445 adbibere
1621 402 1900 459 rochettum,
1926 403 2010 447 mi-

228 485 366 535 tram,
401 481 616 526 baculum
652 482 895 540 pastorale,
931 484 1156 527 annulum
1193 483 1265 527 vel
1299 498 1484 528 crucem
1521 486 1815 543 pectoralem.

345 568 560 610 Ceterum
597 565 829 620 Sacerdos,
869 565 941 610 cui
977 567 1171 611 facultas
1203 567 1316 612 haec
1351 568 1488 612 fuerit
1521 582 1755 624 concessa,
1782 569 1827 613 iu
1854 569 2012 626 primis

226 650 358 691 curet
390 647 509 705 apud
542 660 588 691 se
623 647 790 691 habere
824 648 1022 692 chrisma
1058 663 1137 706 per
1170 650 1448 695 catholicum
1483 651 1750 696 Antistitem
1799 665 1902 696 cum
1938 667 2011 698 ea-

224 731 327 775 dem
363 734 529 775 Sancta
564 731 675 776 Sede
710 731 1036 776 comunionem
1075 733 1320 777 habentem
1356 735 1645 791 consectum,
1680 748 1733 779 ac
1771 735 1887 779 sciat
1929 736 2011 780 sibi

226 827 482 873 numquam
519 813 656 858 licere
689 814 787 858 sine
822 828 875 858 eo
910 815 1317 861 Confirmationcm
1346 816 1687 873 administrare,
1725 820 1796 863 xel
1831 818 1936 863 illud
1957 819 2014 864 ab

228 898 459 957 Episcopis
493 897 736 942 haereticis
769 903 848 942 aut
880 898 1186 944 schismaticis
1220 900 1440 960 recipere.

349 981 703 1026 Animadvertat
738 982 939 1039 iusuper,
965 997 1074 1026 num
1103 983 1146 1026 in
1174 984 1391 1028 facultate
1425 984 1507 1028 sibi
1542 986 1599 1030 ab
1622 985 1878 1043 Apostolica
1903 986 2013 1031 Sede

228 1064 460 1123 impertita
495 1064 582 1109 alia
617 1064 758 1108 etiam
795 1064 986 1109 facultas
1020 1080 1232 1123 expressa
1269 1068 1468 1124 legatur,
1506 1067 1662 1112 utendi
1698 1068 1872 1113 scilicet
1895 1071 2012 1115 chri-

227 1152 374 1193 smate
408 1153 515 1193 ante
550 1163 725 1192 annum
778 1148 1042 1206 benedictog
1095 1149 1207 1194 alias
1239 1165 1292 1194 eo
1326 1165 1416 1194 uon
1453 1155 1641 1207 utatur,
1680 1152 1764 1196 nisi
1816 1154 1931 1198 forte
1965 1154 2010 1199 in

231 1245 339 1275 casu
374 1231 680 1286 necessitatis,
717 1245 821 1275 cum
857 1247 881 1276 a
916 1232 1056 1276 sacris
1089 1233 1343 1278 canonibus
1378 1234 1419 1278 id
1456 1235 1732 1294 prohibitum
1768 1237 1842 1281 sit.

349 1317 448 1361 650.
487 1317 710 1369 Quamvis
752 1316 877 1360 omni
924 1321 1128 1374 tempore
1161 1317 1471 1362 administrari
1508 1320 1660 1363 valeat
1698 1318 2011 1377 Confirmatio,

229 1413 485 1457 congruum
525 1404 677 1444 tamen
713 1404 804 1455 est,
841 1404 891 1443 ut
924 1400 1166 1458 praecipue
1211 1400 1253 1444 in
1289 1401 1572 1446 hebdomada
1615 1405 1933 1458 l'entecostes,
1969 1408 2015 1448 et

230 1484 351 1528 circa
388 1485 545 1528 boram
584 1483 784 1539 tertiam,
822 1483 865 1527 in
902 1498 989 1543 qua
1025 1484 1216 1542 Spiritus
1250 1486 1444 1529 Sanctus
1476 1485 1659 1543 illapsus
1681 1489 1751 1530 est
1774 1487 2013 1544 Apostolis,

233 1569 513 1614 conferatur.

352 1652 452 1696 651.
494 1651 683 1696 Nonnisi
708 1651 923 1709 baptizati
949 1651 1252 1695 confirmandi
1287 1656 1411 1696 sunt.
1448 1652 1575 1705 Quod
1599 1652 1652 1697 ad
1678 1658 1877 1698 aetatem
1907 1668 2015 1697 cou-

234 1735 567 1780 firmandorum
600 1735 784 1790 attinet,
813 1749 918 1793 prae
952 1734 1096 1778 oculis
1119 1734 1379 1779 habendum
1408 1740 1478 1779 est
1511 1735 1784 1781 Catechismi
1823 1736 2015 1781 Romani

234 1818 462 1862 monitum
500 1819 560 1862 ita
596 1831 643 1862 se
677 1818 871 1862 babens:
923 1837 941 1858 u
970 1818 1079 1862 Illud
1115 1818 1454 1863 observandum
1489 1822 1559 1862 est
1590 1818 1804 1864 omnibus
1833 1819 2016 1878 quidem
2081 1814 2083 1817 ’

236 1922 254 1943 a
285 1907 383 1960 post
420 1904 719 1960 Baptismum,
747 1901 1119 1947 Confirmationis
1152 1905 1502 1947 Sacramentum
1533 1917 1661 1960 posse
1683 1903 2014 1959 administrari,

238 2006 256 2025 α
283 1986 361 2030 sed
397 1985 550 2030 minus
584 1989 739 2030 tamen
789 1985 1004 2044 expedire
1039 1985 1124 2030 hoc
1158 1984 1287 2041 lieri,
1323 1990 1571 2045 antequam
1614 1986 1740 2045 pueri
1780 1999 1912 2030 usum
1949 2000 2017 2030 ra·

238 2068 425 2112 ationis
473 2067 734 2112 habuerint.
787 2071 935 2120 Quare
970 2066 1004 2111 si
1039 2067 1335 2112 duodecimus
1379 2082 1529 2112 annus
1577 2066 1891 2126 expectandus
1928 2083 2016 2113 uon

239 2171 258 2190 a
288 2150 530 2206 rideatur,
568 2164 709 2210 usque
756 2151 811 2195 ad
852 2149 1100 2208 septimum
1151 2154 1274 2195 certe
1318 2150 1405 2195 hoc
1438 2153 1786 2195 Sacran'ientum
1837 2150 2018 2195 differre

240 2255 258 2274 a
288 2235 491 2278 maxime
526 2235 750 2279 convenit
777 2253 813 2278 v.
866 2234 993 2300 Quod
1027 2247 1138 2278 sane
1174 2233 1403 2278 monitum
1439 2233 1484 2277 in
1522 2233 1671 2291 pueris
1705 2234 2018 2278 benevalenti-

237 2316 321 2360 bus
354 2317 504 2360 locum
541 2317 693 2362 babet.
746 2320 862 2361 Nam
896 2317 930 2360 si
965 2320 1127 2373 agatur
1159 2318 1213 2360 de
1247 2330 1317 2370 eo,
1352 2315 1429 2375 qui
1471 2316 1598 2373 gravi
1635 2315 1792 2360 morbo
1826 2315 2016 2370 laboret,

237 2414 295 2443 ex
327 2414 418 2460 quo
451 2400 720 2444 decessurus
754 2400 1092 2458 praevideatur,
1130 2413 1221 2443 non
1245 2400 1391 2445 solum
1428 2398 1707 2457 prohibitum
1742 2412 1835 2442 non
1865 2403 1934 2442 est
1956 2397 2019 2442 illi

237 2489 346 2529 ante
379 2484 674 2543 septennium
719 2497 900 2528 sacrum
935 2482 1134 2527 chrisma
1167 2481 1523 2537 administrare,
1558 2482 1636 2526 sed
1676 2481 1861 2539 expedit
1893 2486 1944 2525 ut
1976 2481 2018 2526 id

239 2556 492 2625 fiat,'unde
525 2583 582 2612 ex
617 2569 702 2612 hac
736 2567 833 2612 vita
866 2566 1128 2624 demigrans
1160 2565 1382 2610 maiorem
1417 2565 1635 2624 gloriam,
1671 2565 1800 2633 iuxta
1836 2567 1877 2610 S.
1906 2565 2019 2610 Tho-

240 2667 341 2698 mae
374 2652 656 2708 doctrinam,
692 2653 737 2696 in
773 2651 909 2696 caelis
942 2654 1267 2709 consequatur.
1321 2649 1444 2695 Aliae
1479 2649 1665 2708 insuper
1698 2648 1827 2693 iuxta
1863 2648 2019 2706 proba·

238 2741 335 2781 tam
372 2736 568 2795 plurium
604 2736 933 2793 'theologorum
967 2734 1247 2778 sententiam
1291 2746 1388 2778 esse
1422 2737 1612 2791 possunt
1651 2731 1880 2790 legitimae
1914 2745 2019 2775 cau-

239 2833 314 2864 sae
362 2818 685 2864 antevertendi
729 2817 1022 2876 septennium
1064 2816 1107 2860 in
1158 2816 1402 2860 collatione
1449 2814 1584 2859 huius
1627 2812 1939 2870 Sam-amenti,
1975 2817 2022 2858 et

241 2903 510 2961 praesertim
533 2901 567 2947 si
594 2901 888 2960 praevidetur
920 2901 1073 2944 futura
1107 2898 1286 2944 diutina
1319 2898 1526 2943 absentia
1563 2897 1785 2956 Episcopi,
1810 2897 1885 2941 vel
1917 2898 2020 2940 Pre-
