2176 3386
229 210 310 252 450
713 252 715 254 ,
871 221 980 250 PARS
1009 222 1032 250 1.
1073 222 1129 250 DE
1158 221 1366 251 pensoms

231 326 448 373 neiicium
484 326 557 372 vel
591 327 919 386 patrimonium
953 327 1183 373 sufficiens
1218 342 1308 373 non
1344 326 1638 386 possideant?
1662 346 1682 368 n
1719 330 1816 374 Sac.
1844 331 2006 387 Congr.

234 415 318 456 EE.
343 414 391 456 et
416 414 504 456 RR.
531 410 603 455 die
629 411 680 455 17
703 410 830 455 Febr.
862 411 973 455 1785
1008 411 1267 468 respondit:
1305 411 1542 470 Negative.
1571 411 1650 457 Die
1672 415 1828 456 autem
1852 412 1878 457 6
1904 412 2013 458 Maii

234 494 347 540 1864
379 493 611 553 rescripsit
642 493 789 554 quoad
823 493 1105 539 dimissorias
1137 494 1471 539 observandam
1506 508 1603 540 esse
1626 494 2014 541 constitutionem

230 579 303 624 fei,
342 593 431 624 rec.
469 577 727 623 innocentii
764 582 840 624 XII
876 579 1208 635 Speculatores
1263 579 1479 622 Attamen
1513 578 1774 636 Superiores
1811 578 2015 624 Instituti

230 662 442 706 alumnos
474 660 708 706 ordinatos
742 661 925 706 mittere
973 665 1192 719 poterunt
1224 660 1270 705 in
1305 660 1439 706 aliam
1474 661 1717 707 dioecesim
1761 662 1930 722 absque
1962 663 2015 707 li-

231 746 383 790 centia
417 747 497 790 aut
529 743 691 789 notitia
727 744 932 803 Episcopi
967 744 1239 790 ordinantis.
1279 745 1379 789 Sac.
1416 747 1577 802 Congr.
1617 748 1699 790 EE.
1734 749 1781 790 et
1815 749 1904 791 RR.
1931 745 2012 791 cit.

233 826 364 871 resol.

987 996 1166 1040 CAPUT
1200 997 1252 1039 ΙΙ.

647 1125 707 1160 DE
740 1123 1187 1161 CONGREGATIONUM
1221 1124 1598 1161 ADPROBATIONE.

353 1241 453 1286 587.
491 1241 645 1294 Quoad
681 1241 1060 1299 approbationem
1097 1240 1285 1284 istarum
1312 1242 1723 1300 Congregationum
1761 1232 2016 1288 notandum

233 1329 318 1380 est,
350 1325 468 1384 quod
502 1329 553 1368 ut
586 1323 832 1382 plurimum
869 1337 1026 1382 preces
1049 1338 1127 1382 pro
1162 1323 1419 1369 huiusmodi
1446 1324 1765 1370 institutorum
1799 1326 2018 1384 approba-

233 1407 359 1452 tione
383 1406 658 1452 coniunctae
692 1411 800 1450 sunt
820 1420 872 1450 ac
898 1406 991 1464 pari
1028 1419 1159 1464 passu
1195 1407 1448 1466 procedunt
1480 1421 1584 1452 cum
1620 1408 1828 1466 precibus
1853 1409 2021 1468 quibus

234 1491 619 1536 constitutionum
654 1488 943 1534 confirmatio
977 1490 1241 1549 exposcitur
1268 1491 1295 1535 ¹.

356 1580 492 1621 Porro
525 1575 560 1620 si
595 1587 745 1619 sermo
792 1574 851 1618 sit
883 1573 937 1618 de
976 1573 1204 1618 institutis
1253 1588 1376 1618 mere
1424 1573 1721 1630 dioecesanis,
1760 1576 2014 1633 Apostolica

235 1659 370 1705 Sedes
408 1673 499 1703 non
534 1659 647 1702 solet
680 1671 731 1702 ea
767 1671 1018 1716 eorumque
1051 1656 1410 1701 constitutiones
1452 1657 1658 1714 probare,
1693 1658 1771 1702 sed
1812 1658 2019 1716 probatio

239 1743 455 1802 Episcopo
503 1740 791 1800 relinquitur.
829 1739 957 1794 Quod
990 1740 1024 1784 si
1058 1744 1221 1797 agatur
1257 1739 1312 1784 de
1352 1739 1576 1784 Institutis
1623 1754 1739 1799 quae
1783 1741 1928 1785 veiint
1969 1740 2014 1785 in

236 1826 334 1872 aliis
366 1826 649 1870 dioecesibus
680 1820 834 1870 sedem
870 1824 1023 1881 figere,
1059 1823 1179 1883 quod
1214 1823 1258 1867 in
1294 1822 1404 1869 locis
1438 1823 1708 1868 missionum
1752 1825 2020 1881 frequenter

236 1910 417 1965 accidit,
454 1909 594 1954 etiam
630 1908 860 1967 praedicta
895 1908 1109 1952 Instituta
1152 1907 1322 1952 debent
1353 1907 1407 1951 ad
1441 1906 1816 1965 approbationem
1860 1920 2017 1951 conse-

236 1994 465 2054 quendam
501 2006 735 2037 recurrere
767 1991 822 2035 ad
847 1994 1030 2035 Sacram
1065 1991 1474 2048 Congregationem
1499 1989 1593 2034 Fid.
1626 1994 1775 2048 Prop.,
1801 1989 1834 2034 si
1869 1989 2020 2048 agitur

237 2078 290 2122 de
327 2076 551 2122 Institutis
583 2075 628 2120 in
665 2075 773 2120 iocis
807 2074 1078 2119 missionum
1129 2075 1295 2119 erectis
1326 2079 1406 2119 aut
1452 2073 1591 2119 etiam
1626 2073 1731 2119 alibi
1780 2074 2019 2119 existenti-

236 2161 344 2216 bus,
381 2160 457 2204 sed
501 2159 554 2204 ad
593 2157 831 2204 Missiones
881 2157 1147 2214 destinatis;
1185 2158 1254 2202 sin
1304 2160 1485 2213 autem,
1521 2157 1575 2201 ad
1608 2156 2017 2215 congregationem

241 2247 324 2288 EE.
360 2246 407 2288 et
439 2246 528 2288 ΒΗ.

357 2331 568 2372 lamvero
601 2327 657 2370 ad
690 2325 1067 2383 approbationem
1103 2325 1474 2383 consequendam
1508 2325 1621 2369 baec
1652 2326 1698 2369 in
1734 2324 1891 2383 primis
1923 2324 2019 2369 exi-

239 2414 434 2468 guntur:
475 2411 515 2468 1)
543 2411 737 2456 Litterae
785 2409 987 2470 Episcopi
1024 2409 1069 2453 in
1104 2409 1235 2455 euius
1282 2409 1476 2455 dioecesi
1523 2409 1789 2455 [nstitutum
1825 2410 1897 2454 vel
1930 2410 2017 2468 pri·

241 2491 384 2536 maria
418 2491 515 2536 eius
546 2492 709 2537 domus
741 2491 995 2549 invenitur,
1021 2495 1068 2536 et
1090 2491 1125 2536 si
1142 2491 1419 2536 institutum
1453 2491 1500 2536 in
1533 2491 1632 2536 aliis
1664 2491 1804 2537 etiam
1841 2491 2019 2538 dioece-

240 2573 364 2619 sibus
395 2573 609 2619 diffusum
643 2574 718 2631 sit,
744 2574 923 2619 litterae
958 2573 1320 2633 respectivorum
1343 2574 1708 2619 ordinariorum.
1745 2574 1823 2620 His
1854 2574 2023 2619 litteris

215 2656 420 2704 ,edoceri
454 2656 589 2701 debet
620 2657 803 2716 quando
834 2662 881 2702 et
912 2671 937 2702 a
960 2671 1049 2717 quo
1082 2657 1256 2702 dictum
1283 2658 1550 2703 [nstitutum
1584 2658 1826 2702 fundatum
1862 2656 2018 2712 fuerit,

241 2744 396 2784 utrum
431 2740 612 2799 aliquod
643 2740 879 2785 decretum
912 2740 1058 2785 laudis
1088 2741 1145 2785 ab
1178 2740 1433 2800 Apostolica
1467 2740 1577 2785 Sede
1610 2739 1876 2796 obtinuerit,
1909 2744 2022 2799 quot

360 2879 368 2898 ¹
398 2879 594 2916 Distinctio
633 2881 847 2926 regularum
873 2885 909 2916 et
935 2881 1233 2917 constitutionum
1270 2880 1369 2918 haud
1394 2880 1599 2917 admittitur
1624 2880 1663 2916 in
1687 2879 1794 2916 novis
1828 2879 1885 2916 bis
1911 2878 2021 2916 Insti-

241 2951 338 2993 tutis,
365 2961 450 2988 cum
488 2952 699 2998 regularum
740 2953 890 2990 nomine
916 2953 1066 2989 veniant
1102 2952 1252 2998 regulae
1280 2956 1419 2990 tantum
1458 2952 1694 2998 antiquorum
1721 2950 1898 2988 Ordinum
1923 2959 2018 2996 quae

242 3021 329 3058 olim
355 3021 402 3059 ab
429 3023 498 3069 Ap.
525 3022 617 3059 Sede
643 3023 866 3070 approbatae
894 3023 1049 3061 fuerunt.
1076 3023 1126 3060 Cf.
1154 3023 1289 3061 librum
1315 3024 1374 3060 cui
1401 3023 1528 3060 titulus
1553 3022 1741 3060 Methodus
1777 3031 1868 3068 quae
1893 3032 1915 3058 α
1941 3021 2021 3058 Soc.
2043 3052 2049 3056 .

244 3093 370 3140 Conqr.
397 3093 475 3130 ΕΕ.
502 3097 535 3131 et
560 3095 633 3132 RR.
660 3098 830 3131 servatur
854 3096 892 3131 in
917 3095 1160 3141 approbandis
1184 3095 1286 3132 novis
1310 3094 1501 3132 Institutis.
