<?xml version="1.0" encoding="UTF-8"?>
<!DOCTYPE html PUBLIC "-//W3C//DTD XHTML 1.0 Transitional//EN"
    "http://www.w3.org/TR/xhtml1/DTD/xhtml1-transitional.dtd">
<html xmlns="http://www.w3.org/1999/xhtml" xml:lang="en" lang="en">
 <head>
  <title>
</title>
<meta http-equiv="Content-Type" content="text/html;charset=utf-8" />
  <meta name='ocr-system' content='tesseract 3.04.00' />
  <meta name='ocr-capabilities' content='ocr_page ocr_carea ocr_par ocr_line ocrx_word'/>
</head>
<body>
  <div class='ocr_page' id='page_1' title='image "apparatus00ziteuoft_0344.png"; bbox 0 0 2176 3386; ppageno 0'>
   <div class='ocr_carea' id='block_1_1' title="bbox 1423 0 2176 200">
    <p class='ocr_par' dir='ltr' id='par_1_1' title="bbox 1423 0 2176 200">
     <span class='ocr_line' id='line_1_1' title="bbox 1423 0 2176 200; baseline 0 3186"><span class='ocrx_word' id='word_1_1' title='bbox 1423 0 2176 200; x_wconf 95' lang='lat' dir='ltr'><em> </em></span> 
     </span>
    </p>
   </div>
   <div class='ocr_carea' id='block_1_2' title="bbox 239 171 1449 212">
    <p class='ocr_par' dir='ltr' id='par_1_2' title="bbox 239 171 1449 212">
     <span class='ocr_line' id='line_1_2' title="bbox 239 171 1449 212; baseline 0.001 -1"><span class='ocrx_word' id='word_1_2' title='bbox 239 171 319 211; x_wconf 88' lang='lat'><em>332</em></span> <span class='ocrx_word' id='word_1_3' title='bbox 883 182 992 211; x_wconf 79' lang='lat' dir='ltr'><strong>PARS</strong></span> <span class='ocrx_word' id='word_1_4' title='bbox 1021 183 1046 210; x_wconf 91' lang='lat'><em>1.</em></span> <span class='ocrx_word' id='word_1_5' title='bbox 1064 175 1137 211; x_wconf 70' lang='lat' dir='ltr'><em>&#39;DE</em></span> <span class='ocrx_word' id='word_1_6' title='bbox 1165 171 1376 212; x_wconf 78' lang='lat' dir='ltr'>PERSONJS</span> <span class='ocrx_word' id='word_1_7' title='bbox 1448 171 1449 174; x_wconf 74' lang='grc'>’</span> 
     </span>
    </p>
   </div>
   <div class='ocr_carea' id='block_1_3' title="bbox 242 235 800 241">
    <p class='ocr_par' dir='ltr' id='par_1_3' title="bbox 242 235 800 241">
     <span class='ocr_line' id='line_1_3' title="bbox 242 235 800 241; baseline 0 0"><span class='ocrx_word' id='word_1_8' title='bbox 242 235 800 241; x_wconf 95' lang='lat' dir='ltr'><em> </em></span> 
     </span>
    </p>
   </div>
   <div class='ocr_carea' id='block_1_4' title="bbox 1802 237 2014 243">
    <p class='ocr_par' dir='ltr' id='par_1_4' title="bbox 1802 237 2014 243">
     <span class='ocr_line' id='line_1_4' title="bbox 1802 237 2014 243; baseline 0 0"><span class='ocrx_word' id='word_1_9' title='bbox 1802 237 2014 243; x_wconf 95' lang='lat' dir='ltr'><em> </em></span> 
     </span>
    </p>
   </div>
   <div class='ocr_carea' id='block_1_5' title="bbox 240 275 2019 1094">
    <p class='ocr_par' dir='ltr' id='par_1_5' title="bbox 240 275 2013 431">
     <span class='ocr_line' id='line_1_5' title="bbox 240 275 2013 347; baseline 0.002 -15"><span class='ocrx_word' id='word_1_10' title='bbox 240 291 476 334; x_wconf 88' lang='lat' dir='ltr'><em>emanatis</em></span> <span class='ocrx_word' id='word_1_11' title='bbox 505 295 672 334; x_wconf 90' lang='lat' dir='ltr'><em>contra</em></span> <span class='ocrx_word' id='word_1_12' title='bbox 694 289 931 334; x_wconf 72' lang='lat' dir='ltr'><em>trahentes</em></span> <span class='ocrx_word' id='word_1_13' title='bbox 951 290 1153 334; x_wconf 84' lang='lat' dir='ltr'><em>clericos·</em></span> <span class='ocrx_word' id='word_1_14' title='bbox 1169 290 1239 333; x_wconf 84' lang='lat' dir='ltr'><em>vel</em></span> <span class='ocrx_word' id='word_1_15' title='bbox 1264 291 1504 347; x_wconf 86' lang='lat' dir='ltr'><em>Episcopos</em></span> <span class='ocrx_word' id='word_1_16' title='bbox 1536 290 1599 335; x_wconf 86' lang='lat' dir='ltr'><em>ad</em></span> <span class='ocrx_word' id='word_1_17' title='bbox 1630 289 1790 347; x_wconf 82' lang='lat' dir='ltr'><em>forum</em></span> <span class='ocrx_word' id='word_1_18' title='bbox 1813 275 2013 346; x_wconf 78' lang='lat' dir='ltr'><em>laicum,-</em></span> 
     </span>
     <span class='ocr_line' id='line_1_6' title="bbox 240 370 1374 431; baseline 0.002 -15"><span class='ocrx_word' id='word_1_19' title='bbox 240 378 454 417; x_wconf 87' lang='lat' dir='ltr'><em>censetur</em></span> <span class='ocrx_word' id='word_1_20' title='bbox 484 375 612 417; x_wconf 86' lang='lat' dir='ltr'><em>enim</em></span> <span class='ocrx_word' id='word_1_21' title='bbox 646 386 787 431; x_wconf 76' lang='lat' dir='ltr'><em>ayere</em></span> <span class='ocrx_word' id='word_1_22' title='bbox 818 375 869 416; x_wconf 83' lang='lat' dir='ltr'><em>in</em></span> <span class='ocrx_word' id='word_1_23' title='bbox 903 370 1127 429; x_wconf 76' lang='lat' dir='ltr'><em>fraudem</em></span> <span class='ocrx_word' id='word_1_24' title='bbox 1161 373 1275 430; x_wconf 72' lang='lat' dir='ltr'><em>leqis</em></span> <span class='ocrx_word' id='word_1_25' title='bbox 1296 390 1315 412; x_wconf 81' lang='lat' dir='ltr'><em>n</em></span> <span class='ocrx_word' id='word_1_26' title='bbox 1343 372 1374 418; x_wconf 77' lang='lat'><em>¹.</em></span> 
     </span>
    </p>

    <p class='ocr_par' dir='ltr' id='par_1_6' title="bbox 240 454 2019 1094">
     <span class='ocr_line' id='line_1_7' title="bbox 359 454 2014 514; baseline 0 -14"><span class='ocrx_word' id='word_1_27' title='bbox 359 456 459 500; x_wconf 76' lang='lat'><strong>415.</strong></span> <span class='ocrx_word' id='word_1_28' title='bbox 496 459 627 500; x_wconf 80' lang='lat' dir='ltr'><em>Anno</em></span> <span class='ocrx_word' id='word_1_29' title='bbox 664 456 775 500; x_wconf 86' lang='grc'><strong>1796</strong></span> <span class='ocrx_word' id='word_1_30' title='bbox 808 454 879 500; x_wconf 89' lang='lat' dir='ltr'><em>die</em></span> <span class='ocrx_word' id='word_1_31' title='bbox 913 456 938 499; x_wconf 87' lang='lat'>6</span> <span class='ocrx_word' id='word_1_32' title='bbox 972 454 1088 499; x_wconf 88' lang='lat' dir='ltr'><em>Iunii</em></span> <span class='ocrx_word' id='word_1_33' title='bbox 1116 459 1250 500; x_wconf 84' lang='lat' dir='ltr'><em>Sacra</em></span> <span class='ocrx_word' id='word_1_34' title='bbox 1274 454 1572 514; x_wconf 77' lang='lat' dir='ltr'><em>congregatio</em></span> <span class='ocrx_word' id='word_1_35' title='bbox 1604 455 1726 501; x_wconf 84' lang='lat' dir='ltr'><em>Fidei</em></span> <span class='ocrx_word' id='word_1_36' title='bbox 1759 460 2014 514; x_wconf 84' lang='lat' dir='ltr'><em>Propagan-</em></span> 
     </span>
     <span class='ocr_line' id='line_1_8' title="bbox 241 537 2015 596; baseline 0 -12"><span class='ocrx_word' id='word_1_37' title='bbox 241 539 324 584; x_wconf 83' lang='lat' dir='ltr'><em>dae</em></span> <span class='ocrx_word' id='word_1_38' title='bbox 356 539 413 584; x_wconf 90' lang='lat' dir='ltr'><em>ad</em></span> <span class='ocrx_word' id='word_1_39' title='bbox 444 539 652 584; x_wconf 77' lang='lat' dir='ltr'><em>dubium:</em></span> <span class='ocrx_word' id='word_1_40' title='bbox 688 541 743 583; x_wconf 90' lang='lat' dir='ltr'><em>Se</em></span> <span class='ocrx_word' id='word_1_41' title='bbox 773 539 914 584; x_wconf 90' lang='lat' dir='ltr'><em>debba</em></span> <span class='ocrx_word' id='word_1_42' title='bbox 949 540 1232 595; x_wconf 79' lang='lat' dir='ltr'><em>approoarsi</em></span> <span class='ocrx_word' id='word_1_43' title='bbox 1261 539 1295 582; x_wconf 87' lang='lat' dir='ltr'><em>il</em></span> <span class='ocrx_word' id='word_1_44' title='bbox 1325 545 1542 596; x_wconf 70' lang='lat' dir='ltr'><em>sequente</em></span> <span class='ocrx_word' id='word_1_45' title='bbox 1574 539 1751 584; x_wconf 88' lang='lat' dir='ltr'><em>decreto</em></span> <span class='ocrx_word' id='word_1_46' title='bbox 1784 538 1901 596; x_wconf 85' lang='lat' dir='ltr'><em>fatto</em></span> <span class='ocrx_word' id='word_1_47' title='bbox 1922 537 2015 584; x_wconf 65' lang='lat' dir='ltr'><em>‘dal</em></span> 
     </span>
     <span class='ocr_line' id='line_1_9' title="bbox 252 620 2015 680; baseline 0 -14"><span class='ocrx_word' id='word_1_48' title='bbox 252 625 490 667; x_wconf 82' lang='lat' dir='ltr'><em>Visitatore</em></span> <span class='ocrx_word' id='word_1_49' title='bbox 517 620 604 680; x_wconf 83' lang='lat' dir='ltr'><em>&#39;per</em></span> <span class='ocrx_word' id='word_1_50' title='bbox 636 624 684 667; x_wconf 90' lang='lat' dir='ltr'><em>la</em></span> <span class='ocrx_word' id='word_1_51' title='bbox 716 622 883 666; x_wconf 81' lang='lat' dir='ltr'><em>diocesi</em></span> <span class='ocrx_word' id='word_1_52' title='bbox 912 621 963 665; x_wconf 86' lang='lat' dir='ltr'><em>di</em></span> <span class='ocrx_word' id='word_1_53' title='bbox 994 622 1174 665; x_wconf 80' lang='lat' dir='ltr'><em>Alessio:</em></span> <span class='ocrx_word' id='word_1_54' title='bbox 1213 621 1252 665; x_wconf 86' lang='lat' dir='ltr'><em>Il</em></span> <span class='ocrx_word' id='word_1_55' title='bbox 1282 622 1486 667; x_wconf 88' lang='lat' dir='ltr'><em>secolare</em></span> <span class='ocrx_word' id='word_1_56' title='bbox 1518 635 1612 666; x_wconf 87' lang='lat' dir='ltr'><em>non</em></span> <span class='ocrx_word' id='word_1_57' title='bbox 1645 622 1786 667; x_wconf 86' lang='lat' dir='ltr'><em>debba</em></span> <span class='ocrx_word' id='word_1_58' title='bbox 1812 625 1959 668; x_wconf 87' lang='lat' dir='ltr'><em>citare</em></span> <span class='ocrx_word' id='word_1_59' title='bbox 1981 623 2015 667; x_wconf 86' lang='lat' dir='ltr'><em>il</em></span> 
     </span>
     <span class='ocr_line' id='line_1_10' title="bbox 240 705 2016 763; baseline -0.001 -12"><span class='ocrx_word' id='word_1_60' title='bbox 240 707 476 751; x_wconf 75' lang='lat' dir='ltr'><em>sacerdote</em></span> <span class='ocrx_word' id='word_1_61' title='bbox 508 706 556 752; x_wconf 89' lang='lat' dir='ltr'><em>al</em></span> <span class='ocrx_word' id='word_1_62' title='bbox 589 705 826 750; x_wconf 81' lang='lat' dir='ltr'><em>tribunale</em></span> <span class='ocrx_word' id='word_1_63' title='bbox 859 710 988 749; x_wconf 83' lang='lat' dir='ltr'><em>turco</em></span> <span class='ocrx_word' id='word_1_64' title='bbox 1021 705 1079 748; x_wconf 80' lang='lat' dir='ltr'><em>ne</em></span> <span class='ocrx_word' id='word_1_65' title='bbox 1113 705 1145 748; x_wconf 82' lang='lat' dir='ltr'><em>il</em></span> <span class='ocrx_word' id='word_1_66' title='bbox 1175 705 1412 749; x_wconf 77' lang='lat' dir='ltr'><em>sacerdote</em></span> <span class='ocrx_word' id='word_1_67' title='bbox 1443 705 1585 751; x_wconf 87' lang='lat' dir='ltr'><em>debba</em></span> <span class='ocrx_word' id='word_1_68' title='bbox 1626 716 1813 763; x_wconf 85' lang='lat' dir='ltr'><em>esporre</em></span> <span class='ocrx_word' id='word_1_69' title='bbox 1865 706 1906 750; x_wconf 88' lang='lat' dir='ltr'><em>le</em></span> <span class='ocrx_word' id='word_1_70' title='bbox 1935 719 2016 749; x_wconf 89' lang='lat' dir='ltr'><em>sue</em></span> 
     </span>
     <span class='ocr_line' id='line_1_11' title="bbox 243 787 2013 847; baseline 0 -15"><span class='ocrx_word' id='word_1_71' title='bbox 243 788 425 847; x_wconf 80' lang='lat' dir='ltr'><em>querele</em></span> <span class='ocrx_word' id='word_1_72' title='bbox 448 788 495 832; x_wconf 91' lang='lat' dir='ltr'><em>al</em></span> <span class='ocrx_word' id='word_1_73' title='bbox 517 789 634 832; x_wconf 87' lang='lat' dir='ltr'><em>detto</em></span> <span class='ocrx_word' id='word_1_74' title='bbox 657 787 894 831; x_wconf 76' lang='lat' dir='ltr'><em>tribunale</em></span> <span class='ocrx_word' id='word_1_75' title='bbox 914 799 1061 831; x_wconf 81' lang='lat' dir='ltr'><em>senza</em></span> <span class='ocrx_word' id='word_1_76' title='bbox 1076 789 1242 844; x_wconf 82' lang='lat' dir='ltr'><em>previa</em></span> <span class='ocrx_word' id='word_1_77' title='bbox 1275 787 1460 834; x_wconf 81' lang='lat' dir='ltr'><em>licenza</em></span> <span class='ocrx_word' id='word_1_78' title='bbox 1493 788 1566 832; x_wconf 84' lang='lat' dir='ltr'><em>del</em></span> <span class='ocrx_word' id='word_1_79' title='bbox 1606 801 1687 832; x_wconf 86' lang='lat' dir='ltr'><em>suo</em></span> <span class='ocrx_word' id='word_1_80' title='bbox 1740 788 2013 833; x_wconf 73' lang='lat' dir='ltr'><em>ordinario.</em></span> 
     </span>
     <span class='ocr_line' id='line_1_12' title="bbox 243 869 2015 929; baseline 0 -14"><span class='ocrx_word' id='word_1_81' title='bbox 243 872 284 915; x_wconf 89' lang='lat' dir='ltr'><em>S.</em></span> <span class='ocrx_word' id='word_1_82' title='bbox 321 870 619 929; x_wconf 82' lang='lat' dir='ltr'><em>Congregatio</em></span> <span class='ocrx_word' id='word_1_83' title='bbox 645 870 894 929; x_wconf 80' lang='lat' dir='ltr'><em>respondit:</em></span> <span class='ocrx_word' id='word_1_84' title='bbox 932 869 1224 928; x_wconf 79' lang='lat' dir='ltr'><em>affirmative</em></span> <span class='ocrx_word' id='word_1_85' title='bbox 1257 871 1321 915; x_wconf 83' lang='lat' dir='ltr'><em>ad</em></span> <span class='ocrx_word' id='word_1_86' title='bbox 1360 873 1570 928; x_wconf 78' lang='lat' dir='ltr'><em>primam</em></span> <span class='ocrx_word' id='word_1_87' title='bbox 1613 877 1816 928; x_wconf 84' lang='lat' dir='ltr'><em>partem,</em></span> <span class='ocrx_word' id='word_1_88' title='bbox 1860 871 1923 915; x_wconf 85' lang='lat' dir='ltr'><em>ad</em></span> <span class='ocrx_word' id='word_1_89' title='bbox 1952 885 2015 915; x_wconf 90' lang='lat' dir='ltr'><em>se-</em></span> 
     </span>
     <span class='ocr_line' id='line_1_13' title="bbox 242 954 2019 1010; baseline -0.001 -11"><span class='ocrx_word' id='word_1_90' title='bbox 242 955 450 999; x_wconf 84' lang='lat' dir='ltr'><em>cundam</em></span> <span class='ocrx_word' id='word_1_91' title='bbox 472 954 611 999; x_wconf 79' lang='lat' dir='ltr'><em>venia</em></span> <span class='ocrx_word' id='word_1_92' title='bbox 644 954 929 999; x_wconf 77' lang='lat' dir='ltr'><em>concedatur</em></span> <span class='ocrx_word' id='word_1_93' title='bbox 951 955 1046 997; x_wconf 83' lang='lat' dir='ltr'><em>nisi</em></span> <span class='ocrx_word' id='word_1_94' title='bbox 1060 954 1285 1010; x_wconf 74' lang='lat' dir='ltr'><em>yravt&#39;bus</em></span> <span class='ocrx_word' id='word_1_95' title='bbox 1303 954 1359 997; x_wconf 83' lang='lat' dir='ltr'><em>de</em></span> <span class='ocrx_word' id='word_1_96' title='bbox 1381 956 1535 998; x_wconf 88' lang='lat' dir='ltr'><em>causis</em></span> <span class='ocrx_word' id='word_1_97' title='bbox 1556 960 1597 997; x_wconf 86' lang='lat' dir='ltr'><em>et</em></span> <span class='ocrx_word' id='word_1_98' title='bbox 1618 957 1669 998; x_wconf 89' lang='lat' dir='ltr'><em>in</em></span> <span class='ocrx_word' id='word_1_99' title='bbox 1692 955 2019 999; x_wconf 77' lang='lat' dir='ltr'><em>criminalibus</em></span> 
     </span>
     <span class='ocr_line' id='line_1_14' title="bbox 244 1035 1674 1094; baseline 0 -12"><span class='ocrx_word' id='word_1_100' title='bbox 244 1036 374 1094; x_wconf 82' lang='lat' dir='ltr'><em>facta</em></span> <span class='ocrx_word' id='word_1_101' title='bbox 405 1040 733 1094; x_wconf 85' lang='lat' dir='ltr'><em>protestatione</em></span> <span class='ocrx_word' id='word_1_102' title='bbox 766 1038 829 1082; x_wconf 86' lang='lat' dir='ltr'><em>ad</em></span> <span class='ocrx_word' id='word_1_103' title='bbox 861 1035 1069 1094; x_wconf 82' lang='lat' dir='ltr'><em>formam</em></span> <span class='ocrx_word' id='word_1_104' title='bbox 1102 1051 1348 1082; x_wconf 86' lang='lat' dir='ltr'><em>sacrorum</em></span> <span class='ocrx_word' id='word_1_105' title='bbox 1380 1051 1617 1082; x_wconf 82' lang='lat' dir='ltr'><em>canonum</em></span> <span class='ocrx_word' id='word_1_106' title='bbox 1641 1037 1674 1082; x_wconf 82' lang='lat'><em>².</em></span> 
     </span>
    </p>
   </div>
   <div class='ocr_carea' id='block_1_6' title="bbox 338 1266 1927 1439">
    <p class='ocr_par' dir='ltr' id='par_1_7' title="bbox 338 1266 1927 1439">
     <span class='ocr_line' id='line_1_15' title="bbox 970 1266 1295 1295; baseline 0 -1"><span class='ocrx_word' id='word_1_107' title='bbox 970 1266 1201 1295; x_wconf 76' lang='lat' dir='ltr'><em>ARTlCULUS</em></span> <span class='ocrx_word' id='word_1_108' title='bbox 1242 1267 1295 1294; x_wconf 91' lang='lat' dir='ltr'><em>lV.</em></span> 
     </span>
     <span class='ocr_line' id='line_1_16' title="bbox 338 1382 1927 1439; baseline -0.001 -14"><span class='ocrx_word' id='word_1_109' title='bbox 338 1385 397 1426; x_wconf 91' lang='lat' dir='ltr'><em>De</em></span> <span class='ocrx_word' id='word_1_110' title='bbox 426 1383 688 1439; x_wconf 70' lang='lat' dir='ltr'><em>privileyiis</em></span> <span class='ocrx_word' id='word_1_111' title='bbox 720 1383 1022 1438; x_wconf 76' lang='lat' dir='ltr'><em>coeemptionis</em></span> <span class='ocrx_word' id='word_1_112' title='bbox 1055 1395 1110 1426; x_wconf 91' lang='lat' dir='ltr'><em>ac</em></span> <span class='ocrx_word' id='word_1_113' title='bbox 1149 1383 1479 1438; x_wconf 82' lang='lat' dir='ltr'><em>competentiae</em></span> <span class='ocrx_word' id='word_1_114' title='bbox 1513 1394 1567 1425; x_wconf 88' lang='lat' dir='ltr'><em>ac</em></span> <span class='ocrx_word' id='word_1_115' title='bbox 1599 1382 1927 1424; x_wconf 81' lang='lat' dir='ltr'><em>immunitatis.</em></span> 
     </span>
    </p>
   </div>
   <div class='ocr_carea' id='block_1_7' title="bbox 243 1522 2025 2664">
    <p class='ocr_par' dir='ltr' id='par_1_8' title="bbox 243 1522 2024 2246">
     <span class='ocr_line' id='line_1_17' title="bbox 364 1522 2021 1583; baseline -0.003 -13"><span class='ocrx_word' id='word_1_116' title='bbox 364 1527 466 1570; x_wconf 69' lang='lat'><strong>416.</strong></span> <span class='ocrx_word' id='word_1_117' title='bbox 491 1525 621 1571; x_wconf 76' lang='lat' dir='ltr'><em>Aliud</em></span> <span class='ocrx_word' id='word_1_118' title='bbox 642 1524 931 1583; x_wconf 85' lang='lat' dir='ltr'><em>privilegium</em></span> <span class='ocrx_word' id='word_1_119' title='bbox 950 1537 1040 1583; x_wconf 91' lang='lat' dir='ltr'><em>quo</em></span> <span class='ocrx_word' id='word_1_120' title='bbox 1059 1523 1217 1569; x_wconf 82' lang='lat' dir='ltr'><em>Clerici</em></span> <span class='ocrx_word' id='word_1_121' title='bbox 1236 1524 1452 1581; x_wconf 83' lang='lat' dir='ltr'><em>gaudent,</em></span> <span class='ocrx_word' id='word_1_122' title='bbox 1472 1522 1757 1581; x_wconf 84' lang='lat' dir='ltr'><em>privilegium</em></span> <span class='ocrx_word' id='word_1_123' title='bbox 1782 1526 1851 1567; x_wconf 84' lang='lat' dir='ltr'><em>est</em></span> <span class='ocrx_word' id='word_1_124' title='bbox 1873 1535 2021 1566; x_wconf 76' lang='lat' dir='ltr'><em>eaeem-</em></span> 
     </span>
     <span class='ocr_line' id='line_1_18' title="bbox 243 1604 2021 1668; baseline -0.003 -14"><span class='ocrx_word' id='word_1_125' title='bbox 243 1612 415 1668; x_wconf 81' lang='lat' dir='ltr'><em>ptionz‘s</em></span> <span class='ocrx_word' id='word_1_126' title='bbox 447 1624 470 1653; x_wconf 92' lang='lat' dir='ltr'><em>a</em></span> <span class='ocrx_word' id='word_1_127' title='bbox 506 1608 697 1667; x_wconf 80' lang='lat' dir='ltr'><em>publicis</em></span> <span class='ocrx_word' id='word_1_128' title='bbox 733 1607 999 1652; x_wconf 90' lang='lat' dir='ltr'><em>muneribus</em></span> <span class='ocrx_word' id='word_1_129' title='bbox 1032 1606 1244 1652; x_wconf 89' lang='lat' dir='ltr'><em>civilibus</em></span> <span class='ocrx_word' id='word_1_130' title='bbox 1276 1620 1393 1666; x_wconf 86' lang='lat' dir='ltr'><em>quae</em></span> <span class='ocrx_word' id='word_1_131' title='bbox 1426 1621 1532 1652; x_wconf 86' lang='lat' dir='ltr'><em>cum</em></span> <span class='ocrx_word' id='word_1_132' title='bbox 1575 1605 1845 1650; x_wconf 86' lang='lat' dir='ltr'><em>clericorum</em></span> <span class='ocrx_word' id='word_1_133' title='bbox 1879 1604 2021 1663; x_wconf 83' lang='lat' dir='ltr'><em>digni-</em></span> 
     </span>
     <span class='ocr_line' id='line_1_19' title="bbox 245 1688 2020 1749; baseline -0.003 -11"><span class='ocrx_word' id='word_1_134' title='bbox 245 1697 340 1738; x_wconf 81' lang='lat' dir='ltr'><em>tate</em></span> <span class='ocrx_word' id='word_1_135' title='bbox 374 1693 489 1737; x_wconf 86' lang='lat' dir='ltr'><em>bene</em></span> <span class='ocrx_word' id='word_1_136' title='bbox 524 1706 615 1736; x_wconf 91' lang='lat' dir='ltr'><em>non</em></span> <span class='ocrx_word' id='word_1_137' title='bbox 651 1696 1006 1748; x_wconf 84' lang='lat' dir='ltr'><em>componuntur.</em></span> <span class='ocrx_word' id='word_1_138' title='bbox 1044 1696 1139 1735; x_wconf 88' lang='lat' dir='ltr'><em>Hoc</em></span> <span class='ocrx_word' id='word_1_139' title='bbox 1173 1690 1461 1749; x_wconf 83' lang='lat' dir='ltr'><em>privilegium</em></span> <span class='ocrx_word' id='word_1_140' title='bbox 1485 1704 1576 1734; x_wconf 92' lang='lat' dir='ltr'><em>non</em></span> <span class='ocrx_word' id='word_1_141' title='bbox 1603 1689 1735 1734; x_wconf 88' lang='lat' dir='ltr'><em>modo</em></span> <span class='ocrx_word' id='word_1_142' title='bbox 1759 1689 1855 1746; x_wconf 86' lang='lat' dir='ltr'><em>lege</em></span> <span class='ocrx_word' id='word_1_143' title='bbox 1878 1688 2020 1733; x_wconf 85' lang='lat' dir='ltr'><em>eccle·</em></span> 
     </span>
     <span class='ocr_line' id='line_1_20' title="bbox 246 1770 2017 1833; baseline -0.003 -11"><span class='ocrx_word' id='word_1_144' title='bbox 246 1775 425 1822; x_wconf 83' lang='lat' dir='ltr'><em>siastica</em></span> <span class='ocrx_word' id='word_1_145' title='bbox 450 1776 679 1820; x_wconf 89' lang='lat' dir='ltr'><em>sancitum</em></span> <span class='ocrx_word' id='word_1_146' title='bbox 701 1775 733 1830; x_wconf 68' lang='grc'><em>3,</em></span> <span class='ocrx_word' id='word_1_147' title='bbox 760 1775 836 1820; x_wconf 88' lang='lat' dir='ltr'><em>sed</em></span> <span class='ocrx_word' id='word_1_148' title='bbox 861 1777 1002 1820; x_wconf 91' lang='lat' dir='ltr'><em>etiam</em></span> <span class='ocrx_word' id='word_1_149' title='bbox 1020 1774 1275 1833; x_wconf 84' lang='lat' dir='ltr'><em>antiquitus</em></span> <span class='ocrx_word' id='word_1_150' title='bbox 1297 1773 1420 1819; x_wconf 90' lang='lat' dir='ltr'><em>civili</em></span> <span class='ocrx_word' id='word_1_151' title='bbox 1445 1773 1541 1831; x_wconf 77' lang='lat' dir='ltr'><em>lege</em></span> <span class='ocrx_word' id='word_1_152' title='bbox 1565 1772 1852 1830; x_wconf 84' lang='lat' dir='ltr'><em>recognitum</em></span> <span class='ocrx_word' id='word_1_153' title='bbox 1877 1770 1964 1816; x_wconf 85' lang='lat' dir='ltr'><em>fuit</em></span> <span class='ocrx_word' id='word_1_154' title='bbox 1986 1771 2017 1816; x_wconf 71' lang='lat'><em>⁸.</em></span> 
     </span>
     <span class='ocr_line' id='line_1_21' title="bbox 246 1856 2022 1918; baseline -0.003 -13"><span class='ocrx_word' id='word_1_155' title='bbox 246 1865 297 1906; x_wconf 91' lang='lat' dir='ltr'><em>In</em></span> <span class='ocrx_word' id='word_1_156' title='bbox 322 1860 489 1917; x_wconf 87' lang='lat' dir='ltr'><em>Syllab.</em></span> <span class='ocrx_word' id='word_1_157' title='bbox 527 1860 745 1904; x_wconf 89' lang='lat' dir='ltr'><em>damnata</em></span> <span class='ocrx_word' id='word_1_158' title='bbox 779 1863 849 1904; x_wconf 84' lang='lat' dir='ltr'><em>est</em></span> <span class='ocrx_word' id='word_1_159' title='bbox 880 1858 1126 1917; x_wconf 77' lang='lat' dir='ltr'><em>propositio</em></span> <span class='ocrx_word' id='word_1_160' title='bbox 1150 1859 1220 1903; x_wconf 79' lang='lat'><em>51.</em></span> <span class='ocrx_word' id='word_1_161' title='bbox 1247 1872 1335 1918; x_wconf 89' lang='lat' dir='ltr'><em>qua</em></span> <span class='ocrx_word' id='word_1_162' title='bbox 1359 1857 1542 1903; x_wconf 85' lang='lat' dir='ltr'><em>dicitur:</em></span> <span class='ocrx_word' id='word_1_163' title='bbox 1571 1857 1738 1916; x_wconf 86' lang='lat' dir='ltr'><em>absque</em></span> <span class='ocrx_word' id='word_1_164' title='bbox 1760 1856 1861 1900; x_wconf 88' lang='lat' dir='ltr'><em>ulla</em></span> <span class='ocrx_word' id='word_1_165' title='bbox 1884 1861 2022 1900; x_wconf 88' lang='lat' dir='ltr'><em>natu·</em></span> 
     </span>
     <span class='ocr_line' id='line_1_22' title="bbox 247 1941 2020 2001; baseline -0.003 -14"><span class='ocrx_word' id='word_1_166' title='bbox 247 1943 366 1988; x_wconf 83' lang='lat' dir='ltr'><em>ralis</em></span> <span class='ocrx_word' id='word_1_167' title='bbox 400 1945 518 1986; x_wconf 77' lang='lat' dir='ltr'><em>iuris</em></span> <span class='ocrx_word' id='word_1_168' title='bbox 550 1948 591 1987; x_wconf 89' lang='lat' dir='ltr'><em>et</em></span> <span class='ocrx_word' id='word_1_169' title='bbox 624 1944 872 2001; x_wconf 81' lang='lat' dir='ltr'><em>aequitatis</em></span> <span class='ocrx_word' id='word_1_170' title='bbox 904 1942 1154 1987; x_wconf 81' lang='lat' dir='ltr'><em>violatione</em></span> <span class='ocrx_word' id='word_1_171' title='bbox 1182 1947 1325 1998; x_wconf 89' lang='lat' dir='ltr'><em>potest</em></span> <span class='ocrx_word' id='word_1_172' title='bbox 1357 1941 1584 1998; x_wconf 58' lang='lat' dir='ltr'><em>abraam-i</em></span> <span class='ocrx_word' id='word_1_173' title='bbox 1614 1941 1891 1983; x_wconf 81' lang='lat' dir='ltr'><em>immunitas</em></span> <span class='ocrx_word' id='word_1_174' title='bbox 1927 1951 2020 1996; x_wconf 86' lang='lat' dir='ltr'><em>qua</em></span> 
     </span>
     <span class='ocr_line' id='line_1_23' title="bbox 245 2020 2023 2083; baseline -0.003 -13"><span class='ocrx_word' id='word_1_175' title='bbox 245 2025 403 2070; x_wconf 83' lang='lat' dir='ltr'><em>clerici</em></span> <span class='ocrx_word' id='word_1_176' title='bbox 425 2026 480 2071; x_wconf 88' lang='lat' dir='ltr'><em>ab</em></span> <span class='ocrx_word' id='word_1_177' title='bbox 512 2038 652 2069; x_wconf 91' lang='lat' dir='ltr'><em>onere</em></span> <span class='ocrx_word' id='word_1_178' title='bbox 671 2025 940 2070; x_wconf 77' lang='lat' dir='ltr'><em>subeundae</em></span> <span class='ocrx_word' id='word_1_179' title='bbox 969 2024 1563 2083; x_wconf 57' lang='lat' dir='ltr'><em>eaeercendaequegmilitiae</em></span> <span class='ocrx_word' id='word_1_180' title='bbox 1585 2025 1873 2077; x_wconf 73' lang='lat' dir='ltr'><em>eximuntur,</em></span> <span class='ocrx_word' id='word_1_181' title='bbox 1899 2020 2023 2067; x_wconf 82' lang='lat' dir='ltr'><em>banc</em></span> 
     </span>
     <span class='ocr_line' id='line_1_24' title="bbox 246 2106 2024 2168; baseline -0.002 -16"><span class='ocrx_word' id='word_1_182' title='bbox 246 2122 352 2153; x_wconf 85' lang='lat' dir='ltr'><em>vero</em></span> <span class='ocrx_word' id='word_1_183' title='bbox 386 2109 738 2168; x_wconf 75' lang='lat' dir='ltr'><em>abroyationem</em></span> <span class='ocrx_word' id='word_1_184' title='bbox 766 2108 970 2164; x_wconf 89' lang='lat' dir='ltr'><em>postulat</em></span> <span class='ocrx_word' id='word_1_185' title='bbox 1001 2106 1149 2151; x_wconf 79' lang='lat' dir='ltr'><em>civilis</em></span> <span class='ocrx_word' id='word_1_186' title='bbox 1178 2120 1468 2163; x_wconf 69' lang='lat' dir='ltr'><em>proqressus,</em></span> <span class='ocrx_word' id='word_1_187' title='bbox 1505 2108 1710 2151; x_wconf 46' lang='lat' dir='ltr'><em>*inaxime</em></span> <span class='ocrx_word' id='word_1_188' title='bbox 1744 2108 1792 2149; x_wconf 82' lang='lat' dir='ltr'><em>in</em></span> <span class='ocrx_word' id='word_1_189' title='bbox 1814 2106 2024 2149; x_wconf 82' lang='lat' dir='ltr'><em>societate</em></span> 
     </span>
     <span class='ocr_line' id='line_1_25' title="bbox 248 2191 1394 2246; baseline -0.003 -9"><span class='ocrx_word' id='word_1_190' title='bbox 248 2192 311 2237; x_wconf 83' lang='lat' dir='ltr'><em>ad</em></span> <span class='ocrx_word' id='word_1_191' title='bbox 344 2191 551 2246; x_wconf 83' lang='lat' dir='ltr'><em>formam</em></span> <span class='ocrx_word' id='word_1_192' title='bbox 586 2191 815 2235; x_wconf 79' lang='lat' dir='ltr'><em>liberioris</em></span> <span class='ocrx_word' id='word_1_193' title='bbox 848 2192 1097 2246; x_wconf 72' lang='lat' dir='ltr'><em>reyiminis</em></span> <span class='ocrx_word' id='word_1_194' title='bbox 1129 2192 1394 2234; x_wconf 84' lang='lat' dir='ltr'><em>constituta.</em></span> 
     </span>
    </p>

    <p class='ocr_par' dir='ltr' id='par_1_9' title="bbox 248 2270 2025 2664">
     <span class='ocr_line' id='line_1_26' title="bbox 367 2270 2025 2332; baseline -0.003 -13"><span class='ocrx_word' id='word_1_195' title='bbox 367 2274 470 2319; x_wconf 68' lang='lat'><strong>417.</strong></span> <span class='ocrx_word' id='word_1_196' title='bbox 506 2274 707 2318; x_wconf 76' lang='lat' dir='ltr'><em>&#39;l&#39;andem</em></span> <span class='ocrx_word' id='word_1_197' title='bbox 742 2273 900 2318; x_wconf 84' lang='lat' dir='ltr'><em>Clerici</em></span> <span class='ocrx_word' id='word_1_198' title='bbox 935 2274 1136 2332; x_wconf 82' lang='lat' dir='ltr'><em>gaudent</em></span> <span class='ocrx_word' id='word_1_199' title='bbox 1167 2276 1497 2331; x_wconf 80' lang='lat' dir='ltr'><em>competentiae</em></span> <span class='ocrx_word' id='word_1_200' title='bbox 1532 2272 1783 2332; x_wconf 73' lang='lat' dir='ltr'><em>privilegio.</em></span> <span class='ocrx_word' id='word_1_201' title='bbox 1838 2270 2025 2324; x_wconf 84' lang='lat' dir='ltr'><em>Quoties</em></span> 
     </span>
     <span class='ocr_line' id='line_1_27' title="bbox 248 2352 2024 2414; baseline -0.002 -13"><span class='ocrx_word' id='word_1_202' title='bbox 248 2356 440 2406; x_wconf 85' lang='lat' dir='ltr'><em>clericus</em></span> <span class='ocrx_word' id='word_1_203' title='bbox 472 2370 576 2401; x_wconf 88' lang='lat' dir='ltr'><em>aere</em></span> <span class='ocrx_word' id='word_1_204' title='bbox 608 2356 758 2401; x_wconf 91' lang='lat' dir='ltr'><em>alieno</em></span> <span class='ocrx_word' id='word_1_205' title='bbox 791 2362 1008 2414; x_wconf 84' lang='lat' dir='ltr'><em>gravatus</em></span> <span class='ocrx_word' id='word_1_206' title='bbox 1041 2356 1194 2412; x_wconf 81' lang='lat' dir='ltr'><em>fuerit,</em></span> <span class='ocrx_word' id='word_1_207' title='bbox 1231 2356 1463 2401; x_wconf 90' lang='lat' dir='ltr'><em>nonnullis</em></span> <span class='ocrx_word' id='word_1_208' title='bbox 1494 2355 1782 2400; x_wconf 76' lang='lat' dir='ltr'><em>exstantibus</em></span> <span class='ocrx_word' id='word_1_209' title='bbox 1805 2352 2024 2398; x_wconf 86' lang='lat' dir='ltr'><em>conditio·</em></span> 
     </span>
     <span class='ocr_line' id='line_1_28' title="bbox 248 2437 2024 2498; baseline -0.001 -15"><span class='ocrx_word' id='word_1_210' title='bbox 248 2438 400 2495; x_wconf 88' lang='lat' dir='ltr'><em>nibus,</em></span> <span class='ocrx_word' id='word_1_211' title='bbox 435 2453 520 2483; x_wconf 88' lang='lat' dir='ltr'><em>nec</em></span> <span class='ocrx_word' id='word_1_212' title='bbox 553 2438 600 2483; x_wconf 90' lang='lat' dir='ltr'><em>in</em></span> <span class='ocrx_word' id='word_1_213' title='bbox 634 2453 866 2484; x_wconf 81' lang='lat' dir='ltr'><em>carcerem</em></span> <span class='ocrx_word' id='word_1_214' title='bbox 900 2439 1079 2484; x_wconf 88' lang='lat' dir='ltr'><em>detrudi</em></span> <span class='ocrx_word' id='word_1_215' title='bbox 1115 2443 1262 2497; x_wconf 85' lang='lat' dir='ltr'><em>potest</em></span> <span class='ocrx_word' id='word_1_216' title='bbox 1295 2453 1379 2484; x_wconf 87' lang='lat' dir='ltr'><em>nec</em></span> <span class='ocrx_word' id='word_1_217' title='bbox 1412 2451 1553 2498; x_wconf 91' lang='lat' dir='ltr'><em>usque</em></span> <span class='ocrx_word' id='word_1_218' title='bbox 1587 2438 1642 2482; x_wconf 89' lang='lat' dir='ltr'><em>ad</em></span> <span class='ocrx_word' id='word_1_219' title='bbox 1677 2437 1890 2482; x_wconf 81' lang='lat' dir='ltr'><em>ultimum</em></span> <span class='ocrx_word' id='word_1_220' title='bbox 1915 2450 2024 2496; x_wconf 85' lang='lat' dir='ltr'><em>qua-</em></span> 
     </span>
     <span class='ocr_line' id='line_1_29' title="bbox 248 2521 2024 2580; baseline -0.002 -13"><span class='ocrx_word' id='word_1_221' title='bbox 248 2524 461 2567; x_wconf 78' lang='lat' dir='ltr'><em>drantem</em></span> <span class='ocrx_word' id='word_1_222' title='bbox 495 2523 673 2567; x_wconf 88' lang='lat' dir='ltr'><em>solvere</em></span> <span class='ocrx_word' id='word_1_223' title='bbox 706 2522 898 2580; x_wconf 83' lang='lat' dir='ltr'><em>cogitur,</em></span> <span class='ocrx_word' id='word_1_224' title='bbox 934 2523 1011 2567; x_wconf 87' lang='lat' dir='ltr'><em>sed</em></span> <span class='ocrx_word' id='word_1_225' title='bbox 1045 2522 1263 2567; x_wconf 89' lang='lat' dir='ltr'><em>alimenta</em></span> <span class='ocrx_word' id='word_1_226' title='bbox 1296 2522 1387 2567; x_wconf 90' lang='lat' dir='ltr'><em>sibi·</em></span> <span class='ocrx_word' id='word_1_227' title='bbox 1435 2521 1633 2566; x_wconf 85' lang='lat' dir='ltr'><em>retinere</em></span> <span class='ocrx_word' id='word_1_228' title='bbox 1669 2522 1805 2565; x_wconf 83' lang='lat' dir='ltr'><em>valet.</em></span> <span class='ocrx_word' id='word_1_229' title='bbox 1839 2546 1899 2554; x_wconf 94' lang='lat'>—</span> <span class='ocrx_word' id='word_1_230' title='bbox 1930 2525 2024 2565; x_wconf 88' lang='lat' dir='ltr'><em>Hoc</em></span> 
     </span>
     <span class='ocr_line' id='line_1_30' title="bbox 248 2604 2023 2664; baseline -0.001 -14"><span class='ocrx_word' id='word_1_231' title='bbox 248 2604 539 2664; x_wconf 83' lang='lat' dir='ltr'><em>privilegium</em></span> <span class='ocrx_word' id='word_1_232' title='bbox 574 2618 874 2650; x_wconf 87' lang='lat' dir='ltr'><em>romanorum</em></span> <span class='ocrx_word' id='word_1_233' title='bbox 910 2605 1005 2649; x_wconf 88' lang='lat' dir='ltr'><em>iure</em></span> <span class='ocrx_word' id='word_1_234' title='bbox 1029 2604 1320 2662; x_wconf 86' lang='lat' dir='ltr'><em>competebat</em></span> <span class='ocrx_word' id='word_1_235' title='bbox 1351 2606 1396 2658; x_wconf 73' lang='lat' dir='ltr'><em>a)</em></span> <span class='ocrx_word' id='word_1_236' title='bbox 1431 2604 1796 2661; x_wconf 73' lang='lat' dir='ltr'><em>proximioribus</em></span> <span class='ocrx_word' id='word_1_237' title='bbox 1827 2615 2023 2648; x_wconf 89' lang='lat' dir='ltr'><em>consan-</em></span> 
     </span>
    </p>
   </div>
   <div class='ocr_carea' id='block_1_8' title="bbox 249 2682 2165 3111">
    <p class='ocr_par' dir='ltr' id='par_1_10' title="bbox 2116 2682 2163 2718">
     <span class='ocr_line' id='line_1_31' title="bbox 2116 2682 2163 2718; baseline 0 -19"><span class='ocrx_word' id='word_1_238' title='bbox 2116 2682 2163 2718; x_wconf 44' lang='grc' dir='ltr'><em>ἐ..</em></span> 
     </span>
    </p>

    <p class='ocr_par' dir='ltr' id='par_1_11' title="bbox 369 2731 2137 2796">
     <span class='ocr_line' id='line_1_32' title="bbox 369 2731 2137 2796; baseline 0.002 -10"><span class='ocrx_word' id='word_1_239' title='bbox 369 2750 378 2768; x_wconf 74' lang='lat'><strong>¹</strong></span> <span class='ocrx_word' id='word_1_240' title='bbox 408 2750 555 2787; x_wconf 69' lang='lat' dir='ltr'><em>collect.</em></span> <span class='ocrx_word' id='word_1_241' title='bbox 585 2750 619 2786; x_wconf 87' lang='lat' dir='ltr'><em>s.</em></span> <span class='ocrx_word' id='word_1_242' title='bbox 648 2751 684 2786; x_wconf 77' lang='lat' dir='ltr'><em>c,</em></span> <span class='ocrx_word' id='word_1_243' title='bbox 712 2750 757 2786; x_wconf 77' lang='lat' dir='ltr'><em>de</em></span> <span class='ocrx_word' id='word_1_244' title='bbox 783 2750 890 2796; x_wconf 75' lang='lat' dir='ltr'><em>Prop.</em></span> <span class='ocrx_word' id='word_1_245' title='bbox 919 2749 996 2786; x_wconf 83' lang='lat' dir='ltr'><em>Fid.</em></span> <span class='ocrx_word' id='word_1_246' title='bbox 1023 2759 1057 2786; x_wconf 90' lang='lat' dir='ltr'><em>n.</em></span> <span class='ocrx_word' id='word_1_247' title='bbox 1087 2749 1167 2786; x_wconf 75' lang='lat'><em>242.</em></span> <span class='ocrx_word' id='word_1_248' title='bbox 2116 2731 2137 2790; x_wconf 65' lang='grc' dir='ltr'>ἰ</span> 
     </span>
    </p>

    <p class='ocr_par' dir='ltr' id='par_1_12' title="bbox 369 2799 2165 2871">
     <span class='ocr_line' id='line_1_33' title="bbox 369 2799 2165 2871; baseline 0.001 -16"><span class='ocrx_word' id='word_1_249' title='bbox 369 2821 381 2839; x_wconf 81' lang='lat'><strong>¹</strong></span> <span class='ocrx_word' id='word_1_250' title='bbox 407 2821 557 2858; x_wconf 70' lang='lat' dir='ltr'><em>canem.</em></span> <span class='ocrx_word' id='word_1_251' title='bbox 585 2821 620 2858; x_wconf 80' lang='lat' dir='ltr'><em>s,</em></span> <span class='ocrx_word' id='word_1_252' title='bbox 648 2821 684 2858; x_wconf 87' lang='lat' dir='ltr'><em>c.</em></span> <span class='ocrx_word' id='word_1_253' title='bbox 710 2823 818 2867; x_wconf 74' lang='lat' dir='ltr'><em>Prop.</em></span> <span class='ocrx_word' id='word_1_254' title='bbox 847 2821 923 2858; x_wconf 83' lang='lat' dir='ltr'><em>Fid.</em></span> <span class='ocrx_word' id='word_1_255' title='bbox 950 2830 985 2858; x_wconf 89' lang='lat' dir='ltr'><em>n.</em></span> <span class='ocrx_word' id='word_1_256' title='bbox 1012 2820 1095 2858; x_wconf 75' lang='lat'><strong>220.</strong></span> <span class='ocrx_word' id='word_1_257' title='bbox 1122 2841 1140 2846; x_wconf 92' lang='lat'>-</span> <span class='ocrx_word' id='word_1_258' title='bbox 1168 2821 1240 2857; x_wconf 72' lang='lat' dir='ltr'><em>cfr.</em></span> <span class='ocrx_word' id='word_1_259' title='bbox 1266 2821 1376 2857; x_wconf 77' lang='lat' dir='ltr'><em>cono.</em></span> <span class='ocrx_word' id='word_1_260' title='bbox 1405 2820 1669 2857; x_wconf 73' lang='lat' dir='ltr'><em>Baltimorense</em></span> <span class='ocrx_word' id='word_1_261' title='bbox 1696 2830 1730 2857; x_wconf 84' lang='lat' dir='ltr'><em>n.</em></span> <span class='ocrx_word' id='word_1_262' title='bbox 1757 2820 1811 2857; x_wconf 76' lang='lat'><em>84.</em></span> <span class='ocrx_word' id='word_1_263' title='bbox 2119 2799 2165 2871; x_wconf 89' lang='grc' dir='ltr'>Ξ</span> 
     </span>
    </p>

    <p class='ocr_par' dir='ltr' id='par_1_13' title="bbox 249 2885 2171 3111">
     <span class='ocr_line' id='line_1_34' title="bbox 367 2885 2162 2988; baseline 0.001 -59"><span class='ocrx_word' id='word_1_264' title='bbox 367 2893 382 2914; x_wconf 85' lang='lat'>⁸</span> <span class='ocrx_word' id='word_1_265' title='bbox 406 2893 493 2929; x_wconf 86' lang='lat' dir='ltr'><em>Can.</em></span> <span class='ocrx_word' id='word_1_266' title='bbox 520 2893 576 2935; x_wconf 83' lang='lat'><em>69,</em></span> <span class='ocrx_word' id='word_1_267' title='bbox 604 2902 706 2929; x_wconf 83' lang='lat' dir='ltr'><em>caus.</em></span> <span class='ocrx_word' id='word_1_268' title='bbox 735 2892 790 2935; x_wconf 69' lang='lat'><em>12,</em></span> <span class='ocrx_word' id='word_1_269' title='bbox 817 2902 850 2938; x_wconf 88' lang='lat' dir='ltr'><em>q.</em></span> <span class='ocrx_word' id='word_1_270' title='bbox 877 2891 911 2928; x_wconf 79' lang='lat'><em>2.</em></span> <span class='ocrx_word' id='word_1_271' title='bbox 2110 2885 2162 2988; x_wconf 57' lang='grc' dir='ltr'><em>ἓ</em></span> 
     </span>
     <span class='ocr_line' id='line_1_35' title="bbox 369 2960 2123 3009; baseline -0.001 -10"><span class='ocrx_word' id='word_1_272' title='bbox 369 2961 383 2982; x_wconf 78' lang='lat'><em>¹·</em></span> <span class='ocrx_word' id='word_1_273' title='bbox 408 2962 494 3000; x_wconf 87' lang='lat' dir='ltr'><em>Cod.</em></span> <span class='ocrx_word' id='word_1_274' title='bbox 514 2962 651 2999; x_wconf 86' lang='lat' dir='ltr'><em>Theod.</em></span> <span class='ocrx_word' id='word_1_275' title='bbox 671 2963 738 2998; x_wconf 75' lang='lat' dir='ltr'><em>Tit.</em></span> <span class='ocrx_word' id='word_1_276' title='bbox 758 2962 802 2998; x_wconf 88' lang='lat' dir='ltr'><em>de</em></span> <span class='ocrx_word' id='word_1_277' title='bbox 829 2962 951 3008; x_wconf 83' lang='lat' dir='ltr'><em>Episc.</em></span> <span class='ocrx_word' id='word_1_278' title='bbox 977 2968 1013 2999; x_wconf 82' lang='lat' dir='ltr'><em>et</em></span> <span class='ocrx_word' id='word_1_279' title='bbox 1039 2962 1132 2999; x_wconf 83' lang='lat' dir='ltr'><em>Cler.</em></span> <span class='ocrx_word' id='word_1_280' title='bbox 1158 2962 1352 3009; x_wconf 78' lang='lat' dir='ltr'>(xlv.-2);</span> <span class='ocrx_word' id='word_1_281' title='bbox 1379 2963 1500 2999; x_wconf 84' lang='lat' dir='ltr'><em>Const.</em></span> <span class='ocrx_word' id='word_1_282' title='bbox 1521 2961 1592 3005; x_wconf 80' lang='lat'><em>1,2</em></span> <span class='ocrx_word' id='word_1_283' title='bbox 1610 2961 1697 2998; x_wconf 81' lang='lat' dir='ltr'><em>cod.</em></span> <span class='ocrx_word' id='word_1_284' title='bbox 1726 2961 1813 2998; x_wconf 75' lang='lat' dir='ltr'><em>lust.</em></span> <span class='ocrx_word' id='word_1_285' title='bbox 1843 2961 1888 2997; x_wconf 88' lang='lat' dir='ltr'><em>de</em></span> <span class='ocrx_word' id='word_1_286' title='bbox 1907 2960 2021 3003; x_wconf 78' lang='lat' dir='ltr'><em>episc.</em></span> <span class='ocrx_word' id='word_1_287' title='bbox 2106 2972 2123 3004; x_wconf 71' lang='grc' dir='ltr'><em>ι,</em></span> 
     </span>
     <span class='ocr_line' id='line_1_36' title="bbox 249 3012 2163 3086; baseline 0 -16"><span class='ocrx_word' id='word_1_288' title='bbox 249 3032 362 3079; x_wconf 80' lang='lat'>(1—5);</span> <span class='ocrx_word' id='word_1_289' title='bbox 390 3045 421 3072; x_wconf 85' lang='lat' dir='ltr'><em>c.</em></span> <span class='ocrx_word' id='word_1_290' title='bbox 447 3034 503 3077; x_wconf 87' lang='lat'><em>69,</em></span> <span class='ocrx_word' id='word_1_291' title='bbox 530 3045 560 3071; x_wconf 86' lang='lat' dir='ltr'><em>c.</em></span> <span class='ocrx_word' id='word_1_292' title='bbox 588 3034 669 3076; x_wconf 83' lang='lat' dir='ltr'>XII,</span> <span class='ocrx_word' id='word_1_293' title='bbox 697 3044 731 3080; x_wconf 87' lang='lat' dir='ltr'><em>q.</em></span> <span class='ocrx_word' id='word_1_294' title='bbox 759 3033 803 3077; x_wconf 82' lang='lat'><em>2;</em></span> <span class='ocrx_word' id='word_1_295' title='bbox 830 3033 940 3070; x_wconf 81' lang='lat' dir='ltr'><em>Cone.</em></span> <span class='ocrx_word' id='word_1_296' title='bbox 969 3033 1083 3071; x_wconf 80' lang='lat' dir='ltr'><em>Tolet.</em></span> <span class='ocrx_word' id='word_1_297' title='bbox 1111 3033 1171 3076; x_wconf 90' lang='grc' dir='ltr'><strong>ΙΙΙ,</strong></span> <span class='ocrx_word' id='word_1_298' title='bbox 1198 3043 1230 3070; x_wconf 88' lang='lat' dir='ltr'><em>a.</em></span> <span class='ocrx_word' id='word_1_299' title='bbox 1256 3032 1338 3070; x_wconf 85' lang='lat'>589.</span> <span class='ocrx_word' id='word_1_300' title='bbox 1365 3033 1433 3070; x_wconf 67' lang='lat' dir='ltr'><em>Cfr.</em></span> <span class='ocrx_word' id='word_1_301' title='bbox 1452 3033 1593 3070; x_wconf 82' lang='lat' dir='ltr'><em>Walter</em></span> <span class='ocrx_word' id='word_1_302' title='bbox 1619 3032 1802 3070; x_wconf 82' lang='lat' dir='ltr'><em>manuale.</em></span> <span class='ocrx_word' id='word_1_303' title='bbox 2105 3012 2163 3086; x_wconf 56' lang='grc' dir='ltr'>ἑ</span> 
     </span>
     <span class='ocr_line' id='line_1_37' title="bbox 2107 3092 2158 3111; baseline -0.039 0"><span class='ocrx_word' id='word_1_304' title='bbox 2107 3092 2117 3111; x_wconf 71' lang='lat'>0</span> <span class='ocrx_word' id='word_1_305' title='bbox 2152 3107 2158 3109; x_wconf 51' lang='lat'><em>„</em></span> 
     </span>
    </p>
   </div>
   <div class='ocr_carea' id='block_1_9' title="bbox 2137 2860 2176 3386">
    <p class='ocr_par' dir='ltr' id='par_1_14' title="bbox 2137 2860 2176 3386">
     <span class='ocr_line' id='line_1_38' title="bbox 2137 2860 2176 3386; baseline 0 0"><span class='ocrx_word' id='word_1_306' title='bbox 2137 3132 2176 3386; x_wconf 95' lang='lat' dir='ltr'><em>   </em></span> <span class='ocrx_word' id='word_1_307' title='bbox 2171 2860 2176 3259; x_wconf 95' lang='lat' dir='ltr'><em> </em></span> 
     </span>
    </p>
   </div>
   <div class='ocr_carea' id='block_1_10' title="bbox 2127 3131 2166 3202">
    <p class='ocr_par' dir='ltr' id='par_1_15' title="bbox 2127 3131 2166 3202">
     <span class='ocr_line' id='line_1_39' title="bbox 2127 3131 2166 3202; baseline 0 0"><span class='ocrx_word' id='word_1_308' title='bbox 2127 3132 2129 3138; x_wconf 52' lang='lat'><strong><em>⁴</em></strong></span> <span class='ocrx_word' id='word_1_309' title='bbox 2144 3131 2166 3202; x_wconf 61' lang='grc' dir='ltr'><em>ὲ</em></span> 
     </span>
    </p>
   </div>
   <div class='ocr_carea' id='block_1_11' title="bbox 2074 2860 2103 3386">
    <p class='ocr_par' dir='ltr' id='par_1_16' title="bbox 2074 2860 2103 3386">
     <span class='ocr_line' id='line_1_40' title="bbox 2074 2860 2103 3386; baseline 0 0"><span class='ocrx_word' id='word_1_310' title='bbox 2074 2860 2103 3386; x_wconf 95' lang='lat' dir='ltr'><em> </em></span> 
     </span>
    </p>
   </div>
  </div>
 </body>
</html>
