2176 3386
1070 424 1183 478 XV.

698 564 777 617 De
818 565 1109 639 sepultura
1149 564 1549 620 ecclesiastica.

353 708 396 750 S.
435 705 791 751 poenitentiaria
825 705 897 750 die
931 706 988 750 20
1022 705 1175 769 martii
1213 706 1325 751 1885
1352 708 1407 752 ad
1440 708 1629 754 dubium
1667 710 1736 766 16,
1767 711 1835 769 17,
1874 726 2017 772 resp.:

238 809 258 830 a
284 789 524 835 sancimus
561 788 730 835 idcireo
762 789 883 848 quod
915 788 952 834 si
987 789 1155 848 publici
1189 791 1603 850 excommunicati,
1639 798 1685 838 et
1717 795 1886 854 publici
1918 810 2020 856 pec-

233 877 412 919 catores
445 873 651 919 nondum
689 872 915 918 Ecclesiae
948 873 1208 930 conciliati,
1249 874 1326 919 sed
1361 889 1467 920 cum
1502 876 1643 935 signis
1674 878 2020 936 resipiscentiae

233 957 513 1004 decesserint
553 958 784 1002 donentur
822 956 1034 1016 quidem,
1071 957 1194 1002 hisce
1237 958 1378 1016 signis
1414 960 1674 1018 evulgatiS,
1710 962 2019 1010 ecclesiastica

231 1042 481 1100 sepultura,
517 1041 594 1086 sed
627 1041 797 1100 absque
832 1040 1026 1099 pompis,
1062 1044 1108 1086 et
1141 1041 1512 1088 solemnitatibus
1545 1045 1848 1104 exequiarum
1875 1065 1912 1093 n.
1942 1076 1945 1078 >

349 1124 436 1178 Qui
469 1128 620 1169 sectae
645 1137 909 1169 massonum
935 1123 1124 1184 aliisque
1148 1124 1446 1171 societatibus
1474 1130 1531 1171 ab
1557 1127 1755 1174 Ecclesia
1788 1129 2020 1176 damnatis

230 1207 447 1265 adscripti
480 1211 604 1262 sunt,
641 1207 949 1253 ecclesiastica
983 1207 1215 1265 sepultura
1251 1198 1498 1267 privantur
1531 1224 1649 1270 quae
1682 1211 1800 1268 illis,
1836 1213 2018 1259 etiamsi

231 1289 394 1334 collata
430 1289 602 1334 fuerint
633 1294 949 1345 sacramenta,
985 1290 1200 1347 denegari
1233 1291 1396 1347 debet,
1432 1292 1468 1337 si
1502 1293 1839 1351 postulaverint
1876 1286 2016 1354 sepel-

231 1372 300 1417 liri
336 1387 442 1418 cum
475 1372 616 1431 signis
653 1377 805 1418 sectae
846 1378 892 1417 et
934 1374 1054 1418 hanc
1089 1374 1380 1420 voluntatem
1416 1380 1572 1434 postea
1606 1391 1699 1422 non
1735 1383 2017 1425 retractave-

233 1456 340 1501 rint.
376 1457 504 1511 Quod
537 1457 573 1501 si
607 1470 823 1515 perversa
857 1457 1051 1502 aliorum
1094 1473 1230 1516 opera
1280 1464 1441 1504 contra
1485 1460 1693 1506 defuncti
1727 1466 1888 1506 votum
1923 1477 2018 1507 em-

231 1539 430 1584 blemata
464 1544 616 1585 sectae
650 1541 818 1584 feretro
850 1540 1055 1599 apposita
1091 1541 1279 1598 fuerint,
1316 1542 1499 1600 cognita
1522 1558 1682 1589 earum
1711 1545 2014 1604 oppositione,

230 1621 386 1667 statim
420 1622 626 1668 amoveri
660 1622 911 1668 iubendum
946 1616 1031 1680 est,
1066 1629 1112 1668 et
1145 1626 1336 1670 omnino
1364 1631 1471 1670 ante
1505 1627 1858 1673 associationem
1883 1629 2015 1674 cada·

230 1704 353 1750 veris
384 1711 706 1751 amoveantur.
746 1709 844 1752 Sac.
883 1706 1057 1752 Poenit.
1094 1707 1201 1752 ibid.
1237 1709 1293 1754 ad
1332 1710 1443 1755 Dub.
1483 1711 1551 1756 18.
