2176 3386
3 3265 22 3309 ⁴).-
4 3245 19 3254 τ
4 3207 6 3209 ’

777 217 904 246 Lmen
934 217 957 246 1.
994 214 1050 242 DE
1079 215 1272 247 cnssniffls
1866 207 1918 247 25

140 313 205 371 rit
238 329 289 370 ut
322 326 366 370 in
405 330 657 385 posterum,
692 324 888 369 servatis
920 324 1068 383 quoad
1105 323 1276 383 reliqua
1311 323 1366 368 iis
1398 338 1515 383 quae
1557 324 1610 389 ‘in
1655 324 1917 382 supradicto

135 411 319 454 decreto
347 407 672 462 continentur,
712 406 1089 465 Archiepiscopus
1124 406 1391 465 provinciae
1438 407 1492 451 ad
1537 421 1675 465 quam
1720 407 1920 465 pertinet

141 492 336 537 Ecclesia
371 495 426 535 de
462 504 584 535 novo
619 494 800 534 Pastore
827 490 1123 547 providenda,
1151 490 1603 534 commendationem
1628 490 1918 534 sacerdotum

136 576 213 635 qui
250 578 568 633 proponuntur
600 573 652 616 ad
689 578 896 617 caeteros
931 571 1305 631 Archiepiscopos
1338 573 1626 616 transmittat
1647 572 1724 631 qui
1749 574 1790 616 S.
1818 571 1916 616 Sedi

138 673 267 704 suam
303 656 582 702 sententiam
617 656 671 700 de
714 655 1026 699 sacerdotibus
1067 655 1131 699 sic
1179 655 1515 700 commendatis
1553 655 1776 713 aperiant.
1839 659 1919 699 Da-

138 748 237 788 tum
272 747 360 787 etc.
402 761 440 786 υ.

259 831 414 871 Mense
447 830 603 869 tamen
641 823 826 881 Augusti
863 823 970 867 anni
1013 824 1121 867 1856
1157 823 1275 867 idem
1313 827 1502 867 Sacrum
1533 821 1780 868 Consilium
1818 825 1920 865 Pro-

142 911 305 955 vinciis
351 907 676 954 Ecelesiasticis
724 907 1056 961 Baltimorensi,
1105 910 1145 951 S.
1184 906 1419 960 Ludovici‚
1475 903 1919 951 Neo—Aurelianensi

137 1009 189 1039 ac
222 991 566 1039 Cincinnatensi
603 991 793 1035 indulsit
826 996 876 1034 ut
907 991 962 1035 de
996 991 1378 1035 commendandis
1411 989 1668 1034 candidatis
1703 1003 1781 1044 pro
1806 987 1919 1031 sedi-

140 1079 220 1122 bus
254 1077 528 1122 vacantibus
559 1080 722 1132 agatur
756 1075 800 1118 in
835 1075 1041 1119 coetibus
1085 1075 1407 1132 Episcoporum
1436 1071 1918 1132 comprovincialium,

137 1161 289 1206 addita
327 1164 505 1204 tantum
542 1157 817 1215 obligatione
851 1158 1077 1202 scribendi
1113 1160 1167 1202 ad
1204 1158 1609 1216 Metropolitanum
1645 1156 1717 1200 vel
1744 1154 1920 1213 Episco-

142 1259 247 1302 pum
286 1258 375 1288 non
413 1241 853 1300 comprovincialem
887 1256 1027 1300 quum
1066 1255 1135 1286 res
1168 1242 1227 1285 sit
1260 1243 1314 1285 de
1348 1239 1605 1286 candidatis
1628 1253 1652 1283 a
1681 1237 1921 1283 Provincia

140 1327 388 1372 extraneis.
427 1330 476 1370 In
510 1325 715 1371 Comitiis
753 1339 860 1369 vero
894 1325 1182 1382 generalibus
1214 1325 1285 1368 die
1320 1326 1343 1368 7
1383 1323 1570 1381 Augusti
1608 1323 1718 1366 1859
1745 1326 1790 1365 et
1814 1320 1923 1364 illud

141 1413 375 1457 decretum
413 1409 512 1463 l'uit,
550 1414 599 1453 ut
631 1423 736 1453 cum
760 1422 908 1453 novus
933 1408 1308 1465 Archiepiscopus
1333 1409 1403 1452 xel
1430 1405 1766 1464 Arelliepiscopi
1792 1403 1922 1447 coad-

142 1495 262 1539 iutor
295 1494 527 1551 eligendus
560 1494 634 1548 sit,
671 1506 833 1537 omnes
866 1493 985 1537 cirea
1021 1493 1244 1537 eiusmodi
1272 1491 1555 1536 electionem
1582 1490 1921 1534 foederatorum

142 1583 348 1623 statuum
388 1578 725 1634 Metropolitani
762 1578 1079 1621 cousulanlnr.

263 1666 397 1706 Porro
429 1662 514 1705 etsi
553 1660 777 1705 eiusmodi
815 1674 1000 1705 normas
1033 1661 1443 1718 opportunissimas
1477 1675 1574 1706 esse
1621 1676 1673 1706 ac
1717 1662 1924 1719 religiose

142 1747 199 1791 ab
235 1744 463 1804 Episcopis
487 1745 841 1789 F‹‘)ederalorum
878 1748 1088 1788 Statuum
1127 1745 1170 1788 in
1198 1744 1375 1802 praxim
1412 1745 1631 1789 deductas
1656 1746 1793 1789 fuisse
1817 1760 1923 1790 con-

143 1835 301 1886 staret,
338 1828 639 1873 nihilominus
659 1842 765 1872 cum
796 1828 902 1872 binc
925 1828 1140 1871 adiuncta
1168 1830 1286 1885 Sept.
1318 1828 1554 1872 Amerieae
1578 1828 1788 1885 graviora
1814 1842 1921 1887 quo⁴

146 1913 252 1958 tidie
303 1914 611 1966 efficerentur,
655 1903 1022 1970 sedulioremque
1080 1916 1315 1955 Pastorum
1366 1912 1590 1957 Ecclesiae
1638 1911 1925 1968 vigilantiam

146 1996 460 2055 exquirerent,
499 1995 601 2038 inde
629 2009 735 2038 xero
759 2009 876 2053 quae
910 1995 1112 2039 humana
1149 2000 1258 2039 sunt
1285 1995 1452 2038 mutari
1477 2009 1658 2053 semper
1681 1995 1726 2039 in
1765 1996 1927 2040 melius

146 2080 329 2125 valeant
363 2093 414 2124 ac
450 2078 602 2137 perlici
640 2078 846 2127 ulterius,
886 2083 1125 2137 propterea
1168 2079 1264 2122 Emi
1299 2093 1351 2122 ac
1399 2078 1498 2123 Rffii
1541 2082 1694 2124 Patres
1734 2083 1774 2123 S.
1813 2084 1925 2124 Con-

143 2164 418 2222 gregalionis
450 2164 504 2207 de
542 2166 667 2220 Prop.
712 2162 815 2206 Fide
849 2167 895 2206 et
928 2162 1012 2206 alia
1038 2162 1262 2221 quaedam
1290 2162 1565 2220 supradictis
1601 2162 1802 2207 Decretis
1824 2161 1926 2206 addi

143 2254 397 2307 opportune
433 2260 560 2305 posse
594 2251 895 2300 censuerunt,
931 2246 1179 2304 exquibus
1203 2246 1492 2290 sacerdotum
1518 2250 1573 2290 ad
1605 2246 1925 2304 Episcopatum

147 2335 191 2377 in
225 2332 278 2375 iis
315 2331 571 2388 regionibus
607 2330 933 2387 promotiones,
969 2333 1196 2388 quantum
1235 2330 1436 2373 bumana
1473 2330 1693 2387 fragilitas
1739 2328 1925 2386 patitur,

106 2432 109 2436 ’
146 2417 269 2460 omni
307 2429 489 2472 prorsus
521 2414 794 2471 exceptione
831 2414 1025 2458 maiores
1059 2427 1112 2457 ac
1146 2414 1229 2457 sub
1262 2414 1468 2472 quolibet
1503 2418 1711 2471 respectu
1756 2412 1928 2471 optime

149 2499 460 2544 obtineantur.

267 2583 574 2637 Quamobrem
611 2584 782 2626 factum
807 2586 876 2625 est
899 2585 950 2624 ut
973 2584 1107 2624 Sacra
1143 2580 1256 2624 baec
1279 2581 1578 2637 Congregatio
1602 2580 1720 2622 datis
1743 2578 1826 2622 sub
1857 2577 1929 2620 die

152 2669 207 2712 ⁹25
234 2668 335 2713 Maii
365 2668 477 2712 1854
495 2666 639 2710 literis
656 2665 711 2709 ad
735 2678 896 2709 omnes
920 2664 1274 2708 Foederatorum
1301 2667 1510 2708 statuum
1537 2662 1926 2719 Archiepiscopos,

152 2751 208 2795 ab
240 2751 399 2795 iisdem
437 2749 632 2808 petierit,
661 2753 710 2792 ut
731 2761 1050 2807 quaecumque
1072 2747 1119 2791 in
1150 2760 1230 2791 sua
1255 2748 1487 2791 sententia
1513 2746 1722 2804 prodesse
1748 2747 1931 2803 possent

152 2834 207 2878 ad
243 2833 564 2891 perficiendam
602 2833 824 2876 hactenus
860 2831 1092 2888 vigentem
1128 2829 1173 2874 in
1210 2830 1419 2874 America
1445 2831 1564 2887 Sept.
1590 2828 1818 2872 rationem
1853 2826 1929 2869 eli-

153 2917 284 2974 gendi
318 2930 551 2960 sacrorum
589 2915 843 2969 Antistites,
865 2929 916 2958 ea
941 2913 1183 2971 diligenter
1214 2918 1351 2972 atque
1375 2913 1575 2969 ingenue
1599 2911 1927 2969 patefacerent.

271 2999 647 3058 Quandoquidem
685 3012 794 3043 vero
827 3011 988 3042 omnes
1020 2997 1075 3041 ad
1109 3010 1253 3040 unum
1296 2995 1537 3039 memorati
1574 2990 1927 3051 Archicpiscopi,

157 3089 288 3140 prout
319 3082 508 3140 singulis
543 3082 588 3126 in
625 3081 820 3126 Domino
857 3082 1006 3124 visum
1042 3081 1209 3134 fuerat,
1247 3077 1583 3135 responderint,
1623 3075 1717 3120 Emi
1743 3089 1795 3119 ac
1832 3073 1930 3118 Rmi
