2176 3386
441 0 821 33 {ww-5„Fsvs

521 194 651 222 mai-:R
680 194 703 221 1.
735 193 791 221 DE
822 192 960 222 nauus
990 192 1226 221 ECCLEsxAE
1256 193 1583 222 SPIRITUALfflUS
1893 183 1947 222 69

163 305 312 360 potest
352 315 639 361 quorumque
672 301 985 347 confessiones
1017 301 1174 346 audire
1218 306 1264 347 et
1297 302 1423 347 irrita
1461 317 1643 362 prorsus
1674 308 1793 348 esset
1828 303 1945 350 eius-

158 384 264 429 dem
286 383 526 439 absolutio,
554 384 687 443 idque
711 383 1059 442 intelligendum
1084 389 1153 428 cst
1175 385 1230 430 de
1252 385 1488 430 canonicis
1511 377 1649 431 etiam
1674 387 1946 434 cathedralis

160 466 379 511 ecclesiae
403 466 434 510 ¹.

277 552 377 596 755.
415 554 490 595 Est
521 554 675 595 autem
709 550 992 609 approbatio,
1026 551 1254 597 Ordinarii
1289 552 1343 597 de
1376 553 1569 597 alicuius
1602 554 1858 598 Sacerdotis
1889 553 1945 598 ad

157 634 407 680 audiendas
429 634 740 680 confessiones
764 635 1012 680 idoneitate
1038 635 1271 681 iudicium.
1305 642 1402 690 Qua
1426 651 1484 681 ex
1508 636 1776 682 definitioni¹
1803 641 1943 695 patet,

157 719 532 778 approbationem
573 732 670 763 esse
704 718 810 778 quid
849 718 1119 763 distinctum
1158 734 1182 763 a
1217 719 1562 776 iurisdictione,
1607 721 1831 780 siquidem
1867 736 1942 780 ap·

158 803 348 860 probare
380 806 448 846 est
481 802 711 847 declarare
744 802 942 862 aliquem
967 802 1154 859 dignum
1190 804 1262 847 cui
1298 818 1321 848 a
1347 804 1552 862 legitimo
1575 805 1814 862 Superiore
1845 819 1942 862 pos-

155 886 248 930 sint
282 885 425 944 reipsa
470 890 516 930 et
549 887 595 930 in
627 890 733 931 actu
768 886 968 931 secundo
1002 886 1231 931 committi
1266 886 1463 938 subditi,
1510 888 1555 931 in
1589 901 1703 947 quos
1738 889 1940 934 clavium

157 974 430 1028 potestatem
464 975 694 1026 exerceat,
731 970 1095 1015 iurisdictionem
1133 985 1242 1015 vcro
1274 973 1503 1026 conferre,
1539 976 1608 1016 est
1631 972 1712 1030 ipsi
1737 972 1941 1017 subditos

153 1054 399 1112 assignare.

275 1136 548 1195 Approbatio
580 1137 745 1194 duplex
780 1143 876 1193 est,
913 1152 1130 1195 expressa
1162 1137 1338 1182 scil-icet
1370 1142 1416 1183 et
1448 1142 1607 1184 tacita.
1667 1139 1941 1197 Approbatio

151 1220 186 1264 si
225 1220 440 1279 Episcopo
476 1220 705 1264 videbitur
739 1221 1067 1274 necessarium,
1106 1220 1312 1265 facienda
1338 1226 1407 1266 est
1430 1222 1646 1266 examine
1671 1221 1937 1279 praemisso,

151 1302 282 1361 eique
316 1302 547 1361 integrum
582 1309 651 1348 est
683 1304 753 1348 ins
787 1304 981 1349 vocandi
1006 1305 1059 1348 ad
1091 1319 1263 1349 novum
1289 1320 1486 1350 examen
1523 1306 1788 1350 Sacerdotes
1823 1306 1937 1362 illos,

151 1401 264 1445 quos
298 1387 392 1445 ipse
425 1387 711 1446 approbavit.
749 1392 844 1432 Imo
880 1390 1045 1447 poterit
1078 1388 1217 1432 etiam
1255 1389 1480 1433 Parocbos
1503 1390 1556 1433 ad
1582 1404 1779 1434 examen
1807 1404 1938 1434 revo-

148 1483 268 1524 care,
306 1470 340 1514 si
376 1470 573 1527 prudens
605 1471 802 1529 suspicio
835 1473 889 1515 de
923 1485 1080 1515 corum
1117 1471 1345 1529 imperitia
1379 1472 1641 1516 suboriatur
1673 1487 1731 1517 ex
1754 1473 1938 1517 noviter

148 1553 354 1598 deductis
395 1553 534 1599 etiam
574 1554 983 1598 extraiudicialiter
1025 1554 1215 1600 indiciis.
1273 1555 1399 1609 Quod
1440 1555 1475 1600 si
1522 1556 1633 1601 baec
1678 1556 1936 1614 imperitiae

147 1636 312 1681 indicia
338 1650 430 1681 non
455 1636 826 1693 supervenerint,
864 1651 955 1682 non
993 1638 1192 1694 poterint
1227 1638 1415 1682 Parochi
1449 1638 1506 1682 ab
1528 1638 1689 1683 eodem
1716 1639 1934 1698 Episcopo

145 1733 169 1763 a
203 1733 292 1778 quo
324 1720 559 1778 approbati
595 1721 798 1775 fuerunt,
835 1720 1002 1765 iterum
1036 1720 1191 1765 vocari
1226 1721 1281 1765 ad
1314 1736 1537 1777 examen,
1575 1726 1622 1765 at
1658 1725 1874 1780 poterunt
1909 1736 1933 1766 a

145 1816 407 1849 successore
430 1804 462 1846 ².
499 1806 636 1848 Porro
658 1805 733 1862 qui
758 1803 1033 1862 approbatus
1056 1808 1125 1848 cst
1147 1804 1203 1848 ab
1227 1818 1319 1848 uno
1346 1804 1565 1863 Episcopo
1600 1819 1679 1863 pro
1705 1819 1785 1850 sua
1809 1805 1930 1850 dioe-

143 1886 251 1943 cesi,
288 1900 381 1931 non
405 1889 474 1931 est
496 1887 755 1932 censendus
787 1887 1064 1946 approbatus
1099 1901 1177 1945 pro
1200 1887 1299 1932 aliis
1321 1887 1621 1944 dioecesibus,
1657 1888 1734 1934 sed
1771 1888 1816 1933 in
1840 1889 1931 1934 sin—

142 1970 257 2028 gulis
290 1984 411 2015 nova
444 1971 773 2029 approbatione
807 1970 994 2030 indiget.
1035 1973 1249 2016 Attamen
1286 1972 1552 2017 Sacerdotes
1588 1971 1674 2016 iter
1709 1975 1932 2017 transma-

142 2054 297 2101 rinum
338 2055 619 2114 suscepturi,
665 2058 857 2114 possunt
889 2055 946 2100 ab
979 2055 1221 2101 Ordinario
1256 2056 1342 2100 loci
1378 2056 1499 2100 unde
1543 2070 1689 2101 naves
1722 2055 1926 2113 solvunt,

140 2137 300 2183 donari
346 2139 562 2183 facultate
594 2139 651 2184 ad
685 2138 981 2198 excipiendas
1025 2138 1227 2184 fidelium
1260 2153 1419 2185 secum
1452 2140 1777 2198 navigantium
1822 2155 1931 2186 con-

142 2221 363 2266 fessiones
394 2225 600 2280 tempore
634 2222 972 2280 navigationis,
1020 2235 1160 2281 nsque
1195 2222 1304 2267 dum
1349 2222 1626 2280 perveniant
1657 2223 1713 2267 ad
1747 2223 1926 2280 locum,

141 2304 214 2348 ubi
240 2304 354 2349 alius
378 2306 590 2362 Superior
612 2306 949 2350 ecclesiasticus
974 2306 1287 2351 iurisdictione
1314 2306 1486 2364 pollens
1509 2308 1789 2351 constitutus
1820 2307 1880 2351 sit
1897 2308 1927 2351 ³.

258 2388 358 2431 756.
396 2387 552 2441 Quoad
578 2390 806 2444 regulares
840 2390 1092 2434 tenendum
1115 2395 1198 2442 est,
1226 2403 1385 2434 eorum
1412 2391 1646 2434 Praesules
1678 2389 1926 2447 ordinaria,

139 2474 316 2514 cetoros
347 2470 550 2528 delegata
586 2471 898 2516 iurisdictione
934 2473 1100 2531 pollen=
1133 2473 1281 2532 quoad
1305 2487 1381 2517 eos
1414 2474 1490 2532 qui
1526 2474 1805 2531 regularium
1831 2474 1927 2519 iure

138 2557 400 2597 censentur.
450 2553 606 2605 Quoad
644 2568 752 2598 vero
785 2554 1121 2600 confessionem
1157 2555 1480 2610 saecularium,
1521 2557 1763 2613 Regulares
1797 2556 1928 2600 inris-

137 2635 388 2680 dictionem
422 2636 656 2694 accipiunt
688 2651 713 2682 a
752 2641 956 2682 Romano
993 2638 1242 2692 pontifice,
1289 2639 1365 2683 sed
1400 2644 1537 2696 egent
1573 2639 1801 2685 ordinarii
1838 2639 1921 2684 loci

137 2718 464 2777 approbatione
498 2719 552 2763 ad
588 2717 900 2765 confessiones
932 2722 1227 2780 excipiendas
1245 2723 1277 2766 ⁴.
1340 2727 1403 2766 Ex
1441 2723 1524 2767 hac
1559 2737 1669 2768 vero
1708 2725 1926 2781 approba-

259 2861 269 2881 ¹
300 2861 334 2898 S.
361 2862 493 2908 Congr.
521 2863 631 2900 Conc.
661 2864 676 2899 1
707 2874 782 2910 apr.
813 2864 912 2902 1796.

261 2933 273 2951 ²
300 2934 404 2970 RoTA
430 2934 550 2970 Decis.
579 2934 660 2980 257,
687 2935 766 2980 258,
796 2946 828 2981 p.
855 2936 887 2972 2.
916 2937 1063 2974 Recent.

259 3003 272 3022 ³
300 3004 335 3041 S.
362 3005 403 3041 U.
430 3004 535 3051 Inqu.
565 3006 606 3042 17
638 3007 759 3043 Martii
789 3006 878 3044 1869
905 3009 951 3044 ad
981 3009 1046 3054 Ep.
1073 3009 1230 3046 Nannct.

255 3075 268 3095 '⁴
298 3076 352 3113 Ex
378 3077 481 3113 Decr.
512 3077 650 3114 Urbani
679 3079 767 3115 VIII
795 3088 855 3115 an.
884 3079 975 3115 1628
1000 3084 1036 3116 et
1065 3080 1269 3117 innocentii
1299 3081 1331 3117 X
1357 3091 1417 3118 an.
1446 3081 1548 3118 1648.
