2176 3386
235 172 289 212 90
879 175 990 206 PARS
1018 177 1043 204 1.
1078 175 1135 203 DE
1163 173 1375 203 mansonis

235 289 441 348 abrogat,
476 291 578 332 tum
610 286 717 346 quia
750 285 863 330 haec
896 282 1181 328 consuetudo
1214 281 1494 338 leqislatoris
1525 293 1751 324 consensu
1775 294 1867 325 non
1902 294 2015 326 vero

238 374 361 418 facto
395 385 562 430 nempe
595 369 799 414 moribus
832 366 981 426 populi
1018 366 1113 410 vim
1150 364 1302 419 habet,
1329 368 1427 408 lum
1451 363 1556 422 qnia
1586 377 1644 407 ex
1666 362 1883 408 diuturna
1906 364 2014 408 facti

236 455 590 510 consuetudine,
625 452 725 498 aliis
758 451 1090 497 comitantibus
1123 447 1370 507 requisitis,
1405 447 1460 491 de
1492 446 1659 506 quibus
1690 447 1899 503 inferius,
1943 448 2017 492 lem

238 539 337 584 lata
370 537 670 583 irrationalis
702 534 898 580 efficitur
932 535 960 577 ¹.

364 623 460 666 1:21.
508 622 547 677 b)
588 623 755 663 Verum
791 631 896 662 cum
935 617 1008 660 lex
1043 613 1446 660 consuetudinaria
1498 627 1589 658 non
1641 613 2018 671 promulgationis

219 699 316 750 ‘sed
349 706 591 749 diuturnis
626 701 774 761 populi
813 700 1016 743 moribus
1049 697 1385 752 introducatur,
1421 700 1617 754 oportet,
1654 702 1704 740 ut
1731 697 1911 755 propria
1945 711 2013 741 re·

238 788 404 848 quisita
441 787 621 841 habeat,
648 780 700 829 eo
724 784 857 828 modo
881 796 971 841 quo
996 780 1187 840 propriis
1211 779 1441 838 requisitis
1464 779 1537 824 lex
1569 784 1760 824 ornatur
1791 783 2019 838 quatenus

239 886 318 930 per
347 871 778 928 promulqutt'onem
805 863 1131 910 communitati
1158 864 1425 921 imponitur.
1459 863 1665 918 Interim,
1689 863 1809 922 quod
1831 863 1887 907 ad
1910 876 2018 907 con·

238 954 529 998 suetudinem
565 952 781 1010 pertinet,
818 952 862 1006 u)
901 963 959 992 ex
994 951 1120 1006 parte
1156 946 1373 1004 principis
1417 960 1664 990 consensus
1705 945 1905 1004 exigitur
1946 947 2016 990 vel

238 1040 404 1081 tacitus
440 1037 511 1080 vel
544 1039 875 1092 praesumplus
898 1046 976 1075 seu
1001 1031 1165 1087 leyulis
1189 1030 1220 1074 ‘·'.
1262 1029 1442 1074 Etenim
1466 1028 1679 1087 obligatio
1703 1029 1750 1073 in
1777 1034 1869 1074 tota
1893 1043 2018 1074 com·

243 1121 469 1165 munitate
503 1118 610 1163 oriri
647 1131 739 1162 non
775 1119 925 1174 potest
958 1114 1042 1158 nisi
1078 1113 1134 1158 ab
1168 1126 1220 1157 eo
1254 1112 1330 1171 qui
1365 1126 1523 1156 curam
1558 1111 1908 1157 communitatis
1942 1112 2018 1156 ha-

240 1207 315 1249 bet
366 1217 529 1260 nempe
581 1216 603 1245 a
656 1199 879 1256 Principe.
939 1202 986 1242 ln
1024 1198 1119 1254 lege
1157 1195 1442 1253 LegislatoriS
1489 1208 1741 1239 consensus
1779 1209 2019 1252 expressus

239 1287 494 1341 invenitur,
531 1286 637 1344 qnia
672 1286 745 1328 lex
780 1283 878 1327 eins
914 1283 1153 1325 voluntate
1186 1281 1357 1323 de'reele
1401 1279 1677 1337 imponitur,
1714 1294 1738 1323 e
1777 1284 1936 1323 contra
1973 1279 2017 1323 in

240 1370 574 1416 consuetudine
608 1382 723 1427 quae
758 1367 904 1411 oritur
950 1379 1007 1409 ex
1053 1363 1203 1422 populi
1256 1363 1473 1407 moribus.
1536 1364 1632 1407 Uno
1669 1362 1807 1406 verbo
1842 1362 1887 1406 in
1922 1362 2018 1420 lege

240 1453 461 1511 Principis
485 1453 700 1496 voluntas
723 1449 978 1506 oblifflcndz',
1016 1448 1061 1491 in
1086 1446 1418 1491 consuetudine
1442 1460 1655 1490 assensus
1677 1446 1920 1502 oble‘yundz'
1950 1461 2017 1490 re-

239 1536 450 1595 quiritur.
499 1535 625 1589 Quod
660 1534 772 1578 adeo
807 1546 970 1576 verunt
1011 1534 1107 1584 est,
1144 1534 1193 1573 ut
1234 1529 1266 1572 si
1310 1529 1355 1572 in
1395 1529 1595 1588 aliquam
1634 1529 2015 1573 consuetudinem

242 1619 456 1677 Princeps
488 1632 697 1675 expresse
730 1615 1008 1669 consentiat,
1046 1614 1135 1658 iam
1171 1613 1455 1658 consuetudo
1489 1614 1561 1657 lex
1590 1613 1898 1670 protnulyatu
1931 1614 2020 1658 effi-

239 1703 372 1746 citur.
411 1705 668 1747 Consensns
700 1703 855 1744 autem
890 1699 1059 1743 tacitus
1094 1698 1314 1741 interesse
1349 1701 1551 1754 putatur,
1588 1696 1768 1755 quoties
1790 1697 2019 1754 legislator

239 1786 622 1830 consuetudinem
657 1784 976 1827 introductam
1012 1783 1205 1835 noverit,
1241 1784 1289 1824 at
1328 1793 1420 1824 non
1465 1780 1685 1824 reclamat
1728 1794 1833 1825 cum
1878 1782 2015 1827 recla-

242 1884 368 1914 mare
398 1872 537 1927 possz't
568 1875 609 1912 ec
641 1868 825 1911 debent:
859 1866 944 1910 hoc
977 1878 1112 1910 sensu
1146 1862 1382 1908 exclusive
1428 1863 1700 1921 principium
1746 1864 1893 1908 valet.-
1941 1868 2022 1923 qui

241 1960 357 1998 lueet
388 1955 647 1997 consentire
678 1951 862 1994 videtur
897 1950 925 1992 ²³.
963 1954 1113 2002 Quare
1146 1947 1380 1992 silentium
1414 1951 1465 1990 ut
1491 1946 1657 1991 dicitur
1678 1951 2016 1992 oeconomicum

240 2050 318 2082 seu
353 2037 407 2080 ad
444 2035 614 2080 maiora
651 2036 767 2079 mala
803 2034 1009 2086 vitanda,
1047 2031 1156 2075 iuris
1189 2030 1570 2076 consuetudinem
1605 2029 1807 2088 impedit.
1847 2035 1918 2076 [us
1941 2044 2018 2075 na-

361 2245 368 2263 ¹
398 2245 450 2280 cf.
481 2244 625 2281 SUAREZ
653 2254 711 2289 op.
738 2254 766 2279 6.
795 2245 857 2289 qui
886 2243 1031 2288 regulas
1069 2242 1168 2278 addit
1202 2242 1247 2277 ad
1280 2240 1585 2278 consuetudinem
1626 2240 1842 2275 rationalem
1882 2249 2021 2285 cogno-

241 2318 425 2354 scendam.

362 2389 373 2407 ²
402 2390 438 2424 L.
459 2389 502 2424 3⁰2
531 2389 564 2426 ff.
585 2389 629 2425 de
656 2389 723 2424 LL.
744 2389 781 2424 L.
803 2388 834 2423 2.
863 2388 947 2423 Cod.
977 2387 1077 2430 Quae
1104 2387 1150 2423 sit
1178 2386 1290 2430 longa
1317 2384 1556 2421 consuetudo.
1584 2383 1767 2419 D.Tl101n.
1797 2383 1849 2420 la.
1868 2382 1942 2418 2³0.
1962 2382 2019 2426 97,

241 2462 262 2497 5
289 2461 334 2497 ad
361 2461 393 2496 5.
420 2461 459 2497 L.
485 2462 615 2507 quibus
651 2460 683 2496 ff.
711 2460 756 2497 de
784 2460 850 2496 LL.
880 2459 940 2495 ubi
970 2459 1145 2495 IULiANus
1170 2458 1219 2493 all
1256 2471 1267 2487 a
1288 2466 1373 2493 nam
1401 2465 1516 2502 quum
1545 2455 1646 2501 ipsae
1680 2454 1780 2500 leges
1816 2453 1918 2490 nulla
1948 2453 2022 2489 alia

242 2543 287 2570 ex
314 2543 425 2570 causa
451 2543 518 2569 nos
546 2537 704 2573 teneant,
731 2541 842 2576 quam
870 2531 969 2577 quod
997 2528 1132 2566 iudicio
1160 2529 1286 2575 populi
1316 2532 1484 2574 receptae
1524 2531 1607 2563 sunt
1636 2526 1767 2562 merito
1793 2530 1828 2561 et
1853 2534 1896 2562 ea
1925 2534 2020 2570 quae

242 2605 322 2642 sine
350 2605 425 2641 ullo
453 2604 590 2649 scripto
619 2603 776 2649 populus
815 2602 1007 2648 probavit,
1045 2601 1222 2638 tenebunt
1249 2609 1397 2636 omnes:
1433 2608 1518 2635 nam
1545 2598 1633 2644 quid
1659 2598 1810 2634 interest
1844 2595 2019 2641 suffragio

242 2676 401 2723 populus
431 2676 655 2711 voluntatem
683 2684 787 2710 suam
811 2674 971 2710 declaret
991 2682 1039 2708 an
1065 2672 1175 2708 rebus
1203 2672 1293 2717 ipsis
1313 2675 1347 2707 et
1369 2668 1505 2706 factis?
1531 2671 1653 2713 Quare
1680 2668 1883 2704 rectissime
1909 2666 2019 2703 etiam

242 2747 334 2784 illud
363 2751 552 2792 receptum
579 2750 633 2782 est
660 2750 698 2781 ut
726 2745 826 2790 leges
853 2754 929 2780 non
955 2743 1073 2780 solum
1102 2742 1277 2788 sum-agio
1305 2741 1540 2787 legislatoris,
1566 2740 1630 2776 sed
1655 2740 1767 2776 etiam
1799 2738 1908 2774 tacito
1933 2747 2020 2773 con-

243 2829 355 2856 sensu
383 2818 547 2855 omnium
576 2826 639 2863 per
664 2816 944 2854 desuetudinem
970 2815 1197 2860 abrogentur
1215 2827 1246 2849 ».
1283 2813 1440 2849 Notelur
1465 2812 1565 2858 quod
1590 2821 1673 2848 cum
1699 2810 1890 2848 canonicis
1922 2808 2022 2844 insti-

245 2890 333 2926 tutis
358 2889 402 2925 de
429 2888 697 2925 consuetudine
724 2897 800 2924 non
826 2887 1001 2923 convenit
1027 2886 1098 2922 hac
1124 2886 1162 2921 in
1194 2885 1292 2931 lege,
1319 2894 1366 2921 ex
1394 2885 1510 2921 forma
1535 2882 1723 2920 societatis
1751 2882 1937 2919 Romanae
1962 2879 2020 2916 de-

242 2961 461 2997 mocraticae
486 2959 753 2996 desumendum
781 2969 864 2995 esse.
925 2942 931 2951 ⁴

362 3031 376 3052 ²
403 3032 491 3076 Reg.
517 3030 573 3073 45,
600 3029 644 3066 44
671 3029 709 3066 in
736 3029 795 3066 VI.
992 3046 996 3049 -
1599 3037 1623 3048 “
