2176 3386
248 220 328 260 334
507 221 509 227 ’
785 228 792 235 ·
890 232 1001 262 PARS
1030 233 1054 261 1.
1090 233 1146 261 DE
1175 233 1387 263 PERsoms

247 337 431 393 babere,
466 352 572 384 cum
606 343 744 398 caput
775 340 801 384 5
837 358 856 380 α
881 339 1117 385 Odoardus
1141 358 1160 380 n
1196 340 1253 384 de
1282 339 1584 385 solutionibus
1614 341 1732 400 quod
1772 340 1830 387 ab
1868 346 2024 388 aucto—

247 422 371 466 ribus
417 421 548 468 citari
583 423 699 468 solet
731 422 844 468 nihil
898 424 943 467 In
978 438 1026 469 re
1075 425 1250 482 probet.
1308 426 1424 468 Nam
1460 423 1566 468 illud
1616 427 1815 470 tantum,
1842 424 1891 470 in
1923 423 2022 470 iure

245 504 528 551 declaratum
561 509 691 550 extat
724 508 892 550 iniuste
924 508 1380 551 excommunicatam
1413 504 1557 562 fnisse
1587 506 1810 550 clericum
1858 507 2024 551 debito·

245 600 345 631 rem
377 601 482 631 cnm
514 588 687 631 solvere
720 601 815 631 non
846 593 1004 644 posset.
1043 589 1100 632 At
1132 588 1249 632 forte
1284 587 1320 632 is
1353 587 1445 632 iam
1480 587 1609 637 bonis
1631 593 1846 644 cesserat,
1878 602 2020 649 quare

246 669 439 714 ulterius
470 670 747 728 premendus
781 684 873 715 non
907 672 1005 714 erat
1037 684 1175 729 quam
1210 675 1260 714 ut
1293 671 1634 730 repromitteret
1665 684 1712 716 se
1762 677 1874 716 tunc
1906 673 2020 718 solu-

246 757 402 798 turum
437 768 543 799 cum
577 755 631 798 ad
666 753 951 812 pinguiorem
995 755 1229 799 fortunam
1265 754 1548 812 pervenisset
1574 755 1602 799 ¹.
1655 813 1663 817 ἐ

365 837 467 881 419.
505 837 706 881 Tandem
740 836 892 881 clerici
916 837 1055 881 etiam
1083 836 1389 882 immunitatis
1411 852 1434 881 a
1465 837 1764 895 vectigalibus
1788 838 2024 897 privilegio

244 919 520 976 gaudebant,
546 920 669 977 quod
690 923 845 964 tamen
882 918 1171 978 privilegium
1205 920 1398 965 diversis
1422 921 1702 979 temporibus
1741 921 2023 967 immutatio-

248 1016 328 1047 nes
362 1016 542 1061 passum
576 1008 645 1047 est
668 1003 698 1047 ².

1002 1158 1180 1202 CAPUT
1216 1161 1265 1201 11.

653 1279 713 1314 DE
741 1277 1046 1315 CLERICORUM
1075 1278 1274 1315 OFFICIIS
1303 1278 1362 1314 AC
1388 1278 1623 1315 ONERIBUS

363 1409 466 1454 420.
507 1407 703 1452 Ecclesia
738 1422 830 1452 non
866 1407 999 1452 modo
1032 1412 1274 1452 externam
1308 1407 1384 1452 sed
1418 1408 1556 1452 etiam
1600 1413 1647 1452 et
1678 1408 1861 1468 quidem
1884 1423 2022 1469 quam

249 1492 450 1537 maxime
484 1491 715 1536 internam
749 1492 1043 1536 sanctitatem
1077 1506 1100 1535 a
1134 1491 1228 1536 suis
1266 1491 1443 1536 clericis
1487 1491 1645 1550 exigit.
1701 1494 1756 1536 Ut
1788 1493 2020 1537 internam

246 1577 541 1621 sanctitatem
566 1580 923 1634 consequantur,
953 1575 1149 1619 Ecclesia
1183 1579 1310 1632 optat
1342 1580 1393 1619 ut
1424 1574 1575 1620 clerici
1599 1580 1889 1620 sacramenta
1915 1579 2021 1620 Poe-

249 1660 473 1706 nitentiae
508 1674 561 1704 ac
598 1658 906 1704 Eucharistiae
940 1658 1206 1715 suscipiant.
1243 1662 1392 1711 Quare
1427 1658 1470 1702 in
1495 1657 1761 1703 Tridentino
1784 1658 1984 1704 Concilio
2006 1659 2021 1682 ⁸

245 1742 509 1789 decernitur
554 1763 573 1783 α
612 1745 772 1788 Sciant
826 1745 1030 1787 maxime
1076 1742 1235 1786 decere
1280 1744 1322 1786 si
1362 1742 1525 1786 saltem
1578 1742 1734 1785 dlebns
1778 1742 2023 1786 domenicis

246 1834 287 1872 et
315 1828 593 1872 solemnibus
634 1840 739 1870 cnm
783 1827 932 1871 altari
980 1828 1373 1881 ministraverint,
1407 1839 1596 1871 sacram
1645 1828 2022 1870 communionem

243 1913 538 1968 perceperint
563 1928 603 1952 n.
640 1912 809 1953 Verum
835 1908 1119 1966 praesertim,
1157 1913 1206 1951 ut
1242 1912 1382 1966 patet,
1417 1907 1471 1952 de
1505 1911 1699 1952 externa
1747 1907 2018 1951 clericorum

248 1994 344 2038 vita
377 1997 617 2052 praecepta
650 1993 755 2037 data
788 1996 910 2036 sunt.

364 2079 467 2122 421.
507 2078 679 2135 Duplex
714 2077 966 2121 officiorum
999 2091 1142 2134 genus
1176 2076 1221 2121 in
1255 2075 1457 2135 quolibet
1481 2089 1669 2120 munere
1704 2074 2018 2120 continentur.

246 2164 437 2219 Oportet
459 2160 583 2205 enim
622 2161 659 2216 1)
698 2164 748 2203 ut
769 2160 978 2214 clericus,
1003 2159 1078 2218 qui
1116 2173 1306 2204 munere
1329 2158 1638 2203 ecclesiastico
1671 2162 1880 2213 ornatur,
1905 2171 2023 2216 quae

247 2244 301 2289 ad
345 2244 463 2288 idem
508 2257 678 2288 munus
710 2243 796 2287 rite
838 2237 1147 2288 exercendum
1194 2244 1449 2287 necessaria
1484 2247 1592 2286 sunt
1624 2241 1864 2296 adhibeat,
1900 2244 1947 2285 et
1978 2242 2020 2296 2)

247 2330 298 2370 ut
328 2340 445 2385 quae
476 2326 533 2370 ab
565 2326 724 2370 eodem
762 2339 952 2369 munere
976 2325 1060 2370 rite
1094 2324 1352 2370 exercendo
1387 2324 1715 2382 impedimento
1747 2327 1871 2378 sunt,
1896 2323 2025 2368 cleri-

247 2421 327 2453 cus
359 2422 383 2452 a
416 2421 462 2452 se
496 2412 666 2452 arceat.

364 2493 466 2536 422.
503 2495 599 2545 Qua
632 2491 687 2535 de
737 2503 872 2535 causa
906 2490 1044 2534 etiam
1079 2489 1351 2534 clericorum
1391 2489 1536 2546 officia
1571 2488 1614 2532 in
1654 2488 1880 2546 duplicem
1912 2488 2022 2532 clas-

245 2589 341 2621 sem
375 2575 546 2634 optime
578 2574 721 2619 dividi
756 2577 969 2632 possunt,
1002 2576 1230 2632 quatenus
1261 2572 1348 2617 alia
1380 2572 1474 2616 sint
1505 2571 1650 2617 officia
1680 2574 1900 2630 positiva,
1935 2570 2022 2616 alia
2080 2563 2089 2566 ⁴
2158 2568 2169 2612 ᾼ

366 2730 375 2749 ¹
404 2731 442 2766 L.
473 2731 540 2774 Qui
579 2731 679 2767 bonis
711 2729 744 2766 ff.
771 2730 814 2766 de
842 2739 935 2766 cess.
967 2729 1051 2765 bon.
1086 2728 1138 2765 Cf.
1166 2729 1306 2766 Walter
1343 2728 1512 2766 Manuale
1546 2728 1581 2765 di
1609 2728 1733 2764 diritto
1769 2727 2022 2765 ecclesiastico

246 2813 280 2848 p.
300 2802 330 2838 1.
349 2802 520 2839 Gudelini
547 2802 591 2838 de
618 2802 698 2838 iure
725 2802 942 2844 novissimo,
970 2800 1033 2837 lib.
1059 2799 1091 2842 6,
1111 2810 1190 2846 cap.
1218 2800 1250 2835 7.

365 2873 377 2892 ¹
403 2874 442 2910 C.
470 2873 503 2916 8,
532 2873 586 2916 10,
615 2872 670 2915 14,
699 2872 752 2914 15,
778 2871 835 2916 26,
861 2872 907 2908 56
933 2872 970 2908 C.
997 2871 1064 2908 Th.
1093 2871 1137 2908 de
1165 2872 1278 2918 episc.
1308 2870 1432 2918 (XVI.
1459 2869 1513 2917 2).
1554 2870 1680 2907 Const.
1709 2870 1739 2913 1,
1767 2870 1799 2914 2,
1827 2869 1859 2913 5,
1879 2870 1901 2906 6
1930 2869 2018 2907 Cod.

246 2945 374 2982 Iustm.
403 2945 449 2981 de
474 2945 639 2991 episcop.
670 2943 791 2990 (1-5);
817 2954 851 2981 c.
877 2944 927 2987 4,
954 2943 973 2978 7
1002 2943 1135 2980 decret.
1165 2943 1209 2979 de
1236 2943 1422 2979 immunit.
1455 2941 1533 2989 (III.
1561 2940 1640 2988 59);
1668 2951 1700 2978 c.
1728 2941 1750 2977 4
1776 2941 1820 2978 de
1846 2940 2020 2979 censibus

247 3015 286 3052 in
310 3014 374 3052 VI.
402 3016 516 3053 Clem.
545 3016 567 3052 5
594 3016 677 3052 eod.

366 3086 379 3106 ³
405 3088 505 3125 Sess.
534 3087 670 3131 XXIII,
696 3086 784 3133 Cap.
813 3087 901 3124 XIII
928 3087 973 3124 de
998 3086 1075 3123 Ref-
1102 3085 1156 3123 Cf.
1185 3086 1285 3123 Sess.
1313 3085 1441 3123 XXIV
1467 3085 1512 3122 de
1538 3084 1615 3121 Ref.

2159 412 2176 477 'l

2160 488 2176 590 l

2168 593 2176 631 l
