2176 3386
503 227 630 255 LIBER
661 227 688 254 1.
721 226 777 254 DE
808 224 946 253 REBUS
976 223 1212 252 ECCLESIAE
1241 221 1569 251 SPIRITUALIBUS
1879 209 1936 249 79

138 335 261 390 vice,
296 333 478 392 expleta
511 331 828 391 deputatione,
864 329 1176 377 confessiones
1209 327 1480 374 monialium
1516 327 1683 386 poterit
1714 327 1935 384 excipere

134 418 328 463 ulterius
351 417 383 462 ¹.

256 502 358 547 765.
398 504 534 546 Porro
575 500 697 560 quod
729 499 899 544 attinet
939 499 993 543 ad
1027 496 1337 544 Confessarios
1375 495 1658 551 ordinarios,
1698 494 1735 540 si
1768 498 1936 552 agatur

139 586 194 631 de
228 584 504 631 monialibus
535 582 671 628 alicui
697 581 924 641 Superiori
950 580 1144 639 regulari
1169 579 1399 634 obnoxiis,
1428 579 1660 623 praetatus
1682 577 1776 638 ipse
1802 592 1927 636 prae-

136 673 319 715 sentare
353 672 399 712 et
421 681 674 726 proponere
697 679 774 711 eos
796 666 947 720 debet,
987 663 1205 724 Episcopo
1229 663 1560 722 approbandos.
1599 661 1794 720 Singulis
1820 675 1934 706 xero

139 752 352 798 trienniis
385 750 602 797 ordinarii
638 749 910 797 Confessarii
946 749 1115 793 mutari
1139 748 1309 793 debent
1335 747 1368 803 2,
1404 751 1449 791 et
1472 746 1642 791 debent
1664 758 1762 790 esse
1784 744 1829 790 in
1855 759 1928 790 ae-

138 841 233 881 tate
267 837 325 881 40
358 848 588 880 annorum
622 834 877 879 constituti.
932 832 1142 877 Facultas
1177 844 1286 875 vero
1330 830 1544 874 eumdem
1592 828 1927 873 confessarium

137 918 444 964 confirmandi
477 931 529 962 ea
564 916 831 962 conditione
862 915 976 960 solet
1007 929 1032 959 a
1069 916 1109 959 S.
1146 917 1308 972 Congr.
1346 912 1566 968 concedi,
1614 915 1664 956 ut
1697 911 1734 956 si
1767 915 1936 970 agatur

138 1002 192 1046 de
227 1001 430 1046 secundo
464 999 691 1054 triennio,
737 1011 989 1043 consensus
1021 997 1217 1041 duarum
1257 997 1418 1040 saltem
1453 1010 1509 1040 ex
1549 994 1692 1039 tribus
1726 994 1936 1051 partibus

136 1098 346 1129 sororum
372 1082 685 1142 capitulariter
707 1096 760 1127 ac
785 1096 862 1140 per
884 1085 1060 1126 secreta
1085 1079 1299 1138 suffragia
1324 1078 1624 1138 praestandus
1649 1078 1925 1137 requiratur:

136 1167 171 1212 si
209 1181 318 1211 vero
352 1166 406 1211 de
441 1165 736 1210 ulterioribus
769 1164 998 1220 trienniis,
1034 1163 1244 1208 omnium
1280 1163 1378 1221 piae
1401 1162 1564 1206 domus
1587 1175 1796 1207 sororum
1820 1175 1927 1206 con-

137 1263 315 1305 sensus,
354 1253 403 1293 ut
435 1262 569 1306 supra
607 1247 924 1306 praestandus,
961 1247 1247 1292 necessarius
1280 1246 1338 1290 sit
1362 1246 1393 1290 ³.

256 1332 356 1376 764.
393 1334 490 1385 Qua
531 1330 714 1390 quidem
761 1331 804 1374 in
847 1345 894 1374 re
941 1329 1012 1374 die
1052 1331 1108 1375 22
1141 1343 1236 1388 apr.
1279 1330 1414 1385 1872,
1468 1328 1694 1388 proposita
1740 1329 1930 1373 fuerunt

137 1417 176 1460 S.
200 1418 359 1472 Congr.
390 1419 495 1473 Epp.
521 1419 568 1459 et
593 1418 681 1459 Ra.
719 1414 959 1473 sequentia
992 1414 1156 1458 dubia:
1207 1414 1245 1470 1)
1270 1413 1499 1473 quomodo
1534 1413 1829 1472 intelligenda
1863 1413 1923 1457 sit

137 1512 227 1543 vox
261 1498 333 1543 illa
366 1498 711 1555 capitulariter,
749 1511 778 1542 n
800 1511 861 1541 im
895 1496 1070 1542 scilicet
1103 1497 1158 1541 de
1190 1497 1422 1542 sororibus
1454 1510 1570 1555 quae
1593 1497 1823 1541 ordinarie
1849 1511 1921 1541 ea-

138 1581 279 1640 pitulo
312 1582 543 1626 intersunt
576 1586 622 1625 et
654 1579 701 1625 in
725 1594 778 1625 eo
803 1580 898 1624 iure
931 1579 1133 1638 suffragii
1160 1580 1360 1637 gaudent
1383 1580 1605 1625 habentes
1631 1594 1793 1625 vocem
1827 1581 1928 1625 sive

138 1665 364 1724 passivam
399 1664 496 1709 sive
529 1664 759 1719 activam,
799 1663 870 1708 vel
904 1663 958 1708 de
991 1663 1205 1708 omnibus
1248 1663 1654 1709 indiscriminatim
1696 1663 1934 1708 sororibus

134 1748 276 1793 etiam
310 1747 499 1792 novitiis
531 1751 577 1791 et
608 1747 875 1792 conversis?
907 1748 948 1798 ⁹2)
976 1747 1213 1801 Quomodo
1247 1746 1543 1805 intelligenda
1577 1751 1623 1790 et
1656 1747 1927 1805 applicanda

138 1845 231 1877 vox
264 1831 337 1876 illa
381 1831 440 1876 sit
480 1832 811 1889 capitulariter
857 1831 902 1875 in
937 1831 1147 1876 domibus
1189 1844 1397 1876 sororum
1447 1830 1493 1875 in
1539 1830 1736 1875 dioecesi
1779 1830 1929 1890 aliqua

136 1914 455 1970 existentium,
490 1929 606 1974 quae
639 1915 766 1974 quasi
790 1920 921 1959 extra
946 1914 1223 1969 clausuram,
1259 1913 1466 1959 caritatis
1488 1913 1701 1972 operibus
1722 1914 1936 1959 externis

136 1997 439 2054 addicuntur,
488 2012 634 2057 neque
682 1998 870 2057 proinde
911 1997 1136 2043 stabiliter
1181 1998 1226 2042 in
1267 1997 1427 2042 eadem
1462 1997 1600 2042 domo
1637 2003 1927 2056 permanent,

135 2094 242 2125 cum
275 2080 376 2126 illae
410 2081 572 2126 domus
607 2095 697 2126 non
731 2081 824 2126 sint
856 2080 924 2126 sui
960 2080 1086 2135 iuris,
1123 2081 1201 2125 sed
1235 2080 1319 2124 sub
1352 2080 1576 2138 regimine
1609 2080 1925 2138 congregatio-

139 2166 209 2210 nis
242 2165 464 2223 generalis
496 2165 794 2210 detinentur?
827 2166 868 2221 5)
897 2170 945 2211 in
971 2165 1130 2210 multis
1153 2164 1386 2210 Parochiis
1410 2165 1678 2223 praesertim
1705 2164 1936 2210 ruralibus

263 2315 268 2333 ¹
301 2315 455 2360 Gregor.
482 2315 562 2360 XV,
588 2315 713 2351 Const.
741 2316 803 2352 cit.

262 2385 274 2402 ²
302 2384 336 2421 S.
364 2384 496 2430 Congr.
523 2385 633 2422 Conc.
660 2385 682 2420 2
709 2390 799 2431 sept.
831 2385 931 2422 1642.

264 2455 277 2475 ³
303 2457 506 2503 Loquendo
533 2458 643 2494 etiam
670 2458 714 2494 de
743 2458 960 2494 feminarum
990 2457 1352 2503 Congregationibus
1378 2467 1473 2504 quae
1501 2467 1608 2493 verae
1649 2457 1830 2493 moniales
1856 2466 1933 2493 non

139 2532 236 2574 sunt,
265 2539 330 2565 scu
349 2529 393 2566 de
411 2531 519 2566 novis
538 2530 719 2567 Institutis
739 2535 907 2566 votorum
927 2530 1153 2576 simplicium
1174 2529 1381 2566 cuiusmodi
1406 2534 1461 2565 est
1480 2529 1727 2574 Congregatio
1756 2529 1930 2565 Sororum

140 2609 161 2635 a
186 2599 385 2644 Nazareth,
414 2601 447 2638 S.
474 2601 607 2647 Congr.
633 2603 730 2647 Epo.
757 2606 792 2638 et
821 2602 892 2638 ΒΗ.
919 2602 1079 2638 animad.
1108 2602 1149 2644 5,
1178 2602 1216 2637 in
1242 2601 1455 2638 earumdem
1484 2601 1770 2637 constitutiones
1797 2601 1854 2637 die
1884 2600 1931 2637 27

138 2670 237 2717 Sept..
269 2670 355 2708 1861
385 2672 499 2708 edixit
533 2686 546 2703 ι
565 2672 669 2709 Circa
695 2673 962 2709 confessarium
989 2672 1320 2709 extraordinarium
1348 2672 1602 2708 observandae
1634 2676 1719 2708 sunt
1749 2673 1930 2717 praescri-

144 2742 290 2788 ptiones
319 2743 418 2780 Sacri
445 2743 599 2780 Concilii
619 2745 716 2781 Trid.
736 2748 772 2780 et
790 2744 912 2781 Const.
940 2745 1075 2780 Bened.
1096 2744 1183 2781 XIV
1201 2754 1295 2789 quae
1324 2744 1453 2789 incipit
1480 2744 1683 2780 Pastoralis
1702 2754 1813 2780 curae
1832 2744 1936 2780 ideo-

143 2824 215 2860 que
242 2824 318 2851 non
345 2815 457 2852 semel
485 2819 624 2852 tantum
654 2816 691 2851 in
718 2825 815 2852 anno
844 2816 1052 2862 praedictus
1072 2815 1326 2852 Confessarius
1353 2815 1592 2851 advocandus
1610 2815 1690 2858 erit,
1708 2815 1773 2852 sed
1799 2815 1931 2852 saltem

144 2885 202 2922 bis
229 2890 292 2923 aut
318 2892 372 2923 ter
396 2887 434 2923 in
459 2896 558 2923 anno
576 2891 612 2923 et
639 2887 668 2923 si
697 2897 791 2933 opus
817 2887 885 2924 erit
902 2887 1013 2924 etiam
1042 2887 1180 2932 pluries
1200 2900 1232 2922 ι.
1258 2887 1303 2922 Et
1320 2896 1450 2923 revera
1470 2887 1591 2932 posito
1618 2886 1845 2924 confessario
1865 2885 1931 2922 Or-

141 2957 288 2994 dinan-io
315 2962 350 2994 et
367 2958 538 3005 adempta
564 2959 762 2996 Sororibus
790 2958 961 2996 facultate
980 2958 1186 2995 advocandi
1207 2958 1320 2994 alium
1347 2958 1614 2995 confessarium
1634 2968 1744 3004 quem
1771 2958 1930 3000 libuerit,

139 3027 186 3063 ad
225 3027 495 3065 consulendum
537 3028 698 3065 libertati
727 3034 763 3065 et
788 3029 977 3066 securitati
1016 3028 1328 3065 conscientiarum
1368 3028 1520 3074 provida
1547 3037 1590 3064 ac
1618 3027 1776 3065 sollicita
1815 3033 1936 3065 mater

144 3098 328 3145 Ecclesia,
353 3099 687 3136 extraordinarium
707 3100 870 3146 requirit.
