2176 3386
244 171 324 211 234
917 179 1028 208 PARS
1057 179 1097 207 11.
1128 179 1185 207 DE
1214 179 1352 209 nanus

366 295 491 344 Quae
523 288 708 349 quidem
742 287 895 333 omnia
930 287 985 332 de
1017 286 1230 345 gradibus
1261 287 1537 332 academicis
1567 286 1863 346 intelligenda
1896 291 2021 345 sunt,

245 373 322 434 qui
357 387 450 418 non
484 372 718 431 pertinent
749 371 805 416 ad
837 370 1100 429 disciplinas
1132 369 1410 428 theologicas
1441 374 1489 415 et
1521 370 1631 415 iuris
1662 370 1891 416 canonici.

832 517 875 559 b)
904 536 946 541 —
974 516 1034 552 De
1058 515 1191 551 Libris
1215 514 1440 562 prohibitis.

369 625 490 669 1124.
528 624 592 668 Ad
627 635 803 668 errores
850 621 1133 667 inducendos
1182 635 1411 681 omneque
1461 620 1767 680 improbitatis
1807 634 1950 679 genus
1980 624 2028 665 et

246 706 531 766 impietatem
565 706 975 762 disseminandam,
1014 704 1215 750 maxime
1248 717 1429 762 semper
1464 703 1743 760 valuerunt,
1779 704 2026 763 valentque

247 791 380 836 hodie
415 789 753 835 baereticorum
787 794 833 834 et
865 787 1267 833 schismaticorum
1302 787 1420 832 libri.
1470 788 1588 832 Hinc
1621 787 1704 832 hos
1734 802 1792 832 ex
1824 786 2025 832 fidelium

247 873 460 918 manibus
493 872 751 931 eripiendos
783 871 1220 930 proscribendosque
1253 885 1377 926 esse,
1414 870 1505 928 ipsa
1542 876 1665 915 recta
1699 870 1816 915 ratio
1848 870 2023 915 suadet.

371 956 498 1001 1125.
536 960 627 1000 Lex
671 960 826 999 autem
870 954 1179 1000 ecclesiastica
1230 955 1438 1012 prohibet
1484 954 1763 1012 generatim:
1818 955 1856 1012 1)
1891 954 2027 999 libros

247 1039 674 1084 haeresiarcharum
708 1051 870 1083 omnes
904 1050 1102 1096 prorsus,
1139 1037 1185 1081 in
1219 1037 1373 1082 odium
1407 1036 1631 1093 auctoris;
1673 1039 1714 1091 2)
1752 1036 1889 1082 libros
1921 1038 2026 1083 hae·

246 1122 496 1167 reticorum
531 1134 708 1175 omnes,
747 1134 911 1178 nempe
946 1133 1022 1165 eos
1054 1119 1130 1178 qui
1163 1120 1216 1164 de
1252 1119 1468 1177 religione
1490 1134 1545 1163 θῦε
1563 1119 1771 1176 professo
1807 1123 2023 1175 tractant,

246 1205 465 1261 omnino;
502 1204 612 1249 alios
647 1218 756 1248 vero
789 1204 935 1248 donec
969 1204 1025 1247 ab
1056 1203 1298 1248 Ordinario
1331 1208 1376 1247 et
1401 1202 1749 1262 inquisitoribus
1770 1203 2026 1248 examinati

246 1302 299 1333 ac
333 1287 510 1347 probati
546 1286 733 1342 fuerint,
769 1286 804 1331 si
839 1286 1039 1331 ethicam
1072 1286 1274 1344 aliasque
1308 1285 1566 1330 huiusmodi
1601 1285 1862 1344 disciplinas
1887 1286 2026 1345 respi-

247 1372 394 1428 ciant;
431 1372 472 1427 5)
511 1370 648 1415 libros
680 1370 1010 1429 cuiuscumque
1034 1369 1235 1414 auctoris
1258 1383 1329 1414 res
1351 1369 1601 1413 obscoenas
1622 1383 1677 1413 ea:
1696 1369 1902 1427 professo
1936 1374 2023 1415 tra·

246 1461 449 1511 etantes3
485 1457 527 1513 4)
568 1454 802 1500 versiones
833 1468 1070 1499 sacrarum
1102 1454 1435 1512 scripturarum
1471 1453 1643 1511 vulgari
1680 1453 1913 1508 idiomate,
1947 1468 2025 1498 ex-

246 1539 390 1598 ceptis
423 1540 492 1595 iis,
519 1553 635 1598 quae
670 1538 742 1582 vel
774 1538 831 1582 ab
864 1537 1119 1596 Apostolica
1155 1537 1265 1582 Sede
1299 1537 1514 1595 probatae
1549 1536 1736 1592 fuerint,
1771 1537 1844 1581 vel
1877 1536 2025 1581 editae

247 1637 351 1667 cum
386 1622 510 1667 notis
541 1620 792 1680 desumptis
825 1635 882 1665 ex
917 1620 1090 1665 sanctis
1126 1619 1350 1665 Ecclesiae
1387 1620 1593 1664 Patribus
1616 1620 1689 1664 vel
1723 1634 1779 1664 ex
1814 1619 1958 1664 doctis
1979 1623 2025 1664 et

245 1706 483 1752 catholicis
518 1706 628 1751 viris
651 1706 681 1750 ¹.
720 1706 840 1751 Alios
873 1709 1028 1749 autem
1056 1719 1147 1749 non
1184 1703 1407 1762 prohibet,
1435 1704 1521 1748 nisi
1555 1703 1792 1762 speciatim
1817 1703 2024 1748 damnati

246 1790 434 1845 fuerint,
462 1794 511 1834 ut
532 1804 605 1834 ex.
633 1804 697 1846 gr.
727 1789 862 1833 libros
895 1787 1226 1833 catholicorum
1261 1792 1422 1832 contra
1457 1787 1591 1832 [idem
1622 1791 1669 1831 et
1691 1787 1833 1832 bonos
1857 1800 2021 1832 mores.

371 1874 496 1917 1126.
535 1875 672 1916 Porro
707 1872 840 1916 buius
873 1870 1194 1930 prohibitionis
1219 1870 1263 1915 vi
1289 1884 1380 1914 non
1404 1870 1550 1914 solum
1586 1870 1721 1914 libros
1750 1869 1914 1927 legere,
1949 1871 2026 1914 sed

246 1958 386 2002 etiam
423 1956 637 2018 retinere,
674 1955 938 2009 defendere,
973 1968 1025 1997 ac
1060 1953 1324 2011 imprimere
1359 1954 1488 1997 nefas
1520 1957 1604 2007 est,
1639 1965 1692 1996 ac
1725 1950 1838 1995 libro
1878 1950 2025 2009 prohi-

366 2113 372 2130 ¹
403 2113 536 2158 Congr.
563 2112 701 2158 Inquis.
729 2111 747 2146 7
777 2111 847 2146 ian.
878 2109 980 2146 1856.

366 2185 494 2229 Quoad
519 2184 701 2222 editiones
729 2183 923 2220 Sacrarum
944 2182 1213 2227 Scripturarum
1230 2179 1318 2226 Sup.
1333 2179 1438 2216 Univ.
1454 2179 1534 2224 Inq.
1555 2178 1632 2214 Fer.
1651 2178 1695 2220 V,
1714 2177 1772 2214 die
1792 2178 1810 2213 7
1834 2178 1903 2213 ian.
1925 2176 2026 2220 1856,

246 2267 406 2303 sequens
434 2257 617 2293 monitum
645 2255 765 2292 dedit:
802 2269 814 2285 α
833 2254 923 2291 Cum
951 2255 998 2290 ad
1025 2254 1058 2290 S.
1088 2252 1420 2298 Congregationem
1449 2255 1547 2287 certo
1575 2251 1730 2287 relatum
1759 2250 1876 2292 fuerit,
1902 2243 2022 2286 s'acra-

244 2331 409 2367 tissimos
436 2329 640 2365 Bibliorum
668 2327 798 2364 Libros
824 2326 967 2372 vulgari
996 2335 1165 2362 sermone
1204 2324 1396 2360 nonnullis
1433 2324 1470 2359 in
1496 2323 1588 2360 locis
1616 2323 1712 2369 typis
1739 2322 1796 2358 edi
1814 2352 1822 2365 ,
1849 2322 1940 2368 quin
1970 2332 2026 2358 sa-

245 2400 467 2437 luberrimae
495 2399 539 2435 de
566 2408 610 2435 ea
634 2408 672 2434 rc
699 2398 799 2443 leges
826 2401 1042 2438 serventur,
1069 2405 1228 2440 cumque
1265 2394 1350 2431 inde
1377 2394 1712 2440 pertimescendum
1741 2393 1810 2435 sit,
1836 2403 1906 2435 ne,
1933 2402 2026 2439 quae

244 2472 437 2508 hominum
465 2480 625 2516 nequam
663 2470 764 2506 bisce
804 2468 1018 2514 praesertim
1060 2467 1289 2512 temporibus
1316 2466 1542 2512 conspiratio
1569 2472 1644 2508 est,
1671 2474 1812 2501 errores
1842 2463 2026 2501 sanctiore

245 2544 361 2580 divini
388 2543 536 2588 Eloquii
563 2547 741 2588 apparatu
781 2540 947 2577 obvoluti
987 2548 1179 2585 perperam
1208 2537 1448 2579 insinuentur,
1476 2537 1620 2572 censuit
1649 2536 1778 2573 eadem
1806 2535 1840 2571 S.
1865 2534 2025 2580 Congre-

246 2615 356 2660 gatio,
384 2613 592 2650 revocanda
619 2613 750 2649 iterum
777 2621 859 2648 esse
887 2611 925 2646 in
951 2609 1118 2647 omnium
1145 2609 1373 2648 memoriam.
1400 2616 1494 2653 quae
1525 2606 1616 2643 alias
1643 2606 1789 2643 decreta
1814 2610 1921 2648 sunt,
1949 2614 2028 2640 ver—

245 2687 399 2724 naculas
425 2687 599 2722 nimirum
627 2684 833 2721 Bibliorum
863 2683 1053 2720 versiones
1079 2691 1154 2718 non
1191 2690 1271 2717 esse
1307 2679 1580 2726 permittendas,
1604 2679 1674 2715 nisi
1703 2688 1796 2724 quae
1823 2677 1958 2723 fuerint
1982 2676 2026 2713 ab

246 2758 455 2805 Apostolica
481 2757 566 2794 Sede
591 2757 825 2803 adprobatae,
853 2757 918 2791 aut
945 2755 1058 2791 editae
1084 2763 1168 2790 cum
1194 2752 1485 2789 adnotationibus
1511 2750 1708 2797 desumptis
1733 2760 1779 2786 ex
1798 2749 1932 2786 sanctis
1961 2748 2026 2785 Ec-

245 2831 373 2866 clesiae
399 2829 569 2865 Patribus
592 2829 647 2865 vel
673 2839 720 2864 σας
745 2827 855 2863 doctis
881 2826 1133 2872 catholicisque
1159 2825 1248 2861 viris
1274 2824 1334 2870 (ex
1354 2824 1452 2860 decr.
1474 2823 1509 2860 S.
1528 2822 1662 2868 congr.
1680 2822 1758 2859 Iud.
1778 2820 1822 2857 15
1839 2821 1917 2858 iun.
1936 2820 2026 2857 1757

246 2901 285 2937 in
310 2901 421 2938 addit.
448 2901 493 2937 ad
520 2901 608 2946 Reg.
635 2899 738 2945 Ind.):
767 2899 811 2935 iis
838 2902 1027 2946 praeterea
1053 2897 1204 2934 omnino
1233 2897 1489 2939 insistendum,
1516 2905 1609 2942 quae
1638 2904 1702 2941 per
1726 2894 1892 2941 regulam
1918 2903 2028 2940 quar-

246 2976 321 3008 tam
348 2972 484 3009 Indicis
510 2978 546 3008 et
571 2972 745 3019 deinceps
772 2982 818 3008 ex
844 2971 1016 3008 mandato
1043 2979 1094 3007 sa.
1121 2979 1178 3005 me
1205 2968 1403 3005 Clementis
1430 2967 1515 3003 VIII
1555 2967 1592 3002 in
1621 2974 1703 3002 eam
1737 2973 1886 3002 causam
1922 2972 2025 3009 prae-

247 3046 375 3082 stituta
399 3045 547 3082 fuerunt
565 3058 597 3080 ι.
