2176 3386
501 201 631 231 Lim-:1³
659 203 684 231 1.
721 203 776 231 DE
807 202 943 231 m-:ssus
973 203 1210 232 eccm-:Sim
1239 203 1568 232 smm‘rUAmBos
1881 194 1938 233 73

145 322 247 354 rum
279 308 532 354 choistiam‘
558 311 723 368 populi
751 310 1020 369 disciplina.
1077 315 1194 356 Sane
1237 310 1354 356 ratio
1398 315 1468 356 est
1514 314 1566 355 ut
1607 311 1937 357 deterreantur

146 391 288 449 magis
321 391 532 437 homines
562 406 586 436 a
619 392 889 452 quibusdam
924 394 1140 452 peccatis,
1177 408 1281 438 cnm
1306 407 1466 439 eorum
1495 375 1686 439 vid'eant
1709 394 1932 440 difficilio-

144 490 240 520 rem
274 489 371 520 esse
409 475 744 521 absolutionem
788 491 984 537 eamque
1015 491 1039 522 a
1075 477 1247 522 maiore
1285 476 1488 522 Praelato
1523 477 1766 535 petendam
1802 491 1926 535 esse,

144 559 259 605 ratio
282 564 351 605 est
382 560 520 604 etiam
556 565 607 604 ut
629 561 856 607 efficacior
878 562 1106 620 correptio
1138 561 1276 607 certis
1300 562 1617 620 peccatoribus
1638 561 1931 620 adhibeatur,

141 657 280 703 quam
309 645 548 690 ‘Praelatus
574 645 786 703 Superior
819 647 891 690 vel
924 647 1045 692 solus
1067 647 1312 706 aliquando
1347 647 1419 692 vel
1454 647 1635 692 facilius
1666 662 1804 708 quam
1829 663 1933 694 cae-

140 726 244 782 teri,
282 731 513 784 praestare
547 731 721 785 potest,
762 732 901 787 utque
934 729 1146 774 scandala
1182 735 1228 775 et
1260 730 1522 775 animarum
1558 730 1759 788 pericula
1794 730 1935 775 citius

142 815 189 854 et
220 810 424 856 securius
456 816 778 857 amoveantur.
816 816 865 857 ln
902 813 1028 871 praxi
1062 815 1277 873 quamvis
1311 828 1401 858 non
1440 814 1579 872 possit
1611 814 1759 874 quoad
1793 828 1931 859 usum

140 894 413 952 prudentem
439 895 764 941 reservationis
796 902 919 941 certa
945 911 1105 942 norma
1141 897 1307 957 ubique
1331 897 1628 943 custodienda
1664 897 1931 955 praescribi,

140 983 345 1023 attamen
383 978 527 1023 instar
560 980 740 1037 regulae
773 993 871 1024 esse
907 985 1097 1039 possunt
1137 981 1361 1040 quaedam
1407 980 1636 1038 generalia
1673 980 1845 1025 monita
1883 986 1928 1025 et

139 1061 340 1117 decreta,
375 1076 491 1121 quae
524 1077 548 1107 a
584 1062 729 1108 Sacris
751 1063 882 1108 Urbis
904 1063 1344 1121 Congregationibus
1378 1063 1531 1108 bacin
1559 1079 1605 1109 re
1640 1064 1928 1123 prodierunt.

141 1144 255 1189 Hinc
289 1159 394 1189 cum
431 1145 582 1190 minor
606 1147 781 1190 fructus
813 1147 984 1205 sperari
1011 1147 1149 1204 possit
1181 1161 1203 1191 a
1229 1146 1624 1192 missionariorum
1650 1147 1928 1203 ministerio,

137 1227 172 1271 si
210 1227 254 1272 in
288 1232 382 1273 tam
418 1229 587 1274 dissitis
621 1230 906 1287 regionibus,
952 1230 995 1274 in
1032 1235 1125 1275 tam
1161 1231 1327 1289 exiguo
1372 1231 1687 1276 ministrorum
1732 1246 1931 1276 numero

138 1312 370 1371 tantisque
395 1316 652 1370 temporum
679 1314 918 1372 angustiis.
956 1329 1077 1359 nova
1102 1327 1291 1359 casuum
1318 1315 1629 1359 reservatione
1653 1315 1929 1359 arctioribus

136 1409 293 1439 eorum
332 1395 582 1441 iurisdictio
616 1396 1022 1441 circumscribatur
1052 1397 1300 1446 limitibus.
1348 1397 1446 1442 ideo
1492 1397 1718 1442 Ecclesiae
1752 1397 1928 1441 bonum

137 1479 350 1535 postulat,
388 1493 443 1522 ne
469 1480 618 1537 plures
642 1494 764 1524 nunc
788 1493 922 1525 casus
947 1484 1259 1535 reserventur,
1285 1495 1422 1540 quam
1449 1480 1672 1525 canonica
1698 1482 1766 1525 lex
1796 1496 1924 1539 prae-

135 1561 294 1606 scribit
326 1567 372 1607 et
405 1568 539 1607 vetus
573 1565 771 1621 postulat
803 1564 1086 1609 consuetudo
1113 1564 1138 1608 ¹.
1174 1567 1268 1609 Nec
1302 1564 1506 1609 difficiles
1541 1565 1756 1622 praebere
1780 1579 1826 1610 se
1850 1565 1930 1609 de-

136 1646 245 1689 bent
277 1646 503 1690 Ordinarii
552 1646 597 1690 in
633 1647 925 1692 concedenda
969 1646 1236 1706 praesertim
1275 1647 1593 1692 Sacerdotibus
1635 1663 1659 1692 a
1694 1649 1799 1693 sede
1833 1648 1924 1707 epi·

136 1730 302 1788 scopali
338 1730 542 1786 remotis,
581 1731 797 1775 facultate
831 1731 1113 1776 absolvendi.

251 1816 352 1860 750.
389 1816 545 1870 Quoad
578 1816 912 1875 absolutionem
947 1831 971 1861 a
1006 1816 1253 1861 reservatis
1287 1817 1542 1862 notandum
1576 1822 1645 1862 est
1679 1816 1723 1860 in
1762 1817 1929 1861 mortis

133 1898 327 1943 articulo
362 1899 534 1943 nullam
570 1913 666 1944 esse
700 1900 1091 1956 reservationem,
1127 1905 1264 1960 atque
1299 1900 1398 1944 ideo
1431 1914 1592 1945 omnes
1626 1901 1921 1955 Sacerdotes,

131 1981 357 2041 quoslibet
391 1982 694 2040 poenitentes,
731 1997 755 2027 a
789 1983 1026 2042 quibusvis
1059 1983 1266 2028 censuris
1289 1988 1425 2043 atque
1451 1983 1649 2042 peccatis
1683 1984 1928 2028 absolvere

133 2066 376 2125 possunt2.
434 2065 518 2120 Qui
562 2071 716 2111 tamen
762 2081 786 2111 a
822 2067 1027 2112 censuris
1066 2071 1274 2112 Romano
1310 2067 1516 2113 Pontifici
1562 2067 1746 2126 speciali
1785 2068 1925 2113 modo

131 2149 377 2193 reservatis
410 2148 607 2194 absolvit
641 2150 973 2207 poenitentem3
1009 2164 1114 2195 cum
1150 2154 1339 2195 moneat
1374 2150 1518 2196 teneri
1553 2150 1586 2195 si
1611 2151 1920 2206 convaluerit,

129 2243 176 2275 se
210 2230 369 2275 sistere
404 2231 550 2276 eidem
587 2234 636 2277 R.
667 2237 708 2277 P.
744 2232 983 2292 eidemque
1019 2234 1151 2290 plane
1175 2248 1350 2292 parere,
1388 2233 1560 2278 recidet
1593 2235 1716 2278 enim
1746 2235 1789 2278 in
1815 2249 1922 2279 ren·

129 2329 258 2360 suras
290 2316 469 2361 easdem
513 2317 547 2362 si
585 2323 814 2375 praestare
850 2318 962 2362 haec
996 2323 1162 2363 renuat
1185 2319 1215 2362 ³.
1278 2318 1487 2363 Diximus
1527 2319 1602 2377 qui
1649 2333 1671 2363 a
1708 2322 1926 2363 censuris

254 2448 260 2466 ¹
296 2446 329 2482 S.
361 2447 493 2493 Congr.
521 2448 597 2483 Fid.
627 2448 733 2494 Prop.
761 2449 868 2485 Instr.
898 2449 999 2485 1817.

257 2517 268 2535 ²
297 2518 406 2555 Cone.
435 2519 530 2556 Trid.
560 2519 656 2555 Sess.
683 2519 780 2563 XIV,
807 2529 886 2566 cap.
913 2520 945 2556 7.

252 2588 263 2607 ³
290 2589 505 2632 Quaesitum
533 2595 587 2626 est
613 2600 634 2627 a
661 2591 694 2627 S.
723 2592 1018 2638 congregatione
1047 2593 1134 2628 Re!
1155 2593 1198 2629 U.
1222 2593 1327 2638 Inqu.
1356 2592 1380 2627 l.
1407 2593 1538 2629 Utrum
1559 2597 1636 2628 tuto
1656 2593 1776 2629 adhuc
1804 2594 1922 2629 teneri

132 2658 250 2704 possit
271 2660 455 2695 sententia
472 2660 610 2696 docens
636 2661 681 2697 ad
701 2662 926 2708 Episcopum
946 2667 1005 2699 aut
1026 2663 1227 2709 quemlibet
1247 2663 1480 2699 Sacerdotem
1509 2663 1753 2709 approbatum
1774 2664 1919 2700 devolvi

133 2729 407 2766 absolutionem
440 2740 594 2768 casuum
629 2736 664 2768 et
699 2742 940 2770 censurarum
974 2733 1082 2770 etiam
1124 2734 1276 2780 speciali
1317 2734 1424 2770 modo
1464 2735 1584 2780 Papae
1625 2739 1920 2778 reservatorum,

129 2800 277 2845 quando
302 2802 496 2847 poenitens
517 2809 682 2840 versatur
710 2803 746 2839 in
767 2804 1062 2850 impossibilitate
1082 2806 1325 2851 personaliter
1350 2806 1507 2842 adeundi
1529 2808 1562 2843 S.
1579 2805 1730 2842 Sedem‘?
1757 2806 1800 2842 II.
1822 2807 1920 2850 Qua-

131 2875 238 2908 tenus
265 2873 456 2918 negaHve,
485 2878 607 2911 utrum
634 2875 896 2912 recurrendum
924 2876 971 2912 sit
997 2876 1125 2912 saltem
1156 2886 1218 2921 per
1243 2876 1381 2912 litteras
1413 2877 1458 2913 ad
1484 2877 1617 2913 Effium
1660 2877 1694 2913 S.
1722 2877 1917 2914 Poeniten-

128 2943 255 2980 tiariae
282 2945 512 2982 Praefectum
541 2956 605 2992 pro
633 2946 806 2983 omnihus
842 2947 991 2984 casibus
1029 2947 1150 2993 Papae
1190 2948 1408 2990 reservatis,
1434 2948 1505 2984 nisi
1534 2949 1741 2994 Episcopus
1783 2948 1918 2985 habeat

130 3016 288 3061 speciale
317 3017 522 3059 indultum,
554 3022 810 3064 praeterquam
838 3019 876 3054 in
903 3019 1057 3056 articulo
1086 3019 1213 3055 mortis
1230 3046 1238 3060 ,
1269 3019 1313 3055 ad
1340 3019 1580 3055 obtinendam
1621 3019 1836 3056 absolvendi
1866 3020 1918 3056 fa-

131 3085 332 3124 cultatem?
368 3087 431 3124 111.
459 3088 537 3125 Sac.
565 3099 650 3125 vero
681 3089 969 3126 poenitentiaria
995 3099 1155 3136 sequens
1182 3090 1235 3126 5m
1262 3090 1414 3127 dubium
1443 3090 1658 3136 proposuit,
1683 3099 1839 3137 nempe,
1869 3101 1916 3127 an
