2176 3386
446 0 653 32 {cwwwss
672 0 686 2 ἡ
810 0 819 9 ‘-
903 0 906 9 ¹

507 193 636 222 LiBEn
665 193 690 222 1.
719 194 777 222 DE
807 193 944 223 REBUS
973 194 1208 223 ECCLESIAE
1236 194 1565 224 SPIRITUALIBUS
1853 186 1932 225 127

149 300 384 360 (adoptio),
424 300 656 360 affinitas,
691 300 905 346 honestas
931 301 1136 359 publiea,
1172 302 1397 359 liyamen,
1433 305 1629 359 crimen,
1658 304 1811 348 cultas
1838 304 1929 349 dis·

140 387 344 442 paritas,
370 385 497 440 ordo,
523 390 694 439 votum,
722 396 800 429 seu
835 385 1054 442 professio
1088 383 1314 442 religiosa,
1350 390 1493 439 aeta&
1532 377 1820 442 impotentia.

265 468 366 512 870.
403 467 737 526 Impediinenta
785 466 1049 512 dirimentia
1089 467 1176 512 alia
1220 467 1409 512 inducta
1458 472 1567 512 sunt
1603 467 1701 513 iure
1736 471 1934 514 naturae

146 550 218 595 vel
250 551 427 606 divino,
463 549 549 595 alia
584 563 696 596 vero
729 550 827 595 iure
860 550 1185 595 ecclesiastico,

264 633 366 679 871.
402 634 750 693 Impedimentis
782 633 892 678 iuris
914 639 1108 679 naturae
1134 635 1204 679 vel
1228 634 1392 691 divini,
1419 635 1620 694 ligantur
1642 650 1805 681 omnes
1827 636 1932 682 sive

143 715 379 775 baptizati,
414 716 512 761 sive
546 716 774 761 infideles:
819 716 1162 775 impedimentis
1195 731 1305 762 vero
1350 716 1460 762 iuris
1493 717 1808 773 ecclesiastici,
1844 717 1925 763 soli

141 800 375 859 baptizati.
432 801 696 846 Haereticos
739 815 850 846 vero
903 801 1245 859 impedimentis
1293 800 1404 845 iuris
1451 801 1748 846 ecclesiastici
1798 801 1925 859 ligari

143 886 325 928 constat
351 885 380 926 ¹.
430 887 586 942 Neque
634 883 957 942 excipiendum
991 887 1060 928 est
1091 883 1476 942 impedimentum
1523 883 1929 939 clandestinitatis,

142 968 219 1013 sed
243 968 299 1012 ab
321 981 375 1012 eo
400 967 448 1012 in'
469 967 789 1012 determinatis
811 972 995 1012 tantum
1019 967 1382 1013 circumstantiis
1405 967 1622 1012 haeretici
1647 972 1756 1012 sunt
1778 967 1923 1013 liberi.

259 1051 359 1095 872.
397 1054 535 1095 Porro
570 1051 899 1109 impedimenta
945 1050 1227 1096 matrimonii
1262 1065 1320 1096 ex
1354 1064 1434 1096 sex
1469 1052 1618 1096 causis
1663 1051 1924 1107 dimanant,

141 1135 228 1179 alia
262 1134 435 1180 scilicet
468 1149 523 1180 ex
558 1135 740 1179 defectu
774 1148 1041 1190 consensus,
1078 1134 1164 1179 alia
1198 1149 1255 1179 ex
1289 1134 1471 1180 defectu
1507 1140 1716 1190 naturae,
1747 1136 1833 1179 alia
1867 1149 1927 1179 ex

142 1219 326 1263 defectu
362 1218 600 1273 libertatis,
636 1218 722 1262 alia
757 1232 813 1263 ex
847 1218 1028 1262 defectu
1064 1217 1203 1274 modi,
1238 1231 1327 1277 quo
1361 1217 1711 1262 matrimonium
1759 1217 1930 1262 initum

140 1304 227 1356 est,
263 1301 350 1346 alia
384 1316 441 1346 ex
464 1301 648 1346 defectu
674 1301 792 1346 illius
816 1301 1123 1357 reverentiae,
1148 1316 1263 1361 quae
1298 1301 1564 1360 propinquis
1597 1301 1804 1356 debetur,
1840 1301 1923 1346 alia

141 1399 199 1429 ex
234 1385 414 1430 defectu
449 1384 724 1430 sanctitatis.
764 1389 823 1429 De
857 1384 1046 1442 singulis
1079 1385 1347 1430 summatim
1382 1386 1608 1443 agendum
1645 1391 1728 1431 est.

265 1468 366 1512 875.
403 1471 662 1513 Consensus
711 1468 949 1526 multiplici
993 1482 1050 1512 ex
1084 1468 1233 1526 capite
1282 1467 1327 1513 in
1377 1468 1674 1514 matrimonio
1725 1469 1933 1516 ineundo

142 1551 336 1597 deficere
369 1556 533 1610 potest,
569 1552 668 1597 sive
702 1554 758 1597 ob
789 1566 1014 1607 errorem,
1054 1551 1152 1597 sive
1186 1554 1243 1596 ob
1275 1554 1601 1608 conditionem,
1631 1553 1729 1599 sive
1752 1555 1809 1599 ob
1832 1556 1924 1599 vim

141 1641 186 1682 et
211 1644 396 1691 mecam,
426 1638 525 1682 sive
548 1637 605 1681 oh
627 1644 834 1694 raptum,
863 1636 962 1681 sive
984 1637 1041 1681 ob
1062 1639 1307 1683 insaniam
1341 1640 1387 1682 et
1414 1636 1643 1694 furorem.
1681 1638 1933 1683 Ordiamur

140 1735 164 1765 a
203 1721 366 1780 primo.

663 1864 680 1910 ἓ
708 1866 740 1900 1.
769 1885 804 1889 —
837 1865 896 1901 De
923 1865 1211 1911 impedimento
1237 1866 1399 1902 erroris.

261 1971 363 2016 874.
404 1972 574 2030 Duplex
609 1970 826 2030 distingui
860 1972 994 2017 debet
1026 1972 1193 2017 erroris
1225 1987 1383 2031 genus.
1425 1975 1503 2018 Vel
1536 1973 1661 2018 enim
1694 1988 1822 2018 error
1853 1979 1921 2018 est

140 2055 295 2113 quoad
324 2055 648 2109 substantiam,
678 2055 776 2100 sive
808 2056 956 2115 quoad
981 2069 1223 2114 personam
1249 2057 1643 2112 contrahentium,
1671 2058 1742 2102 vel
1767 2058 1924 2116 quoad

139 2138 388 2196 qualitales
420 2151 655 2196 personae.
692 2139 892 2198 Uterque
925 2143 993 2184 est
1025 2143 1105 2184 aut
1137 2142 1427 2194 antecedens,
1468 2154 1546 2185 seu
1581 2142 1694 2185 dans
1734 2154 1920 2186 causam

139 2221 414 2276 contractui,
449 2235 539 2281 quo
572 2223 866 2280 praecognito
900 2227 1166 2268 contractus
1198 2222 1339 2269 initus
1373 2238 1466 2268 non
1502 2225 1677 2279 fuisset,
1702 2228 1782 2269 aut
1815 2239 1925 2269 eon·

139 2307 381 2359 comitans,
419 2305 496 2364 qui
530 2319 622 2351 non
656 2306 735 2350 dat
766 2319 953 2351 causam
986 2306 1263 2362 contractui,
1289 2320 1342 2351 ac
1375 2306 1477 2351 talis
1510 2311 1579 2352 est
1610 2311 1662 2351 ut
1694 2307 1728 2352 si
1762 2308 1921 2352 fuisset

144 2389 479 2447 praecognitus,
516 2388 818 2435 nihilominus
848 2389 990 2434 initus
1022 2390 1184 2434 fuisset
1215 2395 1497 2435 contractus.

263 2471 365 2516 875.
402 2475 497 2516 Iam
530 2486 657 2517 error
688 2473 843 2531 quoad
873 2473 1185 2518 substantiam
1219 2473 1318 2517 sive
1350 2473 1499 2532 quoad
1535 2486 1793 2531 personam,
1820 2473 1919 2518 sive

140 2554 198 2598 sit
230 2555 525 2610 antecedens,
562 2555 659 2600 sive
693 2556 1030 2612 concomitans,
1065 2556 1163 2601 sive
1197 2556 1442 2613 vincibilis,
1478 2556 1576 2602 sive
1615 2556 1917 2613 invincibilis,

144 2636 527 2696 impedimentum
562 2638 782 2684 dirimens
814 2640 1085 2698 constituit3
1136 2639 1333 2686 errantis
1366 2641 1491 2686 enim
1527 2641 1678 2685 nullus
1709 2645 1779 2686 est
1812 2655 1920 2685 con-

235 2846 270 2894 Ι·
300 2848 435 2886 Bened.
471 2849 580 2893 XIV,
606 2850 730 2886 Const.
762 2851 917 2897 Magnae
947 2852 1050 2888 nobis
1087 2851 1131 2888 29
1170 2851 1247 2888 iun.
1276 2851 1388 2893 174&
1422 2851 1546 2890 const.
1584 2852 1639 2888 Ad
1679 2854 1762 2888 tuas
1786 2862 1919 2889 manus

141 2918 164 2955 8
189 2928 273 2966 aug.
302 2918 412 2964 17483
439 2920 565 2958 Const.
584 2921 767 2967 sinqulari
783 2921 897 2958 Nobis
919 2920 940 2957 9
960 2921 1052 2958 febr.
1074 2921 1183 2965 17493
1211 2921 1278 2957 liu.
1307 2920 1349 2957 12
1369 2925 1461 2968 sept.
1483 2920 1584 2965 1750,
1611 2922 1657 2958 ad
1675 2922 1796 2968 Episc.
1825 2922 1919 2959 Vra-

139 2991 412 3037 tislavienseni;
439 2992 494 3029 Pii
520 2992 571 3029 VI
598 2993 772 3040 Rescript.
803 2994 850 3030 ad
877 2994 983 3032 card.
1010 2995 1051 3031 de
1076 2993 1355 3040 Frankenbery;
1392 2994 1492 3030 brevi
1514 2994 1662 3038 PiiVII,
1680 2994 1703 3031 8
1721 2999 1791 3032 oct.
1813 2994 1921 3039 1805,

139 3062 188 3099 ad
212 3063 378 3110 Archiep.
404 3063 566 3110 Moqunt.
