<?xml version="1.0" encoding="UTF-8"?>
<!DOCTYPE html PUBLIC "-//W3C//DTD XHTML 1.0 Transitional//EN"
    "http://www.w3.org/TR/xhtml1/DTD/xhtml1-transitional.dtd">
<html xmlns="http://www.w3.org/1999/xhtml" xml:lang="en" lang="en">
 <head>
  <title>
</title>
<meta http-equiv="Content-Type" content="text/html;charset=utf-8" />
  <meta name='ocr-system' content='tesseract 3.04.00' />
  <meta name='ocr-capabilities' content='ocr_page ocr_carea ocr_par ocr_line ocrx_word'/>
</head>
<body>
  <div class='ocr_page' id='page_1' title='image "apparatus00ziteuoft_0487.png"; bbox 0 0 2176 3386; ppageno 0'>
   <div class='ocr_carea' id='block_1_1' title="bbox 0 0 639 252">
    <p class='ocr_par' dir='ltr' id='par_1_1' title="bbox 0 0 639 252">
     <span class='ocr_line' id='line_1_1' title="bbox 0 0 639 252; baseline 0 3134"><span class='ocrx_word' id='word_1_1' title='bbox 0 0 639 252; x_wconf 95' lang='lat' dir='ltr'> </span> 
     </span>
    </p>
   </div>
   <div class='ocr_carea' id='block_1_2' title="bbox 1015 182 1980 223">
    <p class='ocr_par' dir='ltr' id='par_1_2' title="bbox 1015 182 1980 223">
     <span class='ocr_line' id='line_1_2' title="bbox 1015 182 1980 223; baseline 0.005 -5"><span class='ocrx_word' id='word_1_2' title='bbox 1015 191 1145 219; x_wconf 79' lang='lat' dir='ltr'>INDEX</span> <span class='ocrx_word' id='word_1_3' title='bbox 1899 182 1980 223; x_wconf 91' lang='lat'>475</span> 
     </span>
    </p>
   </div>
   <div class='ocr_carea' id='block_1_3' title="bbox 284 296 1860 344">
    <p class='ocr_par' dir='ltr' id='par_1_3' title="bbox 284 296 1860 344">
     <span class='ocr_line' id='line_1_3' title="bbox 284 296 1860 344; baseline 0.003 -12"><span class='ocrx_word' id='word_1_4' title='bbox 284 300 299 337; x_wconf 69' lang='lat' dir='ltr'>s</span> <span class='ocrx_word' id='word_1_5' title='bbox 326 296 356 333; x_wconf 92' lang='lat'>1.</span> <span class='ocrx_word' id='word_1_6' title='bbox 384 315 407 322; x_wconf 98' lang='lat'>-</span> <span class='ocrx_word' id='word_1_7' title='bbox 432 297 484 333; x_wconf 91' lang='lat' dir='ltr'>De</span> <span class='ocrx_word' id='word_1_8' title='bbox 512 296 635 341; x_wconf 75' lang='lat' dir='ltr'>legum</span> <span class='ocrx_word' id='word_1_9' title='bbox 661 297 998 335; x_wconf 83' lang='lat' dir='ltr'>ecclesiasticarum</span> <span class='ocrx_word' id='word_1_10' title='bbox 1025 297 1309 335; x_wconf 82' lang='lat' dir='ltr'>collectionibus</span> <span class='ocrx_word' id='word_1_11' title='bbox 1335 308 1430 344; x_wconf 88' lang='lat' dir='ltr'>quae</span> <span class='ocrx_word' id='word_1_12' title='bbox 1458 298 1548 336; x_wconf 91' lang='lat' dir='ltr'>iuris</span> <span class='ocrx_word' id='word_1_13' title='bbox 1574 300 1747 337; x_wconf 89' lang='lat' dir='ltr'>canonici</span> <span class='ocrx_word' id='word_1_14' title='bbox 1783 310 1860 337; x_wconf 87' lang='lat' dir='ltr'>cor-</span> 
     </span>
    </p>
   </div>
   <div class='ocr_carea' id='block_1_4' title="bbox 175 360 1979 3129">
    <p class='ocr_par' dir='ltr' id='par_1_4' title="bbox 283 360 1979 628">
     <span class='ocr_line' id='line_1_4' title="bbox 380 360 1979 419; baseline 0 -12"><span class='ocrx_word' id='word_1_15' title='bbox 380 379 450 415; x_wconf 86' lang='lat' dir='ltr'>pus</span> <span class='ocrx_word' id='word_1_16' title='bbox 475 368 700 405; x_wconf 87' lang='lat' dir='ltr'>antecedunt</span> <span class='ocrx_word' id='word_1_17' title='bbox 726 368 797 415; x_wconf 89' lang='lat' dir='ltr'>(ius</span> <span class='ocrx_word' id='word_1_18' title='bbox 823 367 943 414; x_wconf 88' lang='lat' dir='ltr'>vetus)</span> <span class='ocrx_word' id='word_1_19' title='bbox 966 395 1569 408; x_wconf 91' lang='grc'><strong>...........</strong></span> <span class='ocrx_word' id='word_1_20' title='bbox 1567 360 1581 374; x_wconf 66' lang='grc'><strong><em>’</em></strong></span> <span class='ocrx_word' id='word_1_21' title='bbox 1621 400 1629 408; x_wconf 93' lang='grc'><em>.</em></span> <span class='ocrx_word' id='word_1_22' title='bbox 1681 399 1688 408; x_wconf 93' lang='grc'><strong>.</strong></span> <span class='ocrx_word' id='word_1_23' title='bbox 1739 400 1748 410; x_wconf 90' lang='grc'><strong>.</strong></span> <span class='ocrx_word' id='word_1_24' title='bbox 1798 371 1883 419; x_wconf 70' lang='grc' dir='ltr'><strong><em>Ραρ.</em></strong></span> <span class='ocrx_word' id='word_1_25' title='bbox 1911 371 1979 408; x_wconf 91' lang='grc'>115</span> 
     </span>
     <span class='ocr_line' id='line_1_5' title="bbox 283 439 1977 486; baseline 0.001 -9"><span class='ocrx_word' id='word_1_26' title='bbox 283 439 319 486; x_wconf 81' lang='grc' dir='ltr'>α)</span> <span class='ocrx_word' id='word_1_27' title='bbox 347 461 364 466; x_wconf 99' lang='grc'>-</span> <span class='ocrx_word' id='word_1_28' title='bbox 392 441 444 477; x_wconf 93' lang='lat' dir='ltr'>De</span> <span class='ocrx_word' id='word_1_29' title='bbox 471 440 753 477; x_wconf 78' lang='lat' dir='ltr'>collectionibus</span> <span class='ocrx_word' id='word_1_30' title='bbox 779 440 1005 486; x_wconf 89' lang='lat' dir='ltr'>Apostolicis</span> <span class='ocrx_word' id='word_1_31' title='bbox 1018 469 1805 480; x_wconf 91' lang='grc'><strong>..............</strong></span> <span class='ocrx_word' id='word_1_32' title='bbox 1858 456 1871 474; x_wconf 76' lang='grc' dir='ltr'><strong><em>ι</em></strong></span> <span class='ocrx_word' id='word_1_33' title='bbox 1928 443 1977 479; x_wconf 90' lang='lat' dir='ltr'>ib.</span> 
     </span>
     <span class='ocr_line' id='line_1_6' title="bbox 285 510 1975 557; baseline 0.001 -9"><span class='ocrx_word' id='word_1_34' title='bbox 285 510 319 557; x_wconf 83' lang='lat' dir='ltr'>h)</span> <span class='ocrx_word' id='word_1_35' title='bbox 346 530 367 538; x_wconf 91' lang='lat'><em>-</em></span> <span class='ocrx_word' id='word_1_36' title='bbox 394 512 445 548; x_wconf 91' lang='lat' dir='ltr'>De</span> <span class='ocrx_word' id='word_1_37' title='bbox 471 511 756 549; x_wconf 76' lang='lat' dir='ltr'>collectionibus</span> <span class='ocrx_word' id='word_1_38' title='bbox 783 512 972 549; x_wconf 83' lang='lat' dir='ltr'>Ecclesiae</span> <span class='ocrx_word' id='word_1_39' title='bbox 1001 511 1198 549; x_wconf 90' lang='lat' dir='ltr'>Orientalis</span> <span class='ocrx_word' id='word_1_40' title='bbox 1202 537 1808 551; x_wconf 87' lang='lat'><strong><em>...........</em></strong></span> <span class='ocrx_word' id='word_1_41' title='bbox 1860 527 1873 545; x_wconf 74' lang='grc' dir='ltr'><strong>ι</strong></span> <span class='ocrx_word' id='word_1_42' title='bbox 1909 513 1975 550; x_wconf 94' lang='grc'>117</span> 
     </span>
     <span class='ocr_line' id='line_1_7' title="bbox 284 580 1977 628; baseline 0.001 -10"><span class='ocrx_word' id='word_1_43' title='bbox 284 580 315 628; x_wconf 86' lang='lat' dir='ltr'>c)</span> <span class='ocrx_word' id='word_1_44' title='bbox 342 602 360 608; x_wconf 98' lang='lat'>-</span> <span class='ocrx_word' id='word_1_45' title='bbox 388 582 439 619; x_wconf 88' lang='lat' dir='ltr'>De</span> <span class='ocrx_word' id='word_1_46' title='bbox 467 582 752 619; x_wconf 81' lang='lat' dir='ltr'>collectionibus</span> <span class='ocrx_word' id='word_1_47' title='bbox 778 583 966 619; x_wconf 81' lang='lat' dir='ltr'>Ecclesiae</span> <span class='ocrx_word' id='word_1_48' title='bbox 994 582 1243 620; x_wconf 85' lang='lat' dir='ltr'>Occidentalis</span> <span class='ocrx_word' id='word_1_49' title='bbox 1260 598 1871 621; x_wconf 80' lang='grc'><strong>...........</strong></span> <span class='ocrx_word' id='word_1_50' title='bbox 1907 584 1977 620; x_wconf 88' lang='grc'>118</span> 
     </span>
    </p>

    <p class='ocr_par' dir='ltr' id='par_1_5' title="bbox 281 652 1974 986">
     <span class='ocr_line' id='line_1_8' title="bbox 282 652 1855 701; baseline 0.002 -12"><span class='ocrx_word' id='word_1_51' title='bbox 282 657 296 693; x_wconf 64' lang='grc' dir='ltr'>ἓ</span> <span class='ocrx_word' id='word_1_52' title='bbox 322 652 354 690; x_wconf 80' lang='lat'>2.</span> <span class='ocrx_word' id='word_1_53' title='bbox 385 673 404 679; x_wconf 94' lang='lat'>-</span> <span class='ocrx_word' id='word_1_54' title='bbox 433 654 483 689; x_wconf 90' lang='lat' dir='ltr'>De</span> <span class='ocrx_word' id='word_1_55' title='bbox 512 653 637 699; x_wconf 83' lang='lat' dir='ltr'>legum</span> <span class='ocrx_word' id='word_1_56' title='bbox 664 653 999 691; x_wconf 88' lang='lat' dir='ltr'>ecclesiasticarum</span> <span class='ocrx_word' id='word_1_57' title='bbox 1025 653 1311 692; x_wconf 74' lang='lat' dir='ltr'>collectionibus</span> <span class='ocrx_word' id='word_1_58' title='bbox 1338 665 1433 701; x_wconf 76' lang='lat' dir='ltr'>quae</span> <span class='ocrx_word' id='word_1_59' title='bbox 1461 656 1550 692; x_wconf 90' lang='lat' dir='ltr'>iuris</span> <span class='ocrx_word' id='word_1_60' title='bbox 1578 656 1747 692; x_wconf 89' lang='lat' dir='ltr'>canonici</span> <span class='ocrx_word' id='word_1_61' title='bbox 1776 665 1855 693; x_wconf 91' lang='lat' dir='ltr'>cor-</span> 
     </span>
     <span class='ocr_line' id='line_1_9' title="bbox 378 726 1971 772; baseline 0.001 -9"><span class='ocrx_word' id='word_1_62' title='bbox 378 736 447 772; x_wconf 89' lang='lat' dir='ltr'>pus</span> <span class='ocrx_word' id='word_1_63' title='bbox 474 726 707 763; x_wconf 87' lang='lat' dir='ltr'>constituunt</span> <span class='ocrx_word' id='word_1_64' title='bbox 733 726 805 770; x_wconf 84' lang='lat' dir='ltr'>(ius</span> <span class='ocrx_word' id='word_1_65' title='bbox 833 726 986 771; x_wconf 84' lang='lat' dir='ltr'>novum)</span> <span class='ocrx_word' id='word_1_66' title='bbox 1020 755 1805 766; x_wconf 89' lang='grc'>..............</span> <span class='ocrx_word' id='word_1_67' title='bbox 1857 743 1870 760; x_wconf 86' lang='lat'><strong>»</strong></span> <span class='ocrx_word' id='word_1_68' title='bbox 1907 729 1971 765; x_wconf 75' lang='lat'>121</span> 
     </span>
     <span class='ocr_line' id='line_1_10' title="bbox 281 796 1974 843; baseline 0.002 -10"><span class='ocrx_word' id='word_1_69' title='bbox 281 796 318 842; x_wconf 85' lang='lat' dir='ltr'>a)</span> <span class='ocrx_word' id='word_1_70' title='bbox 344 816 365 823; x_wconf 92' lang='lat'><em>-</em></span> <span class='ocrx_word' id='word_1_71' title='bbox 391 797 443 833; x_wconf 91' lang='lat' dir='ltr'>De</span> <span class='ocrx_word' id='word_1_72' title='bbox 470 797 752 833; x_wconf 88' lang='lat' dir='ltr'>collectionibus</span> <span class='ocrx_word' id='word_1_73' title='bbox 779 801 863 833; x_wconf 87' lang='lat' dir='ltr'>ante</span> <span class='ocrx_word' id='word_1_74' title='bbox 891 797 1062 843; x_wconf 76' lang='lat' dir='ltr'>Gregorii</span> <span class='ocrx_word' id='word_1_75' title='bbox 1091 798 1141 833; x_wconf 90' lang='lat' dir='ltr'>lX</span> <span class='ocrx_word' id='word_1_76' title='bbox 1169 799 1378 835; x_wconf 81' lang='lat' dir='ltr'>Deci-etales</span> <span class='ocrx_word' id='word_1_77' title='bbox 1435 827 1802 836; x_wconf 91' lang='grc'><strong>.......</strong></span> <span class='ocrx_word' id='word_1_78' title='bbox 1855 813 1869 831; x_wconf 84' lang='lat'><strong>»</strong></span> <span class='ocrx_word' id='word_1_79' title='bbox 1925 801 1974 836; x_wconf 89' lang='lat' dir='ltr'>ib.</span> 
     </span>
     <span class='ocr_line' id='line_1_11' title="bbox 283 866 1973 914; baseline 0.002 -11"><span class='ocrx_word' id='word_1_80' title='bbox 283 866 316 911; x_wconf 82' lang='lat' dir='ltr'>b)</span> <span class='ocrx_word' id='word_1_81' title='bbox 345 887 363 893; x_wconf 90' lang='lat'>-</span> <span class='ocrx_word' id='word_1_82' title='bbox 391 868 443 904; x_wconf 92' lang='lat' dir='ltr'>De</span> <span class='ocrx_word' id='word_1_83' title='bbox 471 867 688 904; x_wconf 83' lang='lat' dir='ltr'>collectione</span> <span class='ocrx_word' id='word_1_84' title='bbox 717 868 963 905; x_wconf 84' lang='lat' dir='ltr'>Decretaliuui</span> <span class='ocrx_word' id='word_1_85' title='bbox 991 868 1157 914; x_wconf 73' lang='lat' dir='ltr'>Gregorii</span> <span class='ocrx_word' id='word_1_86' title='bbox 1185 869 1237 905; x_wconf 90' lang='lat' dir='ltr'>IX</span> <span class='ocrx_word' id='word_1_87' title='bbox 1257 898 1804 907; x_wconf 92' lang='grc'><strong>..........</strong></span> <span class='ocrx_word' id='word_1_88' title='bbox 1856 884 1869 902; x_wconf 85' lang='lat'><strong>»</strong></span> <span class='ocrx_word' id='word_1_89' title='bbox 1906 871 1973 907; x_wconf 71' lang='lat'>1⁶25</span> 
     </span>
     <span class='ocr_line' id='line_1_12' title="bbox 281 939 1974 986; baseline 0.002 -11"><span class='ocrx_word' id='word_1_90' title='bbox 281 939 312 985; x_wconf 84' lang='lat' dir='ltr'>c)</span> <span class='ocrx_word' id='word_1_91' title='bbox 340 960 361 963; x_wconf 88' lang='lat'>—</span> <span class='ocrx_word' id='word_1_92' title='bbox 390 940 439 975; x_wconf 87' lang='lat' dir='ltr'>Dc</span> <span class='ocrx_word' id='word_1_93' title='bbox 467 939 750 977; x_wconf 88' lang='lat' dir='ltr'>collectionibus</span> <span class='ocrx_word' id='word_1_94' title='bbox 778 946 859 986; x_wconf 90' lang='lat' dir='ltr'>post</span> <span class='ocrx_word' id='word_1_95' title='bbox 886 940 1094 976; x_wconf 85' lang='lat' dir='ltr'>Decretales</span> <span class='ocrx_word' id='word_1_96' title='bbox 1122 940 1290 986; x_wconf 85' lang='lat' dir='ltr'>Gregorii</span> <span class='ocrx_word' id='word_1_97' title='bbox 1318 941 1370 977; x_wconf 87' lang='lat' dir='ltr'>IX</span> <span class='ocrx_word' id='word_1_98' title='bbox 1437 970 1444 978; x_wconf 90' lang='lat'><strong>.</strong></span> <span class='ocrx_word' id='word_1_99' title='bbox 1497 969 1505 977; x_wconf 93' lang='lat'><strong>.</strong></span> <span class='ocrx_word' id='word_1_100' title='bbox 1558 969 1566 977; x_wconf 91' lang='lat'><strong>.</strong></span> <span class='ocrx_word' id='word_1_101' title='bbox 1618 970 1625 978; x_wconf 88' lang='lat'>.</span> <span class='ocrx_word' id='word_1_102' title='bbox 1677 970 1685 979; x_wconf 90' lang='lat'><strong>.</strong></span> <span class='ocrx_word' id='word_1_103' title='bbox 1739 971 1745 977; x_wconf 94' lang='lat'><em>.</em></span> <span class='ocrx_word' id='word_1_104' title='bbox 1798 970 1805 978; x_wconf 93' lang='lat'><strong><em>.</em></strong></span> <span class='ocrx_word' id='word_1_105' title='bbox 1858 956 1870 973; x_wconf 68' lang='grc' dir='ltr'>ι»</span> <span class='ocrx_word' id='word_1_106' title='bbox 1907 943 1974 979; x_wconf 70' lang='grc'>126</span> 
     </span>
    </p>

    <p class='ocr_par' dir='ltr' id='par_1_6' title="bbox 175 1010 1973 3129">
     <span class='ocr_line' id='line_1_13' title="bbox 279 1010 1854 1058; baseline 0.003 -13"><span class='ocrx_word' id='word_1_107' title='bbox 279 1015 294 1051; x_wconf 65' lang='lat' dir='ltr'>S</span> <span class='ocrx_word' id='word_1_108' title='bbox 320 1010 353 1046; x_wconf 89' lang='lat'>5.</span> <span class='ocrx_word' id='word_1_109' title='bbox 379 1029 400 1036; x_wconf 96' lang='lat'>-</span> <span class='ocrx_word' id='word_1_110' title='bbox 428 1011 479 1046; x_wconf 93' lang='lat' dir='ltr'>De</span> <span class='ocrx_word' id='word_1_111' title='bbox 507 1010 633 1056; x_wconf 81' lang='lat' dir='ltr'>legum</span> <span class='ocrx_word' id='word_1_112' title='bbox 660 1011 994 1048; x_wconf 84' lang='lat' dir='ltr'>ecclesiasticarum</span> <span class='ocrx_word' id='word_1_113' title='bbox 1022 1011 1306 1048; x_wconf 81' lang='lat' dir='ltr'>collectionibus</span> <span class='ocrx_word' id='word_1_114' title='bbox 1334 1022 1429 1058; x_wconf 84' lang='lat' dir='ltr'>quae</span> <span class='ocrx_word' id='word_1_115' title='bbox 1458 1013 1548 1049; x_wconf 89' lang='lat' dir='ltr'>iuris</span> <span class='ocrx_word' id='word_1_116' title='bbox 1579 1013 1752 1050; x_wconf 86' lang='lat' dir='ltr'>canonici</span> <span class='ocrx_word' id='word_1_117' title='bbox 1773 1023 1854 1050; x_wconf 91' lang='lat' dir='ltr'>cor-</span> 
     </span>
     <span class='ocr_line' id='line_1_14' title="bbox 375 1080 1973 1128; baseline 0.003 -11"><span class='ocrx_word' id='word_1_118' title='bbox 375 1091 444 1127; x_wconf 88' lang='lat' dir='ltr'>pus</span> <span class='ocrx_word' id='word_1_119' title='bbox 472 1086 694 1118; x_wconf 86' lang='lat' dir='ltr'>consecutae</span> <span class='ocrx_word' id='word_1_120' title='bbox 721 1086 807 1118; x_wconf 89' lang='lat' dir='ltr'>sunt</span> <span class='ocrx_word' id='word_1_121' title='bbox 833 1080 905 1127; x_wconf 89' lang='lat' dir='ltr'>(ius</span> <span class='ocrx_word' id='word_1_122' title='bbox 933 1082 1085 1128; x_wconf 88' lang='lat' dir='ltr'>noviss.)</span> <span class='ocrx_word' id='word_1_123' title='bbox 1138 1099 1869 1122; x_wconf 75' lang='lat'><strong>.............</strong></span> <span class='ocrx_word' id='word_1_124' title='bbox 1905 1085 1973 1122; x_wconf 72' lang='lat'>128</span> 
     </span>
     <span class='ocr_line' id='line_1_15' title="bbox 186 1154 1973 1201; baseline 0.003 -12"><span class='ocrx_word' id='word_1_125' title='bbox 186 1154 397 1191; x_wconf 68' lang='lat' dir='ltr'>Ammonos</span> <span class='ocrx_word' id='word_1_126' title='bbox 423 1164 499 1191; x_wconf 79' lang='lat' dir='ltr'>vui.</span> <span class='ocrx_word' id='word_1_127' title='bbox 527 1155 576 1190; x_wconf 88' lang='lat' dir='ltr'>De</span> <span class='ocrx_word' id='word_1_128' title='bbox 603 1154 727 1197; x_wconf 67' lang='lat' dir='ltr'>legum</span> <span class='ocrx_word' id='word_1_129' title='bbox 753 1154 1087 1192; x_wconf 84' lang='lat' dir='ltr'>ecclesiasticarum</span> <span class='ocrx_word' id='word_1_130' title='bbox 1114 1156 1418 1201; x_wconf 78' lang='lat' dir='ltr'>interpretatione</span> <span class='ocrx_word' id='word_1_131' title='bbox 1439 1183 1803 1194; x_wconf 91' lang='grc'><strong>.......</strong></span> <span class='ocrx_word' id='word_1_132' title='bbox 1856 1171 1868 1189; x_wconf 69' lang='lat' dir='ltr'>o</span> <span class='ocrx_word' id='word_1_133' title='bbox 1905 1157 1973 1194; x_wconf 87' lang='lat'>150</span> 
     </span>
     <span class='ocr_line' id='line_1_16' title="bbox 279 1225 1970 1272; baseline 0.003 -13"><span class='ocrx_word' id='word_1_134' title='bbox 279 1229 293 1265; x_wconf 68' lang='lat' dir='ltr'>s</span> <span class='ocrx_word' id='word_1_135' title='bbox 323 1225 356 1260; x_wconf 93' lang='lat'>1.</span> <span class='ocrx_word' id='word_1_136' title='bbox 385 1244 403 1250; x_wconf 95' lang='lat'><em>-</em></span> <span class='ocrx_word' id='word_1_137' title='bbox 431 1226 483 1260; x_wconf 90' lang='lat' dir='ltr'>De</span> <span class='ocrx_word' id='word_1_138' title='bbox 511 1225 635 1271; x_wconf 85' lang='lat' dir='ltr'>legum</span> <span class='ocrx_word' id='word_1_139' title='bbox 661 1225 996 1262; x_wconf 87' lang='lat' dir='ltr'>ecclesiasticarum</span> <span class='ocrx_word' id='word_1_140' title='bbox 1025 1227 1325 1272; x_wconf 81' lang='lat' dir='ltr'>interpretatione</span> <span class='ocrx_word' id='word_1_141' title='bbox 1355 1227 1391 1262; x_wconf 93' lang='lat' dir='ltr'>in</span> <span class='ocrx_word' id='word_1_142' title='bbox 1418 1227 1619 1264; x_wconf 91' lang='lat' dir='ltr'>communi.</span> <span class='ocrx_word' id='word_1_143' title='bbox 1680 1256 1686 1263; x_wconf 91' lang='lat'>.</span> <span class='ocrx_word' id='word_1_144' title='bbox 1737 1255 1745 1263; x_wconf 88' lang='lat'><strong>.</strong></span> <span class='ocrx_word' id='word_1_145' title='bbox 1796 1257 1803 1264; x_wconf 91' lang='lat'>.</span> <span class='ocrx_word' id='word_1_146' title='bbox 1856 1241 1868 1259; x_wconf 71' lang='lat' dir='ltr'>n</span> <span class='ocrx_word' id='word_1_147' title='bbox 1924 1228 1970 1264; x_wconf 90' lang='lat' dir='ltr'>ib.</span> 
     </span>
     <span class='ocr_line' id='line_1_17' title="bbox 277 1296 1968 1342; baseline 0.002 -10"><span class='ocrx_word' id='word_1_148' title='bbox 277 1296 314 1341; x_wconf 81' lang='grc' dir='ltr'>α)</span> <span class='ocrx_word' id='word_1_149' title='bbox 341 1315 362 1321; x_wconf 99' lang='grc'>-</span> <span class='ocrx_word' id='word_1_150' title='bbox 389 1297 439 1332; x_wconf 89' lang='lat' dir='ltr'>De</span> <span class='ocrx_word' id='word_1_151' title='bbox 469 1296 782 1342; x_wconf 85' lang='lat' dir='ltr'>interpretationis</span> <span class='ocrx_word' id='word_1_152' title='bbox 809 1297 1024 1333; x_wconf 83' lang='lat' dir='ltr'>delinitione</span> <span class='ocrx_word' id='word_1_153' title='bbox 1051 1301 1085 1333; x_wconf 88' lang='lat' dir='ltr'>et</span> <span class='ocrx_word' id='word_1_154' title='bbox 1113 1297 1294 1334; x_wconf 87' lang='lat' dir='ltr'>divisione</span> <span class='ocrx_word' id='word_1_155' title='bbox 1312 1326 1799 1335; x_wconf 88' lang='grc'><strong>.........</strong></span> <span class='ocrx_word' id='word_1_156' title='bbox 1851 1313 1864 1330; x_wconf 69' lang='grc' dir='ltr'><strong>υ</strong></span> <span class='ocrx_word' id='word_1_157' title='bbox 1921 1300 1968 1336; x_wconf 92' lang='lat' dir='ltr'>ib.</span> 
     </span>
     <span class='ocr_line' id='line_1_18' title="bbox 280 1367 1970 1415; baseline 0.002 -13"><span class='ocrx_word' id='word_1_158' title='bbox 280 1367 314 1413; x_wconf 76' lang='lat' dir='ltr'>b)</span> <span class='ocrx_word' id='word_1_159' title='bbox 340 1386 361 1393; x_wconf 93' lang='lat'>-</span> <span class='ocrx_word' id='word_1_160' title='bbox 388 1368 440 1403; x_wconf 92' lang='lat' dir='ltr'>De</span> <span class='ocrx_word' id='word_1_161' title='bbox 468 1368 678 1413; x_wconf 86' lang='lat' dir='ltr'>praecipuis</span> <span class='ocrx_word' id='word_1_162' title='bbox 705 1368 845 1413; x_wconf 85' lang='lat' dir='ltr'>regulis</span> <span class='ocrx_word' id='word_1_163' title='bbox 871 1368 1086 1405; x_wconf 88' lang='lat' dir='ltr'>doctrinalis</span> <span class='ocrx_word' id='word_1_164' title='bbox 1114 1369 1428 1415; x_wconf 87' lang='lat' dir='ltr'>interpretationis</span> <span class='ocrx_word' id='word_1_165' title='bbox 1434 1384 1867 1408; x_wconf 76' lang='grc'><em>........</em></span> <span class='ocrx_word' id='word_1_166' title='bbox 1905 1370 1970 1406; x_wconf 74' lang='lat'>152</span> 
     </span>
     <span class='ocr_line' id='line_1_19' title="bbox 279 1438 1970 1485; baseline 0.002 -11"><span class='ocrx_word' id='word_1_167' title='bbox 279 1438 313 1481; x_wconf 88' lang='grc' dir='ltr'>α)</span> <span class='ocrx_word' id='word_1_168' title='bbox 341 1457 359 1463; x_wconf 94' lang='grc'><strong>-</strong></span> <span class='ocrx_word' id='word_1_169' title='bbox 388 1439 439 1475; x_wconf 91' lang='lat' dir='ltr'>De</span> <span class='ocrx_word' id='word_1_170' title='bbox 468 1439 604 1484; x_wconf 82' lang='lat' dir='ltr'>regulis</span> <span class='ocrx_word' id='word_1_171' title='bbox 634 1439 945 1485; x_wconf 82' lang='lat' dir='ltr'>interpretationis</span> <span class='ocrx_word' id='word_1_172' title='bbox 976 1440 1222 1476; x_wconf 87' lang='lat' dir='ltr'>declarativae</span> <span class='ocrx_word' id='word_1_173' title='bbox 1255 1467 1802 1478; x_wconf 92' lang='grc'><strong><em>..........</em></strong></span> <span class='ocrx_word' id='word_1_174' title='bbox 1854 1455 1867 1472; x_wconf 75' lang='grc'>»</span> <span class='ocrx_word' id='word_1_175' title='bbox 1904 1442 1970 1478; x_wconf 88' lang='grc'>155</span> 
     </span>
     <span class='ocr_line' id='line_1_20' title="bbox 279 1509 1970 1556; baseline 0.001 -10"><span class='ocrx_word' id='word_1_176' title='bbox 279 1509 310 1553; x_wconf 83' lang='grc' dir='ltr'>β)</span> <span class='ocrx_word' id='word_1_177' title='bbox 337 1529 358 1535; x_wconf 97' lang='grc'>-</span> <span class='ocrx_word' id='word_1_178' title='bbox 385 1511 437 1547; x_wconf 89' lang='lat' dir='ltr'>De</span> <span class='ocrx_word' id='word_1_179' title='bbox 464 1510 602 1556; x_wconf 86' lang='lat' dir='ltr'>regulis</span> <span class='ocrx_word' id='word_1_180' title='bbox 629 1510 942 1556; x_wconf 89' lang='lat' dir='ltr'>interpretationis</span> <span class='ocrx_word' id='word_1_181' title='bbox 968 1511 1201 1547; x_wconf 84' lang='lat' dir='ltr'>extensivae.</span> <span class='ocrx_word' id='word_1_182' title='bbox 1255 1537 1262 1544; x_wconf 91' lang='lat'><strong>.</strong></span> <span class='ocrx_word' id='word_1_183' title='bbox 1316 1540 1323 1548; x_wconf 93' lang='lat'><strong>.</strong></span> <span class='ocrx_word' id='word_1_184' title='bbox 1378 1536 1383 1542; x_wconf 92' lang='lat'>.</span> <span class='ocrx_word' id='word_1_185' title='bbox 1435 1538 1442 1545; x_wconf 93' lang='lat'>.</span> <span class='ocrx_word' id='word_1_186' title='bbox 1495 1542 1501 1548; x_wconf 92' lang='lat'>.</span> <span class='ocrx_word' id='word_1_187' title='bbox 1554 1542 1562 1548; x_wconf 90' lang='lat'>.</span> <span class='ocrx_word' id='word_1_188' title='bbox 1615 1542 1621 1547; x_wconf 93' lang='lat'>.</span> <span class='ocrx_word' id='word_1_189' title='bbox 1674 1540 1682 1548; x_wconf 92' lang='lat'><strong>.</strong></span> <span class='ocrx_word' id='word_1_190' title='bbox 1735 1541 1742 1548; x_wconf 94' lang='lat'><strong>.</strong></span> <span class='ocrx_word' id='word_1_191' title='bbox 1796 1541 1802 1548; x_wconf 94' lang='lat'><strong>.</strong></span> <span class='ocrx_word' id='word_1_192' title='bbox 1853 1526 1866 1543; x_wconf 78' lang='grc' dir='ltr'><strong><em>ι</em></strong></span> <span class='ocrx_word' id='word_1_193' title='bbox 1903 1512 1970 1549; x_wconf 90' lang='grc'>155</span> 
     </span>
     <span class='ocr_line' id='line_1_21' title="bbox 276 1580 1967 1628; baseline 0.001 -7"><span class='ocrx_word' id='word_1_194' title='bbox 276 1580 309 1626; x_wconf 76' lang='grc' dir='ltr'>γ)</span> <span class='ocrx_word' id='word_1_195' title='bbox 337 1601 356 1607; x_wconf 97' lang='grc'>-</span> <span class='ocrx_word' id='word_1_196' title='bbox 386 1583 436 1618; x_wconf 91' lang='lat' dir='ltr'>De</span> <span class='ocrx_word' id='word_1_197' title='bbox 462 1582 600 1627; x_wconf 86' lang='lat' dir='ltr'>regulis</span> <span class='ocrx_word' id='word_1_198' title='bbox 629 1583 938 1628; x_wconf 88' lang='lat' dir='ltr'>interpretationis</span> <span class='ocrx_word' id='word_1_199' title='bbox 965 1584 1192 1620; x_wconf 87' lang='lat' dir='ltr'>restrictivae</span> <span class='ocrx_word' id='word_1_200' title='bbox 1196 1600 1865 1622; x_wconf 82' lang='lat'><strong>............</strong></span> <span class='ocrx_word' id='word_1_201' title='bbox 1903 1586 1967 1622; x_wconf 84' lang='lat'>157</span> 
     </span>
     <span class='ocr_line' id='line_1_22' title="bbox 276 1654 1969 1703; baseline 0.002 -13"><span class='ocrx_word' id='word_1_202' title='bbox 276 1658 290 1694; x_wconf 67' lang='grc' dir='ltr'>ἐ</span> <span class='ocrx_word' id='word_1_203' title='bbox 316 1654 349 1691; x_wconf 71' lang='grc' dir='ltr'>Ξ.</span> <span class='ocrx_word' id='word_1_204' title='bbox 377 1674 395 1679; x_wconf 99' lang='grc'>-</span> <span class='ocrx_word' id='word_1_205' title='bbox 423 1655 475 1690; x_wconf 90' lang='lat' dir='ltr'>De</span> <span class='ocrx_word' id='word_1_206' title='bbox 503 1655 624 1700; x_wconf 82' lang='lat' dir='ltr'>legum</span> <span class='ocrx_word' id='word_1_207' title='bbox 652 1655 986 1692; x_wconf 86' lang='lat' dir='ltr'>ecclesiasticarum</span> <span class='ocrx_word' id='word_1_208' title='bbox 1016 1657 1316 1702; x_wconf 84' lang='lat' dir='ltr'>interpretatione</span> <span class='ocrx_word' id='word_1_209' title='bbox 1344 1657 1382 1693; x_wconf 93' lang='lat' dir='ltr'>in</span> <span class='ocrx_word' id='word_1_210' title='bbox 1408 1657 1532 1703; x_wconf 85' lang='lat' dir='ltr'>specie</span> <span class='ocrx_word' id='word_1_211' title='bbox 1553 1672 1865 1694; x_wconf 82' lang='grc'><em>......</em></span> <span class='ocrx_word' id='word_1_212' title='bbox 1902 1658 1969 1694; x_wconf 82' lang='grc'>159</span> 
     </span>
     <span class='ocr_line' id='line_1_23' title="bbox 277 1726 1967 1773; baseline 0.003 -11"><span class='ocrx_word' id='word_1_213' title='bbox 277 1726 314 1772; x_wconf 89' lang='grc' dir='ltr'>α)</span> <span class='ocrx_word' id='word_1_214' title='bbox 341 1746 363 1750; x_wconf 78' lang='lat'>—</span> <span class='ocrx_word' id='word_1_215' title='bbox 389 1728 440 1763; x_wconf 87' lang='lat' dir='ltr'>Dc</span> <span class='ocrx_word' id='word_1_216' title='bbox 468 1727 645 1764; x_wconf 84' lang='lat' dir='ltr'>clausulis</span> <span class='ocrx_word' id='word_1_217' title='bbox 672 1728 958 1773; x_wconf 82' lang='lat' dir='ltr'>interpretandis</span> <span class='ocrx_word' id='word_1_218' title='bbox 1013 1754 1799 1767; x_wconf 89' lang='grc'><strong>..............</strong></span> <span class='ocrx_word' id='word_1_219' title='bbox 1850 1743 1863 1761; x_wconf 85' lang='lat'><strong>»</strong></span> <span class='ocrx_word' id='word_1_220' title='bbox 1920 1730 1967 1767; x_wconf 89' lang='lat' dir='ltr'>ib.</span> 
     </span>
     <span class='ocr_line' id='line_1_24' title="bbox 279 1797 1966 1846; baseline 0.002 -12"><span class='ocrx_word' id='word_1_221' title='bbox 279 1797 312 1843; x_wconf 87' lang='lat' dir='ltr'>b)</span> <span class='ocrx_word' id='word_1_222' title='bbox 340 1819 361 1822; x_wconf 98' lang='lat'><em>-</em></span> <span class='ocrx_word' id='word_1_223' title='bbox 387 1799 437 1835; x_wconf 89' lang='lat' dir='ltr'>De</span> <span class='ocrx_word' id='word_1_224' title='bbox 466 1798 612 1844; x_wconf 83' lang='lat' dir='ltr'>legibus</span> <span class='ocrx_word' id='word_1_225' title='bbox 640 1799 925 1844; x_wconf 86' lang='lat' dir='ltr'>particularibus</span> <span class='ocrx_word' id='word_1_226' title='bbox 953 1800 1237 1846; x_wconf 86' lang='lat' dir='ltr'>interpretandis</span> <span class='ocrx_word' id='word_1_227' title='bbox 1254 1815 1904 1838; x_wconf 48' lang='grc'><strong>............</strong></span> <span class='ocrx_word' id='word_1_228' title='bbox 1904 1802 1916 1837; x_wconf 90' lang='grc'>1</span> <span class='ocrx_word' id='word_1_229' title='bbox 1923 1801 1966 1837; x_wconf 87' lang='grc'>41</span> 
     </span>
     <span class='ocr_line' id='line_1_25' title="bbox 280 1868 1964 1917; baseline 0.003 -12"><span class='ocrx_word' id='word_1_230' title='bbox 280 1868 311 1915; x_wconf 84' lang='lat' dir='ltr'>c)</span> <span class='ocrx_word' id='word_1_231' title='bbox 337 1889 359 1896; x_wconf 95' lang='lat'>-</span> <span class='ocrx_word' id='word_1_232' title='bbox 387 1871 437 1906; x_wconf 92' lang='lat' dir='ltr'>De</span> <span class='ocrx_word' id='word_1_233' title='bbox 465 1870 653 1916; x_wconf 78' lang='lat' dir='ltr'>rescriptis</span> <span class='ocrx_word' id='word_1_234' title='bbox 682 1871 964 1917; x_wconf 88' lang='lat' dir='ltr'>interpretandis</span> <span class='ocrx_word' id='word_1_235' title='bbox 1006 1901 1793 1911; x_wconf 90' lang='grc'><strong>..............</strong></span> <span class='ocrx_word' id='word_1_236' title='bbox 1847 1888 1858 1904; x_wconf 83' lang='grc'>»</span> <span class='ocrx_word' id='word_1_237' title='bbox 1916 1874 1964 1910; x_wconf 86' lang='lat' dir='ltr'>ib.</span> 
     </span>
     <span class='ocr_line' id='line_1_26' title="bbox 276 1939 1966 1990; baseline 0.002 -14"><span class='ocrx_word' id='word_1_238' title='bbox 276 1939 311 1986; x_wconf 81' lang='lat' dir='ltr'>d)</span> <span class='ocrx_word' id='word_1_239' title='bbox 338 1960 358 1967; x_wconf 95' lang='lat'>-</span> <span class='ocrx_word' id='word_1_240' title='bbox 385 1942 437 1977; x_wconf 90' lang='lat' dir='ltr'>De</span> <span class='ocrx_word' id='word_1_241' title='bbox 464 1942 696 1979; x_wconf 89' lang='lat' dir='ltr'>concordatis</span> <span class='ocrx_word' id='word_1_242' title='bbox 723 1942 819 1978; x_wconf 89' lang='lat' dir='ltr'>inter</span> <span class='ocrx_word' id='word_1_243' title='bbox 844 1943 1049 1979; x_wconf 87' lang='lat' dir='ltr'>Ecclesiam</span> <span class='ocrx_word' id='word_1_244' title='bbox 1076 1947 1111 1979; x_wconf 87' lang='lat' dir='ltr'>et</span> <span class='ocrx_word' id='word_1_245' title='bbox 1139 1944 1281 1980; x_wconf 88' lang='lat' dir='ltr'>Statum</span> <span class='ocrx_word' id='word_1_246' title='bbox 1310 1944 1590 1990; x_wconf 87' lang='lat' dir='ltr'>interpretandis</span> <span class='ocrx_word' id='word_1_247' title='bbox 1609 1969 1617 1977; x_wconf 92' lang='lat'><strong><em>.</em></strong></span> <span class='ocrx_word' id='word_1_248' title='bbox 1669 1974 1676 1980; x_wconf 95' lang='lat'>.</span> <span class='ocrx_word' id='word_1_249' title='bbox 1729 1970 1736 1978; x_wconf 95' lang='lat'>.</span> <span class='ocrx_word' id='word_1_250' title='bbox 1788 1971 1796 1980; x_wconf 87' lang='lat'><strong><em>.</em></strong></span> <span class='ocrx_word' id='word_1_251' title='bbox 1849 1958 1862 1975; x_wconf 89' lang='lat'><strong>»</strong></span> <span class='ocrx_word' id='word_1_252' title='bbox 1899 1945 1966 1980; x_wconf 88' lang='lat'>145</span> 
     </span>
     <span class='ocr_line' id='line_1_27' title="bbox 277 2011 1966 2059; baseline 0.003 -12"><span class='ocrx_word' id='word_1_253' title='bbox 277 2011 309 2059; x_wconf 86' lang='lat' dir='ltr'>e)</span> <span class='ocrx_word' id='word_1_254' title='bbox 337 2031 355 2038; x_wconf 92' lang='lat'>-</span> <span class='ocrx_word' id='word_1_255' title='bbox 383 2013 435 2048; x_wconf 92' lang='lat' dir='ltr'>De</span> <span class='ocrx_word' id='word_1_256' title='bbox 463 2012 667 2058; x_wconf 86' lang='lat' dir='ltr'>privilegiis</span> <span class='ocrx_word' id='word_1_257' title='bbox 696 2013 977 2059; x_wconf 85' lang='lat' dir='ltr'>interpretandis</span> <span class='ocrx_word' id='word_1_258' title='bbox 1010 2042 1796 2052; x_wconf 91' lang='grc'><strong>..............</strong></span> <span class='ocrx_word' id='word_1_259' title='bbox 1848 2030 1861 2047; x_wconf 67' lang='grc' dir='ltr'><strong>ν</strong></span> <span class='ocrx_word' id='word_1_260' title='bbox 1899 2016 1966 2052; x_wconf 87' lang='grc'>144</span> 
     </span>
     <span class='ocr_line' id='line_1_28' title="bbox 276 2083 1966 2132; baseline 0.002 -12"><span class='ocrx_word' id='word_1_261' title='bbox 276 2083 311 2130; x_wconf 85' lang='lat' dir='ltr'>s)</span> <span class='ocrx_word' id='word_1_262' title='bbox 338 2104 362 2109; x_wconf 95' lang='lat'>—</span> <span class='ocrx_word' id='word_1_263' title='bbox 387 2085 437 2120; x_wconf 90' lang='lat' dir='ltr'>Dc</span> <span class='ocrx_word' id='word_1_264' title='bbox 465 2084 810 2130; x_wconf 86' lang='lat' dir='ltr'>dispensationibus</span> <span class='ocrx_word' id='word_1_265' title='bbox 838 2085 1122 2132; x_wconf 87' lang='lat' dir='ltr'>interpretandis</span> <span class='ocrx_word' id='word_1_266' title='bbox 1134 2102 1862 2124; x_wconf 83' lang='lat'><strong>.............</strong></span> <span class='ocrx_word' id='word_1_267' title='bbox 1899 2087 1966 2124; x_wconf 84' lang='lat'>145</span> 
     </span>
     <span class='ocr_line' id='line_1_29' title="bbox 180 2155 1965 2203; baseline 0.002 -12"><span class='ocrx_word' id='word_1_268' title='bbox 180 2155 380 2192; x_wconf 90' lang='lat' dir='ltr'><strong>TITULUS</strong></span> <span class='ocrx_word' id='word_1_269' title='bbox 408 2156 451 2192; x_wconf 89' lang='lat' dir='ltr'>ll.</span> <span class='ocrx_word' id='word_1_270' title='bbox 479 2157 531 2193; x_wconf 92' lang='lat' dir='ltr'>De</span> <span class='ocrx_word' id='word_1_271' title='bbox 559 2157 603 2192; x_wconf 87' lang='lat' dir='ltr'>iis</span> <span class='ocrx_word' id='word_1_272' title='bbox 630 2157 691 2202; x_wconf 91' lang='lat' dir='ltr'>qui</span> <span class='ocrx_word' id='word_1_273' title='bbox 719 2157 936 2193; x_wconf 90' lang='lat' dir='ltr'>vicariatum</span> <span class='ocrx_word' id='word_1_274' title='bbox 964 2162 1096 2203; x_wconf 83' lang='lat' dir='ltr'>gerunt</span> <span class='ocrx_word' id='word_1_275' title='bbox 1125 2158 1281 2194; x_wconf 87' lang='lat' dir='ltr'>Romani</span> <span class='ocrx_word' id='word_1_276' title='bbox 1307 2157 1502 2195; x_wconf 87' lang='lat' dir='ltr'>Pontificis</span> <span class='ocrx_word' id='word_1_277' title='bbox 1550 2186 1796 2195; x_wconf 93' lang='grc'><strong><em>.....</em></strong></span> <span class='ocrx_word' id='word_1_278' title='bbox 1849 2173 1862 2190; x_wconf 74' lang='lat'>1»</span> <span class='ocrx_word' id='word_1_279' title='bbox 1899 2159 1965 2196; x_wconf 85' lang='lat'>146</span> 
     </span>
     <span class='ocr_line' id='line_1_30' title="bbox 178 2226 1962 2267; baseline 0.002 -5"><span class='ocrx_word' id='word_1_280' title='bbox 178 2226 332 2263; x_wconf 88' lang='lat' dir='ltr'><strong>CAPUT</strong></span> <span class='ocrx_word' id='word_1_281' title='bbox 359 2227 386 2263; x_wconf 91' lang='lat'>1.</span> <span class='ocrx_word' id='word_1_282' title='bbox 413 2227 465 2263; x_wconf 92' lang='lat' dir='ltr'>De</span> <span class='ocrx_word' id='word_1_283' title='bbox 492 2228 716 2263; x_wconf 85' lang='lat' dir='ltr'>Patriarcbis</span> <span class='ocrx_word' id='word_1_284' title='bbox 747 2237 790 2263; x_wconf 89' lang='lat' dir='ltr'>ac</span> <span class='ocrx_word' id='word_1_285' title='bbox 821 2228 1045 2265; x_wconf 87' lang='lat' dir='ltr'>Primatibus</span> <span class='ocrx_word' id='word_1_286' title='bbox 1067 2244 1860 2267; x_wconf 83' lang='lat'><strong>..............</strong></span> <span class='ocrx_word' id='word_1_287' title='bbox 1917 2231 1962 2267; x_wconf 90' lang='lat' dir='ltr'>ib.</span> 
     </span>
     <span class='ocr_line' id='line_1_31' title="bbox 178 2298 1962 2346; baseline 0.002 -12"><span class='ocrx_word' id='word_1_288' title='bbox 178 2298 332 2335; x_wconf 89' lang='lat' dir='ltr'><strong>CAPUT</strong></span> <span class='ocrx_word' id='word_1_289' title='bbox 359 2299 405 2334; x_wconf 93' lang='lat' dir='ltr'>Il.</span> <span class='ocrx_word' id='word_1_290' title='bbox 433 2300 485 2334; x_wconf 90' lang='lat' dir='ltr'>De</span> <span class='ocrx_word' id='word_1_291' title='bbox 511 2299 753 2345; x_wconf 86' lang='lat' dir='ltr'>Metropolitis</span> <span class='ocrx_word' id='word_1_292' title='bbox 781 2310 845 2336; x_wconf 84' lang='lat' dir='ltr'>seu</span> <span class='ocrx_word' id='word_1_293' title='bbox 872 2299 1175 2346; x_wconf 87' lang='lat' dir='ltr'>Archiepiscopis</span> <span class='ocrx_word' id='word_1_294' title='bbox 1188 2327 1797 2339; x_wconf 91' lang='grc'><strong>...........</strong></span> <span class='ocrx_word' id='word_1_295' title='bbox 1849 2315 1862 2333; x_wconf 81' lang='lat' dir='ltr'>x·</span> <span class='ocrx_word' id='word_1_296' title='bbox 1898 2302 1962 2337; x_wconf 91' lang='grc'>147</span> 
     </span>
     <span class='ocr_line' id='line_1_32' title="bbox 179 2369 1964 2416; baseline 0.002 -11"><span class='ocrx_word' id='word_1_297' title='bbox 179 2369 332 2406; x_wconf 85' lang='lat' dir='ltr'><strong>CAPUT</strong></span> <span class='ocrx_word' id='word_1_298' title='bbox 360 2369 421 2407; x_wconf 88' lang='lat' dir='ltr'>Ill.</span> <span class='ocrx_word' id='word_1_299' title='bbox 449 2370 501 2406; x_wconf 93' lang='lat' dir='ltr'>De</span> <span class='ocrx_word' id='word_1_300' title='bbox 527 2370 659 2416; x_wconf 85' lang='lat' dir='ltr'>legatis</span> <span class='ocrx_word' id='word_1_301' title='bbox 685 2371 841 2407; x_wconf 84' lang='lat' dir='ltr'>Romani</span> <span class='ocrx_word' id='word_1_302' title='bbox 868 2371 1059 2407; x_wconf 86' lang='lat' dir='ltr'>Pontilicis</span> <span class='ocrx_word' id='word_1_303' title='bbox 1071 2387 1860 2410; x_wconf 79' lang='grc'><strong>..............</strong></span> <span class='ocrx_word' id='word_1_304' title='bbox 1897 2372 1964 2408; x_wconf 75' lang='lat'>15⁶.)</span> 
     </span>
     <span class='ocr_line' id='line_1_33' title="bbox 177 2440 1964 2490; baseline 0.001 -13"><span class='ocrx_word' id='word_1_305' title='bbox 177 2440 331 2477; x_wconf 91' lang='lat' dir='ltr'><strong>CAPUT</strong></span> <span class='ocrx_word' id='word_1_306' title='bbox 359 2441 419 2478; x_wconf 90' lang='lat' dir='ltr'>IV.</span> <span class='ocrx_word' id='word_1_307' title='bbox 447 2442 499 2478; x_wconf 91' lang='lat' dir='ltr'>De</span> <span class='ocrx_word' id='word_1_308' title='bbox 526 2440 735 2478; x_wconf 88' lang='lat' dir='ltr'>Abbatibus</span> <span class='ocrx_word' id='word_1_309' title='bbox 761 2452 804 2479; x_wconf 89' lang='lat' dir='ltr'>ac</span> <span class='ocrx_word' id='word_1_310' title='bbox 830 2443 874 2478; x_wconf 90' lang='lat' dir='ltr'>de</span> <span class='ocrx_word' id='word_1_311' title='bbox 901 2443 1057 2480; x_wconf 86' lang='lat' dir='ltr'>Vicariis</span> <span class='ocrx_word' id='word_1_312' title='bbox 1085 2453 1126 2480; x_wconf 85' lang='lat' dir='ltr'>ac</span> <span class='ocrx_word' id='word_1_313' title='bbox 1154 2444 1352 2480; x_wconf 84' lang='lat' dir='ltr'>Praefectis</span> <span class='ocrx_word' id='word_1_314' title='bbox 1379 2444 1606 2490; x_wconf 89' lang='lat' dir='ltr'>Apostolicis</span> <span class='ocrx_word' id='word_1_315' title='bbox 1667 2473 1674 2481; x_wconf 85' lang='lat'><strong>.</strong></span> <span class='ocrx_word' id='word_1_316' title='bbox 1728 2473 1735 2480; x_wconf 89' lang='lat'><strong>.</strong></span> <span class='ocrx_word' id='word_1_317' title='bbox 1789 2473 1795 2480; x_wconf 96' lang='lat'>.</span> <span class='ocrx_word' id='word_1_318' title='bbox 1847 2458 1860 2475; x_wconf 74' lang='grc' dir='ltr'>ι»</span> <span class='ocrx_word' id='word_1_319' title='bbox 1898 2444 1964 2480; x_wconf 85' lang='grc'>155</span> 
     </span>
     <span class='ocr_line' id='line_1_34' title="bbox 179 2513 1961 2556; baseline 0.003 -8"><span class='ocrx_word' id='word_1_320' title='bbox 179 2513 390 2549; x_wconf 72' lang='lat' dir='ltr'>AnTicuLus</span> <span class='ocrx_word' id='word_1_321' title='bbox 417 2523 440 2549; x_wconf 81' lang='grc' dir='ltr'>ι.</span> <span class='ocrx_word' id='word_1_322' title='bbox 467 2514 520 2549; x_wconf 91' lang='lat' dir='ltr'>De</span> <span class='ocrx_word' id='word_1_323' title='bbox 547 2513 756 2550; x_wconf 87' lang='lat' dir='ltr'>Abbatibus</span> <span class='ocrx_word' id='word_1_324' title='bbox 771 2532 1859 2556; x_wconf 80' lang='lat'><strong>...................</strong></span> <span class='ocrx_word' id='word_1_325' title='bbox 1914 2518 1961 2554; x_wconf 80' lang='lat' dir='ltr'>il).</span> 
     </span>
     <span class='ocr_line' id='line_1_35' title="bbox 179 2583 1962 2631; baseline 0.003 -12"><span class='ocrx_word' id='word_1_326' title='bbox 179 2583 390 2620; x_wconf 58' lang='lat' dir='ltr'>Alimentus</span> <span class='ocrx_word' id='word_1_327' title='bbox 417 2594 455 2621; x_wconf 89' lang='lat'>11.</span> <span class='ocrx_word' id='word_1_328' title='bbox 481 2585 533 2621; x_wconf 90' lang='lat' dir='ltr'>De</span> <span class='ocrx_word' id='word_1_329' title='bbox 559 2585 718 2621; x_wconf 91' lang='lat' dir='ltr'>Vicariis</span> <span class='ocrx_word' id='word_1_330' title='bbox 746 2585 972 2631; x_wconf 88' lang='lat' dir='ltr'>Apostolicis</span> <span class='ocrx_word' id='word_1_331' title='bbox 1008 2603 1858 2625; x_wconf 72' lang='lat'><strong>...............</strong></span> <span class='ocrx_word' id='word_1_332' title='bbox 1895 2589 1962 2625; x_wconf 82' lang='grc'>159</span> 
     </span>
     <span class='ocr_line' id='line_1_36' title="bbox 271 2655 1960 2703; baseline 0.003 -12"><span class='ocrx_word' id='word_1_333' title='bbox 271 2659 286 2696; x_wconf 69' lang='lat' dir='ltr'>S</span> <span class='ocrx_word' id='word_1_334' title='bbox 315 2655 344 2691; x_wconf 93' lang='lat'>1.</span> <span class='ocrx_word' id='word_1_335' title='bbox 374 2675 392 2681; x_wconf 95' lang='lat'>-</span> <span class='ocrx_word' id='word_1_336' title='bbox 420 2656 472 2692; x_wconf 87' lang='lat' dir='ltr'>De</span> <span class='ocrx_word' id='word_1_337' title='bbox 501 2660 680 2702; x_wconf 89' lang='lat' dir='ltr'>potestate</span> <span class='ocrx_word' id='word_1_338' title='bbox 707 2657 846 2694; x_wconf 88' lang='lat' dir='ltr'>Vicarii</span> <span class='ocrx_word' id='word_1_339' title='bbox 871 2657 1074 2703; x_wconf 89' lang='lat' dir='ltr'>Apostolici</span> <span class='ocrx_word' id='word_1_340' title='bbox 1128 2684 1792 2697; x_wconf 87' lang='grc'><strong>............</strong></span> <span class='ocrx_word' id='word_1_341' title='bbox 1845 2674 1858 2691; x_wconf 73' lang='grc' dir='ltr'><strong>ι</strong></span> <span class='ocrx_word' id='word_1_342' title='bbox 1914 2660 1960 2696; x_wconf 88' lang='lat' dir='ltr'>ib.</span> 
     </span>
     <span class='ocr_line' id='line_1_37' title="bbox 270 2725 1960 2775; baseline 0.003 -13"><span class='ocrx_word' id='word_1_343' title='bbox 270 2725 306 2771; x_wconf 88' lang='grc' dir='ltr'>α)</span> <span class='ocrx_word' id='word_1_344' title='bbox 332 2745 354 2752; x_wconf 96' lang='grc'>-</span> <span class='ocrx_word' id='word_1_345' title='bbox 381 2727 432 2762; x_wconf 81' lang='lat' dir='ltr'>De</span> <span class='ocrx_word' id='word_1_346' title='bbox 460 2730 592 2764; x_wconf 88' lang='lat' dir='ltr'>natura</span> <span class='ocrx_word' id='word_1_347' title='bbox 619 2727 883 2765; x_wconf 88' lang='lat' dir='ltr'>iurisdictionis</span> <span class='ocrx_word' id='word_1_348' title='bbox 910 2728 1143 2766; x_wconf 90' lang='lat' dir='ltr'>Vicariorum</span> <span class='ocrx_word' id='word_1_349' title='bbox 1171 2729 1472 2775; x_wconf 87' lang='lat' dir='ltr'>Apostolicorum</span> <span class='ocrx_word' id='word_1_350' title='bbox 1484 2745 1856 2769; x_wconf 77' lang='lat'><strong>.......</strong></span> <span class='ocrx_word' id='word_1_351' title='bbox 1914 2731 1960 2767; x_wconf 88' lang='lat' dir='ltr'>ib.</span> 
     </span>
     <span class='ocr_line' id='line_1_38' title="bbox 273 2795 1962 2846; baseline 0.005 -14"><span class='ocrx_word' id='word_1_352' title='bbox 273 2795 307 2842; x_wconf 87' lang='lat' dir='ltr'>b)</span> <span class='ocrx_word' id='word_1_353' title='bbox 333 2816 356 2820; x_wconf 88' lang='lat'>—</span> <span class='ocrx_word' id='word_1_354' title='bbox 381 2796 434 2833; x_wconf 88' lang='lat' dir='ltr'>De</span> <span class='ocrx_word' id='word_1_355' title='bbox 461 2797 571 2833; x_wconf 90' lang='lat' dir='ltr'>modo</span> <span class='ocrx_word' id='word_1_356' title='bbox 598 2807 671 2844; x_wconf 87' lang='lat' dir='ltr'>quo</span> <span class='ocrx_word' id='word_1_357' title='bbox 698 2799 892 2845; x_wconf 88' lang='lat' dir='ltr'>acquirunt</span> <span class='ocrx_word' id='word_1_358' title='bbox 919 2800 1058 2836; x_wconf 90' lang='lat' dir='ltr'>Vicarii</span> <span class='ocrx_word' id='word_1_359' title='bbox 1087 2800 1293 2846; x_wconf 87' lang='lat' dir='ltr'>Apostolici</span> <span class='ocrx_word' id='word_1_360' title='bbox 1322 2801 1616 2839; x_wconf 87' lang='lat' dir='ltr'>iurisdictionem</span> <span class='ocrx_word' id='word_1_361' title='bbox 1667 2831 1675 2839; x_wconf 90' lang='lat'><strong><em>.</em></strong></span> <span class='ocrx_word' id='word_1_362' title='bbox 1727 2832 1734 2839; x_wconf 92' lang='lat'><em>.</em></span> <span class='ocrx_word' id='word_1_363' title='bbox 1785 2833 1792 2841; x_wconf 90' lang='lat'>.</span> <span class='ocrx_word' id='word_1_364' title='bbox 1845 2818 1858 2834; x_wconf 91' lang='lat'>»</span> <span class='ocrx_word' id='word_1_365' title='bbox 1895 2804 1962 2841; x_wconf 87' lang='lat'>160</span> 
     </span>
     <span class='ocr_line' id='line_1_39' title="bbox 270 2866 1957 2917; baseline 0.005 -14"><span class='ocrx_word' id='word_1_366' title='bbox 270 2866 300 2913; x_wconf 87' lang='lat' dir='ltr'>c)</span> <span class='ocrx_word' id='word_1_367' title='bbox 326 2887 348 2891; x_wconf 92' lang='lat'>—</span> <span class='ocrx_word' id='word_1_368' title='bbox 374 2868 426 2904; x_wconf 91' lang='lat' dir='ltr'>De</span> <span class='ocrx_word' id='word_1_369' title='bbox 451 2869 668 2905; x_wconf 88' lang='lat' dir='ltr'>extensione</span> <span class='ocrx_word' id='word_1_370' title='bbox 695 2870 962 2907; x_wconf 85' lang='lat' dir='ltr'>iurisdictionis</span> <span class='ocrx_word' id='word_1_371' title='bbox 990 2871 1126 2908; x_wconf 81' lang='lat' dir='ltr'>vicarii</span> <span class='ocrx_word' id='word_1_372' title='bbox 1155 2871 1359 2917; x_wconf 88' lang='lat' dir='ltr'>Apostolici</span> <span class='ocrx_word' id='word_1_373' title='bbox 1364 2898 1792 2911; x_wconf 88' lang='grc'><strong>........</strong></span> <span class='ocrx_word' id='word_1_374' title='bbox 1843 2889 1856 2906; x_wconf 76' lang='grc' dir='ltr'><strong><em>ι</em></strong></span> <span class='ocrx_word' id='word_1_375' title='bbox 1893 2875 1957 2912; x_wconf 90' lang='grc'>161</span> 
     </span>
     <span class='ocr_line' id='line_1_40' title="bbox 271 2938 1959 2988; baseline 0.005 -14"><span class='ocrx_word' id='word_1_376' title='bbox 271 2942 285 2978; x_wconf 69' lang='grc' dir='ltr'>Ξ</span> <span class='ocrx_word' id='word_1_377' title='bbox 311 2938 343 2974; x_wconf 78' lang='lat'>2.</span> <span class='ocrx_word' id='word_1_378' title='bbox 370 2957 392 2965; x_wconf 95' lang='lat'>-</span> <span class='ocrx_word' id='word_1_379' title='bbox 418 2939 470 2975; x_wconf 93' lang='lat' dir='ltr'>De</span> <span class='ocrx_word' id='word_1_380' title='bbox 497 2939 799 2986; x_wconf 77' lang='lat' dir='ltr'>obligationibus</span> <span class='ocrx_word' id='word_1_381' title='bbox 825 2940 1060 2979; x_wconf 86' lang='lat' dir='ltr'>Vicariorum</span> <span class='ocrx_word' id='word_1_382' title='bbox 1086 2942 1390 2988; x_wconf 86' lang='lat' dir='ltr'>Apostolicorum</span> <span class='ocrx_word' id='word_1_383' title='bbox 1425 2971 1792 2981; x_wconf 90' lang='grc'><strong>.......</strong></span> <span class='ocrx_word' id='word_1_384' title='bbox 1843 2959 1856 2977; x_wconf 78' lang='grc' dir='ltr'><strong><em>ι</em></strong></span> <span class='ocrx_word' id='word_1_385' title='bbox 1892 2947 1959 2983; x_wconf 90' lang='grc'>177</span> 
     </span>
     <span class='ocr_line' id='line_1_41' title="bbox 269 3009 1956 3059; baseline 0.006 -14"><span class='ocrx_word' id='word_1_386' title='bbox 269 3012 284 3049; x_wconf 68' lang='lat' dir='ltr'>S</span> <span class='ocrx_word' id='word_1_387' title='bbox 310 3009 344 3046; x_wconf 90' lang='grc'>5.</span> <span class='ocrx_word' id='word_1_388' title='bbox 372 3028 391 3035; x_wconf 93' lang='grc'>-</span> <span class='ocrx_word' id='word_1_389' title='bbox 418 3010 471 3046; x_wconf 90' lang='lat' dir='ltr'>De</span> <span class='ocrx_word' id='word_1_390' title='bbox 498 3011 703 3057; x_wconf 84' lang='lat' dir='ltr'>privilegiis</span> <span class='ocrx_word' id='word_1_391' title='bbox 729 3012 962 3049; x_wconf 78' lang='lat' dir='ltr'>Vicat-iorum</span> <span class='ocrx_word' id='word_1_392' title='bbox 989 3013 1290 3059; x_wconf 84' lang='lat' dir='ltr'>Apostolicorum</span> <span class='ocrx_word' id='word_1_393' title='bbox 1305 3041 1790 3055; x_wconf 93' lang='grc'><strong>.........</strong></span> <span class='ocrx_word' id='word_1_394' title='bbox 1841 3031 1855 3049; x_wconf 73' lang='lat'>1&gt;</span> <span class='ocrx_word' id='word_1_395' title='bbox 1891 3019 1956 3055; x_wconf 94' lang='lat'>181</span> 
     </span>
     <span class='ocr_line' id='line_1_42' title="bbox 175 3078 1958 3129; baseline 0.007 -13"><span class='ocrx_word' id='word_1_396' title='bbox 175 3078 386 3117; x_wconf 63' lang='lat' dir='ltr'>Ammonos</span> <span class='ocrx_word' id='word_1_397' title='bbox 412 3090 464 3117; x_wconf 84' lang='lat'>111.</span> <span class='ocrx_word' id='word_1_398' title='bbox 489 3082 541 3117; x_wconf 90' lang='lat' dir='ltr'>De</span> <span class='ocrx_word' id='word_1_399' title='bbox 566 3082 765 3119; x_wconf 83' lang='lat' dir='ltr'>Praefectis</span> <span class='ocrx_word' id='word_1_400' title='bbox 792 3082 1018 3129; x_wconf 89' lang='lat' dir='ltr'>Apostolicis</span> <span class='ocrx_word' id='word_1_401' title='bbox 1060 3109 1786 3126; x_wconf 90' lang='grc'><strong>.............</strong></span> <span class='ocrx_word' id='word_1_402' title='bbox 1838 3103 1852 3121; x_wconf 83' lang='lat'><strong>»</strong></span> <span class='ocrx_word' id='word_1_403' title='bbox 1891 3090 1958 3128; x_wconf 79' lang='grc'>182</span> 
     </span>
    </p>
   </div>
  </div>
 </body>
</html>
