2176 3386
519 0 540 9 ··
554 0 670 22 &vxi
687 0 906 30 ·=¹r‘·›=·‚2·2‚w·<
919 0 960 19 .,-
975 0 1062 20 ‘sn-v
1074 0 1157 19 var
1170 0 1272 15 Ἶι-,---·’
1386 0 1510 15 rssr-wru-
1658 0 1695 14 ηε
1740 0 1765 18 -ι,.
1779 0 1921 27 June-e

769 172 900 200 Lmen
928 172 952 200 1.
988 171 1044 199 DE
1074 170 1268 199 cnssmffls
1834 157 1913 201 119

129 300 205 343 pe,
234 286 247 310 ²
280 290 320 328 et
356 287 536 329 Prisca.
574 282 763 328 Saeculo
787 285 921 327 sexto
946 279 1191 338 Dionysius
1224 278 1480 323 monachus
1510 278 1783 324 confusione
1813 282 1911 337 pri·
1960 328 1964 331 ,

127 383 231 414 scae
263 366 580 412 translationis
620 366 852 420 offensus,
887 367 939 408 ut
977 363 1070 420 ipsc
1118 362 1213 417 ait,
1251 375 1420 406 novam
1461 361 1783 406 collectionem
1830 376 1912 421 pro

128 449 271 495 latina
306 447 505 493 Ecclesia
539 446 775 505 disposuit.
820 445 1066 503 Dionysius
1108 443 1218 489 fecit
1263 444 1582 488 collectionem
1631 448 1756 489 certe
1803 449 1912 490 ante

128 544 304 574 annum
340 529 442 585 525,
477 533 524 573 et
557 531 657 586 post
691 533 887 572 mortem
922 526 1086 572 Gelasii
1123 525 1372 580 pontificis,
1399 525 1492 571 imo
1524 525 1817 584 probabiliter
1839 527 1910 571 vel

128 613 309 657 saeculo
342 611 505 670 quinto
538 611 738 666 labente,
775 609 846 654 vel
881 609 1016 654 initio
1050 609 1219 654 saeculi
1243 609 1362 653 sexti
1383 609 1412 653 ².
1455 613 1514 653 De
1541 610 1744 668 Dionysii
1767 612 1913 655 seien-

127 697 195 739 ιὶα
227 708 280 739 36
310 697 483 751 pietate
517 693 648 738 nobis
680 693 1004 738 testimonium
1038 692 1374 750 ampliSsimum
1399 692 1546 736 reddit
1567 693 1908 739 Cassiodorus³.

130 782 226 836 lpse
260 781 471 836 Exiyzms
515 775 787 821 humilitatis
829 788 965 821 causa
1009 775 1261 834 appellatus
1302 780 1394 831 est,
1434 775 1562 820 iuxta
1612 790 1788 821 morem
1835 777 1912 836 qui

129 861 251 907 inter
285 863 534 906 monachos
567 860 654 905 illis
687 858 970 918 temporibus
1002 858 1277 903 invaluerat.
1320 858 1564 916 Dionysius
1586 873 1699 917 opus
1732 859 1777 903 in
1802 860 1914 904 duas

130 949 280 1003 partes
311 944 485 1000 divisit,
522 943 568 987 in
603 943 750 1001 prima
785 942 840 987 50
871 941 1143 1000 apostolicos
1176 955 1378 986 canones
1410 942 1577 1000 posuit,
1613 956 1795 987 necnon
1841 957 1914 987 ca-

131 1040 274 1072 nones
309 1027 551 1081 Nicaenos,
600 1030 885 1083 Ancyranos,
938 1029 1345 1081 Neocaesarenses,
1391 1028 1704 1083 Gangrenses,
1756 1026 1911 1071 Antio-

128 1111 315 1166 chenos,
357 1110 648 1165 Laodicenos,
674 1109 1223 1166 ConstantinopolitanOS,
1249 1109 1659 1164 Clialccdonenses,
1684 1123 1737 1154 ac
1761 1111 1810 1154 21
1840 1124 1912 1154 ca-

131 1208 274 1239 nones
307 1194 613 1249 sardicenses,
649 1208 701 1238 ac
738 1193 819 1237 '158
843 1206 1044 1237 canones
1068 1193 1322 1238 Africanos.
1363 1198 1409 1238 ln
1433 1194 1632 1237 secunda
1659 1198 1803 1250 parte,
1838 1193 1913 1238 de-

130 1277 323 1321 cretales
364 1276 545 1334 collegit
583 1277 748 1332 Siricii,
808 1276 1082 1330 innocentii,
1134 1276 1316 1331 Zosimi,
1367 1276 1604 1332 Bonifacii,
1649 1276 1910 1333 Coelestini,

131 1360 310 1414 Leonis,
357 1359 539 1416 Gelasii,
581 1364 628 1404 et
675 1359 902 1405 Anastasii
947 1359 1193 1404 Pontilicis.
1247 1360 1452 1404 Secunda
1499 1373 1602 1417 pars
1644 1365 1778 1404 aucta
1828 1361 1914 1405 fuit

132 1442 399 1500 praesertim
440 1443 524 1487 sub
558 1444 756 1488 Adriano
790 1447 823 1498 Ι,
859 1458 884 1487 3
917 1457 1006 1502 quo
1051 1443 1169 1487 dicta
1213 1448 1283 1487 est
1325 1442 1463 1487 etiam
1512 1442 1718 1488 collectio
1759 1444 1912 1488 Adria·

133 1540 218 1570 nea
254 1527 286 1582 ³,
321 1540 459 1586 quam
495 1527 747 1572 Adrianum
781 1528 938 1571 Carolo
974 1531 1141 1584 Magno
1174 1527 1391 1572 obtulisse
1424 1528 1584 1571 fertur.

252 1611 456 1654 solleccio
493 1613 786 1670 Dionysiana
820 1624 1050 1667 maynam
1076 1610 1213 1654 habet
1237 1613 1543 1656 intrinsecam
1568 1614 1910 1667 auctoritatem,

128 1696 227 1737 tum
260 1694 366 1752 quia
406 1693 649 1751 Dionysius
680 1693 871 1738 scientia
906 1708 959 1739 ac
992 1693 1217 1752 probitate
1253 1693 1483 1751 praeditus
1515 1698 1631 1748 erat,
1670 1699 1766 1738 tum
1806 1695 1911 1754 quia

127 1777 275 1835 quoad
309 1777 628 1822 collectionem
666 1781 756 1822 RR.
799 1781 876 1821 ΡΡ.
904 1777 1199 1837 epistolarum
1226 1778 1320 1835 ipse
1348 1791 1453 1821 cum
1475 1780 1646 1822 Romae
1664 1783 1784 1822 esset
1806 1792 1913 1836 prae

132 1860 344 1905 manibus
377 1860 591 1918 epistolas
624 1860 916 1905 authenticas
955 1860 1123 1905 habere
1169 1860 1331 1918 potuit,
1377 1873 1545 1920 easque
1589 1860 1775 1905 nonnisi
1820 1875 1913 1906 ma-

130 1942 255 1988 xima
290 1943 543 2002 petulantia
578 1958 871 2003 corrumpere
906 1944 1144 2002 potuisset,
1180 1949 1280 1988 tum
1314 1944 1419 2003 quia
1454 1944 1774 1989 collectionem
1815 1945 1911 1989 Dio-

130 2026 374 2084 nysianam
409 2028 566 2072 statim
599 2042 652 2072 ac
686 2026 806 2072 edita
840 2032 925 2082 est,
966 2028 1163 2073 Ecclesia
1201 2032 1404 2072 Romana
1439 2027 1651 2086 primitus
1672 2028 1778 2072 dein
1813 2027 1913 2072 uni-

95 2131 98 2135 <
131 2126 264 2158 versa
301 2114 456 2157 Latina
495 2112 692 2158 Ecclesia
725 2117 963 2171 tamquam
996 2114 1221 2169 optimum
1252 2125 1419 2157 sacrae
1448 2112 1727 2169 disciplinae
1750 2126 1913 2157 monu-

129 2203 339 2240 mentum
364 2196 552 2255 recepit.

249 2283 417 2325 Verum
452 2294 548 2324 non
581 2286 760 2325 constat
796 2283 1027 2324 Romanos
1060 2278 1305 2324 Pontifices
1337 2293 1439 2324 eam
1464 2279 1734 2324 solemniter
1752 2280 1912 2338 adpro-

131 2363 326 2418 bavisse,
362 2378 416 2408 eo
445 2363 594 2421 ¹magis
626 2363 731 2422 quia
766 2377 968 2408 canones
1002 2364 1057 2408 50
1092 2363 1374 2421 Apostolicos
1391 2362 1617 2418 continet,
1638 2363 1693 2407 de
1715 2377 1910 2420 quorum

129 2446 215 2491 fide
248 2447 343 2505 ipsc
380 2447 623 2505 Dionysius
654 2446 864 2491 dubitare
898 2445 1081 2490 videtur
1114 2445 1147 2491 ⁵.

253 2531 350 2575 159.
388 2529 685 2588 Temporibus
717 2529 921 2587 Gregorii
958 2531 1108 2586 Magni
1144 2529 1230 2575 alia
1265 2529 1474 2575 collectio
1493 2529 1675 2588 prodiit,
1695 2543 1812 2589 quae
1835 2543 1909 2588 ap-

248 2679 255 2697 ¹
284 2678 373 2715 Eius
400 2683 528 2716 auctor
554 2678 798 2724 probabiliter
826 2680 862 2716 S.
883 2679 1049 2715 Isidorus
1076 2679 1307 2724 Hispalensis
1325 2679 1471 2716 dicitur.
1499 2680 1598 2716 Haec
1623 2679 1793 2716 collectio
1824 2688 1912 2715 con-

129 2749 315 2787 fundenda
341 2751 439 2788 haud
465 2756 521 2788 cst
547 2762 630 2789 cum
655 2751 876 2789 collectione
903 2752 1035 2788 Isidori
1063 2752 1290 2788 mercatoris.

248 2821 260 2839 ¹
288 2822 336 2859 Ci.
364 2823 522 2860 Bnmcm
550 2823 572 2860 l.
600 2822 632 2866 2,
660 2833 692 2859 c.
718 2823 751 2865 5,
777 2826 792 2862 Ξ
818 2822 851 2866 5,
878 2828 912 2858 et
940 2822 1025 2859 libr.
1052 2822 1085 2865 5,
1113 2832 1194 2868 cap.
1220 2822 1252 2858 6.

247 2892 260 2912 ³
287 2895 338 2930 De
364 2894 499 2930 divinis
526 2894 784 2931 sanctionibus
803 2904 834 2930 c.
853 2894 911 2931 25.

248 2964 261 2983 ²
286 2965 338 3001 Ci.
365 2965 538 3003 Sammo
565 2976 623 3012 op.
651 2976 681 3002 c.
708 2970 744 3002 et
771 2966 833 3002 lib.
860 2968 937 3008 cit.,
964 2971 999 3002 et
1025 2967 1182 3002 BiANciu
1210 2966 1283 3009 1.3‚
1311 2975 1390 3011 cap.
1417 2966 1449 3007 6,
1476 2966 1539 3011 qui
1567 2971 1696 3001 conii-a
1724 2964 1846 3000 sentit.

247 3036 259 3056 ³
286 3037 440 3081 DEVOTI,
467 3037 580 3074 instit.
607 3037 629 3074 l.
657 3038 688 3073 1.
