2176 3386
238 156 314 195 150
880 166 990 196 PARS
1019 167 1043 195 1.
1076 167 1133 196 DE
1161 167 1374 197 pensoms

237 276 388 322 officia
418 276 636 336 privatim
663 277 734 322 vel
756 276 935 335 publice
959 275 1100 320 etiam
1123 275 1168 320 in
1194 275 1532 334 pontificalibus
1555 276 1837 334 celebrandi;
1876 278 1920 334 4)
1948 278 2014 322 iu·

239 359 373 405 bendi
409 366 457 405 ut
489 375 568 417 ea,
603 374 651 405 se
683 364 941 419 praesente,
979 359 1077 404 sine
1111 358 1448 417 pontificalibus
1494 361 1812 418 celebrentur;
1854 362 1895 418 5)
1937 377 2016 407 ex-

238 444 382 502 ceptis
427 445 537 489 locis
577 443 804 502 exemptis
851 441 1157 499 indulgentias
1194 442 1252 485 40
1284 441 1447 486 saltem
1495 441 1671 487 dierum
1713 444 2010 490 concedendi.

238 526 452 585 Sequitur
489 527 674 584 insuper
706 525 1108 583 Arcbiepiscopum
1147 538 1239 568 non
1274 537 1403 582 posse
1438 524 1669 570 dioeceses
1701 519 2014 585 Suffraganeo-

238 622 338 653 rum
375 609 578 664 visitare,
617 609 700 654 nisi
735 624 793 653 ex
826 621 961 652 causa
995 607 1178 664 cognita
1208 611 1345 666 atque
1380 608 1566 666 probata
1601 608 1648 652 in
1681 608 1882 654 Concilio
1914 625 2013 669 pro-

239 691 423 737 v1nciali
452 694 480 737 ¹.
516 697 614 747 Quo
646 692 829 751 quidem
866 691 910 735 in
945 704 1052 736 casu
1087 691 1199 735 haec
1234 694 1417 735 tantum
1454 691 1802 751 Archiepiscopo
1840 692 2009 740 licent:

236 775 553 820 confessiones
593 775 878 819 subditorum
913 774 1315 827 Suffraganeorum
1347 773 1531 829 audire,
1566 788 1732 834 eosque
1777 775 2013 823 absolvere

235 859 373 902 etiam
408 872 432 902 a
467 857 645 903 casibus
677 863 723 902 et
754 857 961 902 censuris
997 857 1214 915 Episcopo
1249 857 1510 912 reservatis,
1537 856 1670 916 idque
1704 862 1803 902 tum
1840 873 1918 916 per
1945 873 2009 915 se,

236 946 332 985 tum
380 956 456 999 per
488 941 623 998 alios,
676 940 1036 985 iurisdictionem
1083 941 1165 985 fori
1209 940 1484 985 contentiosi
1528 942 1573 984 in
1617 942 1791 986 duobus
1828 946 2010 988 tantum

235 1025 414 1068 casibus
445 1039 678 1079 exercere,
705 1024 820 1068 idest
844 1025 888 1068 in
912 1024 1182 1068 criminibus
1216 1023 1423 1078 notoriiS,
1449 1029 1495 1068 et
1517 1029 1676 1068 contra
1711 1024 2012 1082 impedientes

235 1107 332 1152 eius
365 1107 743 1152 iurisdictionem.
793 1113 823 1152 Ε
862 1112 1020 1153 contra
1064 1122 1169 1152 cum
1216 1107 1354 1165 possit
1389 1121 1604 1152 exercere
1646 1107 2011 1154 iurisdictionem

235 1189 279 1233 in
314 1191 517 1235 subditos
551 1192 949 1249 Sull'raganeorum
986 1191 1030 1235 in
1064 1192 1239 1235 duobus
1272 1190 1451 1235 casibus
1482 1191 1540 1235 ab
1573 1191 1702 1236 initio
1737 1191 1825 1237 iam
1859 1193 2008 1249 dictis,

233 1274 439 1332 sequitur
473 1288 600 1332 posse
636 1275 820 1319 mittere
853 1275 1055 1319 edictum
1091 1289 1170 1333 per
1203 1279 1346 1319 totam
1382 1275 1666 1332 provinciam
1701 1276 1754 1320 de
1790 1277 1922 1321 rebus
1954 1279 2009 1323 ad

231 1370 362 1401 suam
386 1356 746 1403 iurisdictionem
772 1358 1136 1416 pertinentibus-‚3
1176 1373 1364 1417 pravam
1389 1360 1769 1404 consuetudinem
1794 1361 1839 1405 in
1864 1365 2009 1408 totam

234 1440 519 1496 provinciam
547 1441 753 1485 inolitam
779 1441 1036 1499 probibere,
1061 1441 1258 1500 aliquem
1284 1456 1307 1485 c
1331 1441 1525 1486 dioecesi
1560 1456 1639 1487 sna
1663 1443 2007 1502 delinquentem

233 1523 414 1566 exulem
451 1526 600 1567 facere
633 1538 658 1567 a
695 1530 785 1568 tota
821 1525 1077 1582 provincia,
1114 1525 1465 1583 praedicationis
1503 1525 1706 1570 officium
1753 1542 1830 1585 per
1862 1532 2006 1573 totam

232 1605 517 1662 provinciam
552 1606 684 1651 alicui
721 1607 1012 1663 interdicere,
1049 1613 1094 1651 et
1126 1609 1272 1667 siquid
1306 1609 1424 1652 aliud
1461 1609 1719 1653 huiusmodi
1752 1615 1835 1654 cst.

356 1689 448 1732 195.
491 1692 645 1733 Restat
678 1694 727 1733 ut
759 1691 814 1734 de
838 1690 1173 1749 Arcbiepiscopi
1212 1691 1466 1748 insignibus
1499 1693 1719 1736 nonnulla
1749 1692 2003 1738 edicantur.

235 1774 290 1814 Ea
317 1771 495 1830 proprie
518 1778 626 1816 sunt
648 1774 852 1823 Palmam
878 1778 923 1818 et
946 1775 1068 1843 (Tr-“gx
1090 1788 1206 1833 quae
1224 1779 1332 1818 ante
1351 1788 1428 1819 eos
1446 1775 1612 1819 deferri
1637 1777 1765 1820 solet.
1792 1780 1851 1820 De
1867 1782 2007 1822 cruce

228 1860 337 1899 satis
370 1855 427 1898 sit
458 1856 717 1912 adnotasse,
753 1871 854 1918 eain
889 1871 986 1902 esse
1022 1860 1195 1903 l'orma‘c
1230 1858 1515 1914 eommunis,
1551 1859 1659 1903 dum
1698 1859 1895 1905 vicissim
1932 1876 2005 1919 pa-

232 1938 486 1983 triarchalis
518 1939 684 1998 duplex
720 1940 912 1998 lignum
931 1945 1253 1995 transversum
1294 1941 1457 1995 babet,
1493 1942 1680 2001 eiusque
1715 1944 2007 2000 praelationis

229 2021 325 2065 iure
360 2022 761 2080 Archiepiscopum
796 2024 860 2067 uti
906 2037 1033 2082 posse
1068 2028 1250 2069 tantum
1291 2023 1336 2067 in
1373 2037 1452 2068 sna
1489 2024 1749 2082 provincia,
1787 2040 1891 2070 cum
1928 2030 2006 2070 Pa·

228 2104 453 2148 triarchae
488 2105 530 2149 id
567 2106 751 2150 xaleant
790 2106 983 2165 ubique,
1020 2112 1211 2166 excepta
1257 2108 1366 2152 urbe
1412 2112 1578 2162 Roma,
1614 2122 1757 2167 eoque
1799 2109 1897 2154 loco
1931 2109 2004 2153 ubi

227 2190 440 2231 Summus
476 2189 683 2233 Pontifex
718 2197 797 2233 aut
830 2190 928 2234 eius
964 2195 1153 2248 Legatus
1187 2204 1401 2249 praesens
1433 2191 1505 2236 sit.

345 2272 552 2338 PCAEQ'WU
585 2278 647 2316 esc
680 2273 831 2329 [tescia
866 2275 1008 2319 lanea
1043 2279 1135 2318 tres
1168 2275 1353 2319 circiter
1384 2275 1549 2332 digitos
1582 2276 1698 2332 lata,
1735 2276 1891 2322 circuli
1926 2278 2003 2323 ha-

225 2352 336 2397 bens
359 2338 553 2398 formam
577 2369 693 2413 quae
719 2356 888 2401 inserta
913 2357 1049 2415 capiti
1074 2358 1277 2403 humeris
1295 2358 1491 2404 insideat
1517 2359 1681 2418 duplici
1706 2359 1825 2405 linea
1849 2366 2000 2417 acuta,

222 2449 416 2494 quarum
459 2437 601 2481 altera
634 2444 743 2483 ante
781 2444 963 2497 pectus,
999 2442 1142 2486 altera
1185 2447 1286 2500 post
1320 2447 1499 2500 tergum
1541 2444 1802 2501 descendit,
1837 2459 1890 2489 ac
1921 2459 2000 2491 sex

221 2518 377 2563 sericis
410 2519 615 2579 nigrique
648 2522 811 2567 coloris
844 2524 1056 2569 cimicibus
1087 2525 1301 2570 distincta
1334 2531 1419 2571 est.
1467 2527 1656 2571 Texitur
1684 2542 1735 2573 ea
1770 2529 1908 2574 fascia
1942 2544 2000 2574 ex

220 2601 324 2646 lana
357 2602 550 2647 duorum
584 2618 825 2662 agnorum,
861 2607 936 2666 qui
971 2607 1042 2652 die
1076 2611 1117 2652 S.
1157 2610 1343 2666 Agnetis
1379 2614 1583 2655 Romano
1610 2610 1814 2657 Pontifici
1848 2612 1999 2657 offerri

220 2683 384 2739 solent,
420 2684 493 2729 cui
526 2685 613 2730 alia
646 2687 926 2745 adiungitur,
962 2704 1079 2749 quae
1113 2692 1284 2737 munda
1318 2693 1390 2738 sit.

338 2770 385 2810 ln
429 2768 625 2813 formam
669 2775 823 2814 autem
864 2772 983 2829 pallii
1019 2778 1268 2831 contexta,
1303 2790 1328 2820 a
1362 2779 1550 2822 Summo
1587 2778 1832 2835 pontifice,
1869 2781 1942 2824 vel
1974 2795 2002 2838 a·

218 2847 444 2893 Cardinali
483 2850 559 2908 qui
603 2865 657 2896 eo
695 2852 884 2898 absente
927 2855 1203 2913 pontificalia
1246 2859 1339 2917 agit
1382 2859 1426 2904 in
1464 2860 1617 2918 vigilia
1656 2865 1728 2907 SS.
1766 2865 1999 2921 Apostolo-

336 3010 343 3028 ¹
373 3010 481 3047 Conc.
510 3012 608 3049 Trid.
636 3013 732 3049 Sess.
760 3014 894 3058 XXIV,
922 3025 1001 3060 cap.
1029 3016 1079 3052 ΙΙΙ
1106 3018 1148 3054 de
1172 3019 1252 3064 Res.

2128 3066 2176 3386 ψαύω
2144 2921 2174 3039 sm„
2160 2886 2169 2899 ⁴.
2159 2822 2174 2843 .,
