2176 3386
262 203 341 243 164
936 210 1045 239 PARS
1075 210 1114 238 11.
1150 209 1206 237 DE
1237 208 1374 237 nEBUS

260 319 355 364 sico
386 318 579 363 infantis
611 321 828 362 contactu
863 315 1023 373 iungat
1054 328 1102 359 se
1135 328 1240 359 cum
1274 328 1345 369 eo,
1381 312 1511 359 cuius
1544 313 1757 358 manibus
1790 313 1864 358 ille
1894 314 2039 358 defer·

260 408 351 458 tur,
388 406 529 461 utque
562 400 624 444 ita
658 399 907 444 comitetur
938 399 1224 443 deferentem
1259 396 1424 454 ipsum,
1459 396 1571 455 quin
1605 409 1717 454 opus
1748 396 1808 440 sit
1829 399 1881 440 ut
1904 395 2039 453 patri-

261 498 348 530 nus
381 485 454 529 vel
489 483 687 528 matrina
721 482 948 526 infantem
984 494 1088 525 suas
1122 480 1167 524 in
1203 492 1369 524 manus
1401 479 1638 537 excipiens
1662 479 1873 523 ministro
1896 477 2040 537 bapti·

260 569 457 613 zandum
492 567 723 612 exhibeat.
761 569 925 610 'sactus
961 565 1043 609 iste
1079 564 1295 622 physicus
1328 562 1425 608 fieri
1458 563 1592 607 debet
1633 567 1714 607 aut
1752 562 1863 606 dum
1898 561 2040 620 bapti-

261 665 388 696 smus
420 651 675 704 confertur,
711 653 791 693 aut
824 648 1090 692 immediate
1125 652 1239 705 post,
1276 651 1356 690 aut
1388 645 1653 690 immediate
1687 649 1811 689 ante.

382 736 481 779 9402.
519 733 738 791 Cognatio
772 730 1020 791 spiritualis
1053 735 1201 789 potest
1233 743 1330 774 esse
1364 729 1621 786 multiplex,
1658 732 1704 772 et
1736 729 1848 772 haec
1887 727 2040 772 multi—

263 817 442 875 plicitas
474 815 776 874 exprimenda
811 819 904 869 est,
950 817 1000 857 nt
1034 814 1186 857 valeat
1218 811 1514 870 dispensatio.
1570 814 1666 854 Non
1713 809 2042 868 multiplicatur

261 900 445 959 quando
477 898 577 958 quis
611 898 809 956 plurium
842 895 1035 941 alicuius
1067 895 1264 939 tiliorum
1300 895 1344 938 in
1379 894 1538 938 eodeni
1573 897 1865 938 sacramento
1906 892 2040 950 patri-

264 997 374 1027 num
409 982 526 1039 agit;
564 982 640 1026 sed
674 981 856 1040 quando
890 980 1006 1023 alter
1028 978 1216 1023 alterius
1241 978 1411 1036 prolem
1437 976 1638 1022 invicem
1664 976 1936 1034 suscipiunt,
1968 976 2040 1019 vel

261 1070 442 1121 tenent,
478 1070 524 1109 et
556 1065 738 1124 quando
771 1063 872 1122 quis
905 1062 1117 1106 eumdem
1157 1062 1293 1120 (quod
1329 1075 1419 1105 non
1456 1061 1576 1116 licet)
1609 1061 1680 1104 vel
1704 1060 1899 1104 alterum
1924 1059 2039 1103 eius-

261 1151 364 1194 dem
402 1162 621 1207 personae
657 1146 800 1191 lilium
835 1152 879 1190 et
913 1145 1098 1202 suscipit
1136 1145 1179 1188 in
1216 1144 1457 1202 baptismo,
1493 1147 1538 1187 et
1573 1147 1701 1187 tenet
1726 1143 1771 1186 in
1797 1141 2039 1187 confirma-

260 1232 403 1276 tione.
460 1235 590 1274 Pater
624 1229 859 1287 baptizans
892 1228 1035 1272 tilium
1084 1241 1216 1272 suuni
1268 1226 1524 1285 legitimum
1573 1227 1895 1284 cognationem
1947 1239 2038 1269 non

262 1315 519 1370 contrahit,
556 1314 676 1372 quod
710 1313 743 1357 si
779 1313 838 1356 sit
871 1313 988 1357 lilius
1022 1311 1302 1369 illegitimus,
1338 1325 1439 1355 eam
1474 1310 1718 1354 contrahit.

381 1398 482 1442 945.
520 1398 562 1441 5.
589 1396 808 1454 Cognatio
843 1396 996 1453 legalis
1034 1397 1070 1451 l)
1098 1395 1276 1439 dirimit
1310 1393 1657 1439 matrimonium
1702 1397 1748 1450 a)
1784 1393 1903 1437 inter
1935 1391 2040 1436 ado-

263 1486 469 1539 ptantem
506 1486 550 1525 et
582 1481 872 1537 adoptatum,
910 1480 950 1535 b)
989 1480 1108 1523 inter
1141 1479 1438 1535 adoptantem
1474 1481 1520 1522 et
1542 1477 1783 1534 coniugem
1808 1475 2037 1534 adoptati3

262 1565 299 1619 c)
328 1564 449 1608 inter
481 1564 748 1622 adoptatum
783 1568 828 1607 et
862 1563 1104 1619 coniugem
1140 1561 1417 1619 adoptantis,
1444 1576 1497 1605 ac
1520 1561 1706 1605 demum
1737 1561 1782 1615 d>
1811 1560 1931 1604 inter
1953 1561 2041 1604 fra-

263 1652 356 1691 tres
388 1646 629 1705 adoptivos
663 1646 737 1690 ubi
771 1645 954 1704 adoptio
1002 1645 1150 1690 adhuc
1202 1659 1392 1689 romano
1436 1644 1534 1688 iure
1574 1657 1665 1687 non
1700 1643 1859 1700 gallico
1894 1656 2041 1701 neque

263 1734 419 1775 nostro
438 1729 789 1774 determinatur.
811 1730 852 1783 2)
875 1728 1167 1773 Conditiones
1190 1728 1444 1772 servandae
1471 1741 1547 1784 pro
1570 1725 1814 1784 adoptione
1838 1725 2042 1782 legitima

261 1812 464 1872 quinque
513 1818 842 1857 recensentur:
895 1813 939 1869 α)
978 1816 1028 1855 ut
1060 1811 1283 1869 adoptans
1317 1812 1376 1855 sit
1408 1811 1475 1855 sui
1511 1811 1646 1865 iuris,
1699 1810 1738 1867 b)
1774 1814 1824 1853 ut
1857 1809 1915 1853 sit
1950 1808 2039 1864 vir,

262 1898 300 1952 c)
340 1900 388 1939 ut
422 1895 480 1939 sit
514 1899 675 1953 potens
706 1895 760 1938 ad
795 1894 1142 1951 generandum,
1194 1894 1238 1949 d)
1279 1898 1328 1937 ut
1360 1893 1419 1937 sit
1454 1893 1599 1937 maior
1631 1891 1796 1950 viginti
1839 1892 2042 1951 quinque

262 1979 413 2031 annis,
450 1982 495 2022 et
529 1978 796 2035 adoptatum
831 1979 1023 2021 excedat
1063 1976 1112 2020 18
1146 1975 1305 2031 annis,
1356 1978 1393 2033 e)
1432 1981 1482 2019 ut
1514 1976 1548 2019 si
1583 1976 1826 2032 adoptatus
1859 1973 2042 2017 aliunde

261 2060 539 2105 coniunctus
571 2060 630 2103 sit
662 2060 884 2116 sanguine
918 2073 1023 2103 cum
1058 2060 1325 2117 adoptante,
1364 2073 1455 2103 non
1491 2057 1631 2116 possit
1663 2057 1867 2115 adoptari
1907 2055 1952 2099 in
1989 2070 2043 2100 eo
2162 2050 2176 2086 ’ἱ

263 2142 550 2200 cognationis
583 2143 722 2199 gradu
748 2142 794 2185 in
819 2155 907 2200 quo
930 2142 1114 2186 aliunde
1139 2141 1220 2199 ipsi
1245 2145 1313 2185 est
1336 2140 1627 2185 coniunctus.
1665 2140 1706 2197 5)
1738 2139 1909 2197 Duplex
1938 2139 2042 2184 ado·

263 2224 432 2283 ptionis
464 2224 638 2282 species
670 2223 984 2282 distinguitur,
1019 2238 1214 2283 quai-um
1251 2238 1342 2268 una
1372 2223 1544 2268 vdicitur
1577 2223 1934 2281 perfectissima,
1980 2223 2042 2266 al-

263 2311 359 2351 tera
395 2321 486 2351 non
522 2307 583 2351 ita
620 2308 838 2365 perfecta.
878 2307 1215 2351 Perfectissima
1248 2307 1432 2364 adoptio
1455 2311 1539 2361 est,
1571 2320 1687 2365 quae
1711 2305 1878 2350 dicitur
1900 2304 2042 2350 etiam

263 2392 522 2448 arroyatio,
562 2390 745 2448 quando
778 2389 961 2447 adoptio
994 2389 1046 2433 fit
1079 2402 1299 2447 personae
1332 2393 1598 2444 extraneae,
1634 2388 1701 2433 sui
1737 2388 1863 2443 iuris,
1888 2393 2041 2432 aucto-

265 2473 399 2516 ritate
432 2473 632 2531 supremi
671 2472 907 2530 Principis,
945 2472 1121 2516 ratione
1154 2472 1284 2516 cuius
1317 2477 1554 2529 arrogatus
1587 2471 1754 2516 transit
1777 2472 1823 2516 in
1847 2475 2042 2530 potesta-

263 2560 357 2599 tem
392 2560 439 2599 et
471 2555 693 2600 familiam
729 2556 986 2612 arrogantis
1017 2559 1064 2599 et
1101 2554 1198 2599 eius
1246 2556 1377 2599 heres
1421 2555 1705 2599 necessarius
1747 2554 1798 2599 fit
1840 2559 1939 2598 tum
1982 2569 2040 2599 ex

262 2644 570 2694 testamento,
615 2643 714 2683 tum
758 2642 815 2683 ab
857 2639 1091 2684 intestato.
1142 2638 1236 2683 Alia
1270 2638 1452 2697 adoptio
1488 2652 1579 2683 non
1614 2639 1676 2682 ita
1711 2638 1912 2695 perfecta
1946 2641 2039 2694 est,

262 2736 380 2782 quae
413 2736 506 2766 non
541 2723 677 2767 habet
711 2723 969 2766 huiusmodi
1003 2722 1225 2777 effectus,
1264 2735 1411 2780 neque
1445 2721 1568 2766 illam
1603 2720 1961 2776 solemnitatem,
1998 2725 2045 2764 et

262 2804 455 2860 accidit,
505 2819 611 2849 cum
648 2818 840 2864 persona
874 2805 1118 2863 adoptatur
1151 2818 1244 2848 non
1277 2804 1344 2848 sui
1381 2804 1522 2860 iuris,
1572 2803 1848 2848 auctoritate
1881 2801 2043 2847 iudicis

262 2887 475 2932 habentis
509 2901 686 2931 merum
725 2887 797 2931 vel
830 2887 1032 2931 mixtum
1065 2885 1328 2943 imperium.
1369 2890 1432 2931 tta
1465 2885 1707 2943 adoptatus
1748 2885 1795 2929 in
1830 2889 2044 2944 potesta-

262 2974 359 3015 tem
392 2974 439 3014 et
472 2969 694 3014 familiam
726 2969 989 3026 adoptantis
1023 2982 1114 3013 non
1152 2968 1333 3024 transit,
1369 2969 1478 3013 hinc
1511 2982 1604 3013 non
1637 2967 1689 3012 tit
1721 2969 1853 3012 heres
1885 2980 2041 3012 neces·
2108 3023 2110 3026 .

263 3052 411 3097 sarius
442 3067 500 3098 ex
533 3055 832 3108 testamento,
867 3051 946 3096 sed
977 3065 1036 3096 ex
1071 3051 1291 3096 intestato
1323 3050 1541 3097 succedit.
