2176 3386
228 219 306 259 106
903 227 1012 256 PARS
1043 227 1082 255 11.
1114 227 1169 255 DE
1201 225 1336 255 izi-:Bes

348 339 390 383 7.
426 337 511 383 Sed
543 336 834 395 exploratum
867 340 952 391 est,
987 334 1252 381 Ordinarios
1283 333 1460 378 clericis
1492 333 1625 378 titulo
1650 332 1878 378 missionis
1901 333 2000 377 nul-

225 422 408 466 latenus
440 433 570 481 posse
607 431 760 464 sacros
791 418 984 463 Ordines
1016 418 1242 472 conferre,
1267 415 1355 461 nisi
1379 415 1561 474 speciali
1595 417 1635 460 S.
1673 415 1797 461 Sedis
1830 414 2006 460 indulto

230 505 398 551 muniti
431 504 546 561 sint;
589 502 739 560 agitur
771 501 982 546 enim-de
1016 501 1149 546 titulo
1180 499 1583 555 extraordinario,
1618 499 1695 558 qui
1728 503 1909 557 praeter
1941 497 2011 542 ius

224 603 478 637 commune
511 588 741 634 adhibitus
773 586 874 631 fuit.
911 586 1039 641 Quod
1073 585 1258 645 quidem
1291 584 1520 629 indultum
1556 582 1870 642 Superioribus
1905 581 2009 627 mis·

229 674 410 719 sionum
445 676 526 718 aut
558 670 857 728 Collegiorum
891 683 970 714 seu
1006 668 1438 726 Congregationum,
1465 681 1581 726 quae
1619 665 1910 711 missionibus
1942 664 2011 709 in-

226 755 458 810 serviunt,
495 754 567 799 vel
600 754 657 798 ad
690 757 867 797 certum
901 757 1100 810 tempus,
1136 751 1209 796 vel
1241 750 1298 796 ad
1333 749 1587 808 praefixum
1620 762 1809 794 casuum
1850 762 2010 792 nume·

229 854 335 884 rum
370 837 558 884 concedi
583 837 711 882 solet.
752 836 1050 881 Meminerint
1071 840 1227 881 autem
1253 834 1513 893 Superiores
1546 847 1599 878 eo
1632 847 1766 891 parce
1790 832 2010 876 utendum

230 923 315 967 sibi
349 935 469 966 esse:
506 934 654 978 neque
685 919 810 963 enim
846 919 976 963 titulo
1012 917 1241 962 missionis
1265 930 1427 962 omnes
1458 916 1628 974 absque
1660 915 1838 959 delectu
1871 913 2012 959 sacris

227 1010 375 1050 erunt
406 1003 656 1050 Ordinibus
690 1002 901 1046 initiandi
934 1001 1109 1056 Clerici,
1134 1000 1211 1060 qui
1242 1000 1298 1044 ad
1335 998 1603 1044 missionum
1637 997 1916 1043 curriculum
1943 996 2012 1041 in-

229 1089 436 1134 eundum
472 1092 723 1145 utcumque
758 1085 963 1144 dispositi
997 1084 1257 1130 videantur.
1294 1083 1336 1128 Si
1369 1083 1492 1128 enim
1528 1082 1656 1126 iuxta
1691 1083 1731 1125 S.
1762 1080 1885 1125 Pauli
1920 1094 2013 1124 mo-

235 1170 386 1215 nitum
439 1183 603 1214 manus
641 1168 817 1213 nemini
851 1168 941 1213 cito
975 1167 1297 1226 imponendae,
1333 1165 1376 1210 id
1409 1164 1697 1223 potissimum
1734 1164 1871 1218 valet,
1907 1175 2011 1206 cum

230 1267 385 1298 sermo
417 1257 486 1298 est
519 1254 573 1297 de
610 1252 662 1296 iis
695 1252 770 1311 qui
806 1251 850 1295 iu
878 1252 1073 1296 arduum
1096 1249 1331 1308 apostolici
1366 1247 1604 1294 ministerii
1628 1260 1741 1305 opus
1773 1259 2015 1291 assumun-

234 1342 324 1381 tur.
363 1342 511 1395 Quare
535 1336 612 1380 hic
648 1336 807 1379 titulus
831 1334 1116 1379 adhibendus
1146 1333 1234 1378 erit
1255 1333 1302 1377 in
1325 1346 1484 1377 eorum
1520 1332 1762 1376 dumtaxat
1786 1332 2012 1387 favorem,

230 1419 310 1479 qui
342 1420 486 1464 animi
528 1419 678 1464 indole
716 1424 762 1463 et
794 1418 1056 1472 docilitate,
1094 1415 1364 1461 intentionis
1410 1414 1687 1460 rectitudine
1712 1449 1722 1469 ,
1758 1413 2014 1471 aptitudine

232 1503 433 1561 ingenii,
469 1504 676 1561 profectu
720 1502 766 1546 in
807 1501 947 1546 sacris
997 1500 1179 1554 studiis,
1219 1512 1397 1544 morum
1439 1498 1738 1556 integritate,
1772 1511 1827 1542 ac
1859 1511 2013 1541 rerum

239 1588 579 1632 mundanarum
617 1590 905 1643 contemptu,
940 1598 1066 1643 spem
1102 1583 1290 1638 faciant,
1325 1595 1421 1627 sese
1455 1589 1667 1626 strenuos
1707 1583 1884 1626 futuros
1917 1581 2012 1625 fore

239 1669 474 1727 Evangelii
508 1682 781 1728 praecones3
818 1682 952 1726 super
984 1682 1073 1727 quo
1106 1666 1372 1712 eorumdem
1408 1664 1700 1723 Superiorum
1734 1663 2013 1710 conscientia

231 1753 442 1798 districte
476 1758 709 1797 oneratur.

355 1837 396 1880 8.
437 1840 536 1880 Non
570 1849 701 1880 secus
734 1850 788 1880 ac
823 1834 1006 1878 Alumni
1044 1833 1342 1891 Collegiorum
1388 1832 1749 1890 pontificiorum,
1786 1831 1815 1875 ii
1857 1844 2018 1875 omnes

231 1921 312 1980 qui
345 1920 479 1965 titulo
515 1919 743 1964 missionis
775 1919 896 1962 inter
929 1931 1081 1963 sacros
1115 1917 1348 1961 ministros
1382 1915 1586 1974 cooptari
1618 1915 1827 1972 cupiunt,
1858 1919 2016 1959 tenen-

236 2008 313 2049 tur
337 2003 462 2062 prius
486 2003 803 2046 iuramentum
827 2000 1057 2054 emittere,
1083 2015 1172 2059 quo
1195 2000 1451 2058 spondeant
1475 1997 1678 2043 missioni
1703 1998 1775 2042 cui
1801 1996 2017 2042 destinati

235 2093 345 2132 sunt
378 2087 450 2132 vel
483 2086 866 2142 destinabuntur,
902 2099 948 2130 se
982 2086 1077 2130 fore
1111 2090 1378 2143 perpetuam
1421 2098 1606 2142 operam
1646 2084 1854 2140 daturos;
1897 2083 2016 2142 quod

233 2169 421 2229 quidem
454 2169 512 2214 ab
544 2169 598 2214 iis
629 2169 706 2228 qui
740 2169 825 2213 hoc
857 2168 989 2212 titulo
1029 2167 1116 2212 frui
1151 2169 1346 2222 volunt,
1382 2170 1423 2211 S.
1462 2169 1596 2211 Sedes
1639 2173 1689 2211 ut
1729 2166 2015 2221 missionum,

236 2266 432 2313 quarum
457 2251 717 2310 sumptibus
735 2251 797 2295 illi
821 2252 1025 2306 aluntur,
1045 2250 1234 2295 servitio
1257 2248 1532 2303 consuleret,
1550 2249 1733 2307 exigere
1751 2251 2018 2294 constanter

236 2336 480 2382 consuevit
506 2338 534 2380 ¹.

360 2492 367 2509 ¹
397 2490 570 2527 Formula
600 2490 794 2526 iuramenti
822 2489 868 2525 ab
896 2489 941 2525 iis
968 2488 1176 2534 praestandi
1196 2487 1257 2533 qui
1278 2486 1384 2523 titulo
1407 2486 1594 2522 missionis
1619 2473 1835 2521 ordinantur
1860 2492 2020 2529 sequens

236 2567 303 2600 est:
341 2577 353 2594 ι
373 2563 451 2609 Ego
478 2562 520 2598 N.
540 2562 655 2598 Filius
674 2562 718 2598 N.
738 2562 926 2598 Dioecesis
946 2560 1002 2596 vel
1023 2560 1229 2596 Vicariatus
1255 2559 1297 2595 N.
1326 2559 1505 2604 spondeo,
1526 2562 1562 2594 et
1588 2558 1680 2599 iuro,
1699 2557 1798 2603 quod
1825 2560 2020 2602 postquam

238 2635 285 2671 ad
312 2643 437 2671 sacros
464 2633 621 2670 Ordines
650 2638 838 2679 promotus
874 2633 987 2675 suero,
1014 2631 1153 2668 nullam
1188 2630 1431 2676 Religionem,
1459 2630 1690 2670 Societatem,
1717 2633 1780 2664 aut
1809 2627 2019 2672 congrega-

240 2705 379 2741 tionem
405 2703 613 2750 regularem
641 2704 720 2740 sine
748 2703 898 2749 speciali
926 2702 1031 2739 Sedis
1058 2701 1294 2747 Apostolicae
1321 2700 1482 2743 licentia,
1508 2704 1571 2737 aut
1597 2699 1631 2735 S.
1651 2697 1956 2744 Congregationis
1975 2697 2019 2733 de

239 2775 485 2821 propaganda
514 2775 602 2812 Fide
629 2774 825 2820 ingrediar,
853 2783 973 2820 neque
1000 2773 1039 2808 in
1065 2781 1191 2809 earum
1217 2771 1341 2817 aliqua
1368 2771 1636 2817 professionem
1661 2769 1838 2805 emittam.

360 2847 488 2884 Voveo
518 2847 652 2892 pariter
678 2852 713 2882 et
740 2846 831 2888 iuro,
859 2845 958 2892 quod
983 2845 1022 2881 in
1050 2845 1116 2880 hac
1143 2843 1323 2886 Dioecesi,
1348 2847 1412 2879 aut
1438 2842 1638 2884 vicariatu,
1656 2841 1712 2877 vel
1729 2838 1770 2886 (⁸)
1790 2840 1827 2876 in
1844 2838 2020 2876 Missione

238 2919 299 2955 cui
339 2918 375 2955 S.
416 2918 499 2955 Sedi
540 2918 597 2954 vel
636 2918 671 2955 S.
709 2916 996 2964 Congregationi
1035 2915 1079 2952 de
1117 2914 1360 2961 propaganda
1396 2913 1484 2950 Fide
1519 2922 1577 2948 me
1609 2911 1792 2948 destinare
1831 2909 2020 2956 placuerit,

359 3023 371 3035 ⁸
394 3026 506 3062 Iuoeta
531 3025 625 3061 hunc·
651 3025 809 3060 alterum
835 3025 984 3059 modam
1001 3023 1130 3059 iurare
1148 3022 1281 3064 debent,
1301 3021 1361 3068 qai
1386 3020 1546 3058 nondum
1571 3019 1683 3056 alicui
1705 3018 1866 3054 missioni
1890 3016 2022 3054 addicti

239 3097 390 3143 fuerint.
