2176 3386
1146 0 1155 10 ³
1221 0 1641 36 -v-an-‚v--Y-›Wm
1652 11 1665 35 .·
1680 15 1694 25 Δ·
1740 27 1752 39 .

252 139 309 180 98
927 147 1038 176 PARS
1068 148 1108 175 11.
1144 146 1201 175 DE
1230 145 1368 175 nanus

254 255 423 315 poterit
453 255 509 300 ad
542 254 923 301 subdiaconatum
951 252 1215 313 promoveri
1250 264 1385 297 mane
1417 250 1516 296 eius
1545 244 1648 295 diei.
1686 253 1771 294 Pro
1793 249 2038 294 diaconatu

255 338 504 399 requiritur
525 351 680 384 annus
704 337 955 396 vigesimus
978 335 1160 391 tertius,
1187 349 1269 394 pro
1292 334 1612 394 presbyteratu
1641 333 1884 391 vigesimus
1908 334 2042 392 quin-

254 425 329 466 tus
361 434 523 466 omnes
546 420 746 480 incepti;
783 434 864 478 pro
893 419 1166 478 Episcopatu
1191 417 1452 474 trigesimus
1483 417 1753 475 completus.
1793 416 1857 460 Ab
1887 421 2042 462 aetate

257 521 368 553 vero
404 506 647 565 Episcopus
679 505 942 563 dispensare
977 517 1069 549 non
1103 506 1268 562 potest.

376 591 477 636 815.
514 589 669 643 Quoad
704 588 947 633 scientiam
974 601 1086 632 vero
1109 585 1307 644 exigitur
1329 585 1385 630 ad
1410 588 1647 629 tonsuram
1680 587 1730 627 ut
1751 583 1852 642 quis
1882 586 2045 628 teneat

256 674 517 719 rudimenta
553 672 655 718 fidei
690 676 736 717 et
768 671 1009 716 scribendo
1047 669 1328 728 legendoque
1363 666 1624 726 profecerit,
1648 666 1703 711 ad
1738 665 1939 711 minores
1970 680 2043 710 or-

255 757 385 803 dines
419 756 580 816 peritia
616 755 785 800 latinae
820 754 1026 812 linguae,
1062 753 1124 797 ita
1158 757 1211 797 ut
1243 751 1365 796 illam
1402 749 1625 807 intelligat
1651 750 1679 793 ¹.
1718 749 1781 793 Ad
1805 748 2044 794 subdiaco-

256 844 418 885 natum
447 843 492 883 et
525 838 819 883 diaconatum
860 836 1022 894 peritia
1056 835 1332 889 litterarum,
1358 836 1405 878 et
1433 846 1593 877 earum
1626 845 1800 885 rerum,
1834 845 1950 890 quae
1982 830 2041 875 ad

255 922 463 968 ordinem
498 920 809 966 exercendum
839 918 1072 976 pertinent
1096 917 1127 960 2.
1167 916 1230 960 Ad
1255 916 1624 974 presbyteratum
1649 913 1872 958 eiusmodi
1894 913 2042 958 scien-

255 1005 334 1061 tia,
370 1018 487 1064 quae
522 1004 738 1048 idoneum
773 1001 942 1047 efficiat
978 1001 1035 1045 ad
1068 1000 1324 1045 docendum
1359 998 1575 1057 populum
1610 1011 1662 1042 ea
1696 1010 1812 1055 quae
1844 996 1900 1040 ad
1923 997 2044 1040 salu-

255 1096 350 1136 tem
386 1089 640 1135 necessaria
675 1091 799 1141 sunt,
835 1091 881 1130 et
913 1086 970 1130 ad
1004 1088 1296 1130 sacramenta
1330 1081 1693 1127 administranda
1718 1080 1750 1134 ⁸,
1786 1079 1848 1124 ila
1881 1083 1933 1123 ut
1963 1078 2041 1137 qui

255 1176 312 1222 ad
345 1173 566 1219 eiusmodi
601 1171 807 1216 ordinem
849 1172 1184 1228 promoventur
1216 1168 1378 1211 saltem
1414 1163 1666 1222 theologiae
1702 1162 1885 1208 moralis
1917 1175 2040 1206 com-

256 1263 467 1318 petenter
499 1256 632 1316 periti
666 1255 757 1301 sint
782 1255 812 1298 4.

377 1343 478 1387 814.
520 1340 720 1399 Denique
765 1336 1007 1383 ordinandi
1053 1335 1222 1393 pietate
1268 1337 1315 1378 et
1349 1332 1472 1377 vitae
1511 1331 1736 1390 probitate
1779 1331 2048 1388 praelucere

257 1427 426 1471 debent
458 1429 504 1469 et
536 1427 826 1468 sacramento
860 1417 1235 1465 confirmationis
1270 1415 1438 1460 initiali
1471 1428 1568 1459 esse
1601 1414 1783 1458 debent.

378 1512 478 1556 815.
518 1507 850 1567 {mpedimenta
897 1519 1014 1565 quae
1049 1518 1107 1548 ex
1141 1501 1371 1562 requisitis
1403 1498 1631 1558 negativis
1675 1498 1942 1551 dimanant,
1977 1496 2047 1540 di·-

258 1600 427 1642 cuntur
461 1594 858 1651 ‘irrng-alare'tates.
899 1587 1214 1647 irregularitas
1237 1590 1305 1630 est
1328 1584 1708 1643 impedimentum
1745 1580 2043 1635 canonicum„

256 1693 345 1739 quo
379 1677 645 1736 prohibetur
677 1672 904 1732 susceptio
937 1671 1184 1725 Ordinum,
1220 1674 1267 1714 et
1301 1682 1459 1713 eorum
1493 1665 1783 1711 exercitium.
1822 1663 1942 1718 Sive,
1973 1667 2049 1708 est,

256 1760 519 1807 inhabilitas
553 1759 650 1803 iure
675 1756 899 1802 canonico
923 1754 1130 1807 inducta,
1160 1751 1414 1810 impediens
1436 1748 1772 1807 susceptionem
1797 1746 2038 1799 Ordinum,

256 1850 302 1891 et
333 1848 650 1902 susceptorum
684 1840 975 1886 exercitium.
1021 1837 1180 1882 Differt
1211 1850 1237 1881 a
1271 1848 1482 1889 censura,
1518 1847 1622 1877 cum
1660 1832 1770 1876 haec
1803 1830 1861 1874 sit
1894 1843 2039 1888 poena

257 1927 540 1974 medicinalis
572 1926 629 1971 ob
661 1925 842 1983 eulpam
890 1922 1089 1976 inflicta,
1125 1924 1171 1965 et
1213 1919 1269 1963 ad
1313 1915 1685 1963 emendationem
1734 1911 2042 1971 delinquentis

257 2012 483 2066 ordinata,
518 2007 830 2066 irregularitas
864 2019 975 2050 vero
1012 2002 1278 2048 immediate
1311 2006 1357 2045 et
1390 1999 1606 2058 primario
1652 2001 1823 2042 statuta
1857 1995 1915 2040 sit
1947 2008 2039 2039 non

256 2097 311 2141 ad
336 2094 643 2155 punitionem,
669 2089 1110 2136 emendationemve
1135 2084 1459 2145 delinquentis,
1485 2084 1563 2128 sed
1586 2083 1640 2128 ad
1679 2083 1898 2126 bonorem
1923 2078 2041 2123 sacri

258 2177 517 2232 ministerii,
552 2176 628 2236 qui
664 2174 877 2233 postulat,
917 2177 968 2216 ut
1000 2171 1077 2230 qui
1111 2170 1166 2215 ad
1199 2168 1356 2214 altaris
1389 2165 1694 2212 ministerium
1720 2166 2037 2216 assumuntur,

258 2265 350 2309 sint
383 2267 430 2308 et
460 2259 626 2319 integri
660 2272 865 2317 corpore,
894 2261 941 2302 et
977 2255 1134 2300 animo
1169 2253 1286 2312 puri,
1315 2252 1433 2296 unde
1468 2264 1560 2295 non
1585 2246 1843 2294 necessario
1877 2258 2039 2303 suppo·

257 2347 328 2392 nit
351 2347 549 2404 culpam,
577 2348 626 2388 ut
648 2355 859 2388 censura.
901 2343 1062 2385 Fertur
1094 2343 1250 2382 tamen
1276 2334 1520 2394 aliquando
1553 2347 1633 2391 per
1656 2331 1843 2376 modum
1866 2341 2046 2387 poenae-

257 2428 587 2483 vindicativae‚
624 2426 700 2471 sed
734 2423 1005 2470 secundario
1035 2458 1043 2477 ,
1082 2424 1309 2478 quatenus
1341 2419 1398 2463 ob
1430 2416 1582 2462 delicti
1619 2414 1845 2460 maculam
1880 2410 2044 2471 aliquis

259 2515 474 2559 censetur
506 2509 720 2567 indignus
752 2521 881 2552 sacro
920 2503 1192 2558 ministerio,
1228 2503 1285 2548 ob
1318 2501 1447 2546 cuius
1478 2497 1789 2544 reverentiam
1824 2492 2041 2554 primario

258 2595 494 2652 infligitur.
531 2597 672 2638 Porro
704 2590 893 2636 nomine
929 2587 1153 2634 Ordinum
1189 2586 1262 2631 bic
1296 2583 1565 2642 intelligitur
1596 2580 1735 2627 etiam
1770 2579 1916 2638 prima
1940 2581 2047 2622 ton-

2141 2350 2176 2433 ἑὲ

379 2763 385 2780 ¹
417 2762 529 2799 Conc.
558 2761 655 2797 Trid.
683 2770 762 2806 cap.
788 2759 852 2801 XI,
873 2759 969 2795 Sess.
988 2756 1112 2792 XXIII
1141 2756 1182 2791 de
1210 2755 1371 2800 Reform.

378 2835 390 2853 ²
418 2834 526 2870 Conc.
554 2833 650 2869 Trid.
679 2841 757 2877 cap.
793 2831 891 2873 XIII,
921 2830 1017 2867 Sess.
1046 2829 1106 2864 cit.
1133 2828 1174 2865 de
1201 2828 1359 2873 Reform.

381 2906 393 2925 ³
420 2906 531 2943 Cone.
562 2905 658 2942 Trid.
686 2913 765 2950 cap.
795 2902 891 2944 XIV,
922 2902 1018 2938 Sess.
1046 2900 1106 2937 cit.
1134 2899 1176 2935 de
1203 2899 1361 2944 Reform.

380 2977 393 2996 ³
419 2976 553 3013 Bened.
582 2975 680 3017 XIII,
708 2974 831 3010 Const.
859 2973 901 3008 Ιη
925 2980 1097 3017 suprema
1122 2969 1168 3006 25
1194 2972 1286 3014 sept.
1317 2967 1419 3004 1723.
