2176 3386
173 165 199 203 [Ο

816 171 925 200 PARS
955 171 979 199 1.
1011 171 1068 199 DE
1096 170 1308 199 PERSONIS

898 389 1143 448 LIBER
1187 389 1230 447 Ι.

826 559 935 613 De
976 557 1301 624 ClericiS.

295 734 336 777 2.
373 736 484 777 Cum
519 731 672 775 clerici
707 730 800 774 sint
832 729 908 788 qui
952 728 1064 773 iuris
1101 728 1243 773 divini
1285 728 1579 786 dispositione
1630 727 1957 773 iurisdictionis

175 812 510 857 ecclesiasticae
534 810 789 855 subiectum
824 822 920 853 esse
955 813 1160 866 possunt,
1181 812 1428 867 antequam
1463 808 1518 852 de
1551 807 1740 865 singulis
1769 807 1952 852 clerico·

176 907 276 937 rum
312 891 539 949 gradibus,
575 889 739 949 quibus
776 888 998 933 Ecclesiae
1023 887 1184 934 Christi
1210 887 1491 945 organizatio
1516 887 1722 942 resultat,
1748 900 1955 944 agamus,

177 980 378 1034 praestat
419 979 469 1017 ut
517 974 943 1032 prolegomenorum
989 984 1124 1016 causa
1168 972 1254 1015 tria
1297 970 1662 1028 praemittamus,
1712 969 1949 1015 videlicet:

176 1059 217 1114 1)
239 1058 294 1100 (Ie
317 1059 500 1100 notione
522 1062 563 1098 ec
584 1056 809 1098 dlvi-sione
838 1055 1072 1111 potestatis
1093 1053 1452 1105 Υῖιινίεάὶθίι”οηὠὴ·
1487 1053 1529 1107 2>
1552 1052 1607 1095 de
1630 1051 1776 1095 modis
1797 1051 1961 1109 quibus

176 1141 479 1184 ecelesiastica
513 1138 771 1181 iurisdictio
805 1138 1098 1194 acquire'cm·;
1139 1135 1180 1191 5>
1219 1139 1263 1177 et
1296 1134 1482 1178 tandem
1521 1135 1576 1177 de
1616 1134 1759 1177 modis
1797 1134 1961 1191 qulbus

175 1223 480 1266 ecclesiastica
516 1221 772 1264 larissle'ecio
805 1225 962 1263 cessat.

754 1432 1321 1485 PROLEGOMEN
1328 1435 1377 1482 A

178 1582 265 1624 De
302 1579 622 1633 potestatis
659 1578 1097 1621 iurisdictionis
1134 1577 1382 1619 notione
1419 1579 1481 1619 et
1517 1575 1820 1618 divisione
1858 1576 1962 1618 de·-

298 1673 416 1714 que
462 1661 662 1703 modis
701 1661 924 1713 quibus
962 1659 1402 1702 iurisdictionis
1443 1660 1716 1711 potestas
1754 1659 1963 1711 acqui-

297 1747 453 1788 ritur
484 1745 587 1788 vel
619 1745 935 1787 amittitur.

875 1944 1181 1997 TITULUS
1222 1944 1258 1995 I.

305 2106 383 2158 De
424 2108 714 2178 potestatis
753 2104 1153 2157 iurisdictionis
1193 2106 1418 2155 notione
1459 2108 1512 2154 et
1551 2101 1838 2154 divisione.

301 2278 342 2322 5.
381 2281 430 2321 ln
466 2280 664 2321 tractatu
699 2275 752 2319 de
788 2274 884 2319 iure
919 2273 1098 2332 publico
1130 2272 1438 2318 ecclesiastico
1475 2273 1485 2295 ¹
1522 2272 1665 2316 fusius
1698 2270 1960 2328 expositum

183 2366 252 2408 est
283 2361 389 2422 quid
423 2361 482 2406 sit
515 2364 715 2419 potestas
750 2358 1094 2414 iurisdictionis,
1129 2358 1358 2417 quomodo
1389 2356 1571 2402 differat
1604 2357 1676 2400 vet
1711 2356 1961 2412 coniunga-

182 2450 259 2490 tur
291 2458 396 2489 cum
434 2447 658 2500 potestate
692 2441 879 2497 ordinis,
916 2455 1145 2500 quaenam
1182 2439 1420 2498 potestatis
1442 2437 1767 2484 iurisdictionis
1792 2437 1964 2495 praeci-

186 2541 301 2587 puae
334 2526 428 2571 sint
460 2525 725 2570 divisiones.

306 2611 368 2655 Ad
412 2609 695 2668 praedictum
750 2611 999 2652 tractatum
1036 2605 1241 2663 proinde,
1277 2606 1484 2659 tectores,
1520 2603 1813 2648 remittimus.
1851 2602 1964 2647 Heic

184 2693 507 2741 tantummodo
542 2691 789 2750 praemissa
834 2690 1071 2748 potestatis
1113 2687 1440 2733 iurisdictionis
1479 2687 1764 2743 delinitione,
1799 2687 1854 2731 de
1888 2701 1963 2744 po·

140 2823 142 2825 ,
184 2781 353 2823 testate
378 2774 702 2820 iurisdictionis
727 2774 982 2818 ordinaria
1004 2786 1057 2817 ac
1080 2772 1295 2829 deleyata
1328 2770 1530 2814 breviter
1551 2770 1729 2828 agimus
1753 2770 1873 2828 leges
1897 2785 1966 2814 re-

187 2858 396 2905 vocando
428 2872 545 2918 quac
580 2858 739 2901 harum
775 2855 1047 2900 exercitium
1082 2857 1310 2913 spectant.

308 3038 317 3057 ¹
346 3038 508 3082 Sonam,
534 3038 585 3073 De
612 3037 690 3074 iure
716 3036 865 3082 publico
892 3034 1156 3072 ecclesiastico.
