2176 3386
821 16 827 23 .
869 0 1241 32 ⁷³²·wffl2-[qaeflquv
1262 0 1279 4 “
1303 0 1319 7 *¹
1375 0 1386 4 -
1415 3 1419 9 v

542 223 674 252 LIBER
701 224 726 252 1.
757 222 815 251 DE
845 221 984 251 m-:BUS
1013 221 1248 251 ECCLESIAE
1277 220 1608 250 SPIRITUALIBUS
1893 209 1972 250 179

180 331 490 391 impedientis,
525 336 571 377 et
603 332 857 377 necessitas
887 330 1067 376 vitandi
1102 329 1317 376 scandala
1352 329 1426 374 vel
1459 329 1616 385 rixas,
1650 343 1768 389 quae
1801 343 1860 374 ex
1895 329 1970 375 illo

181 414 482 460 matrimonio
513 414 688 460 oritura
724 413 1070 473 praevidentur.

302 497 403 547 992.
440 496 597 551 Quoad
630 495 766 540 huius
799 495 1091 541 inhibitionis
1122 495 1338 540 effectum
1374 494 1630 539 notandum
1666 498 1751 550 est,
1781 495 1902 554 quod
1934 495 1971 540 si

184 579 534 625 matrimonium
569 578 753 623 ineatur
785 582 948 624 contra
983 577 1340 637 prohibitionem
1378 577 1601 636 Episcopi,
1627 591 1707 623 sua
1734 578 1972 624 validitate

182 675 276 707 non
309 661 598 718 destituitur;
632 661 753 720 quod
785 660 822 705 si
857 659 1069 705 inhibitio
1103 661 1223 706 facta
1256 658 1396 705 fuerit
1427 673 1452 704 a
1490 663 1697 705 Romano
1730 659 1968 716 pontifice,

183 742 219 788 si
254 742 514 788 inhibitioni
549 743 800 787 clausulam
835 742 1097 788 irritantem
1127 742 1373 798 addiderit,
1398 741 1487 786 erit
1520 741 1796 796 invalidum,
1822 755 1968 793 secus.

185 825 406 871 validum.

303 911 405 955 995.
440 911 568 964 Quod
602 910 638 955 si
674 910 922 970 Episcopus
955 912 1028 956 vel
1064 915 1299 956 Romanus
1322 910 1534 955 Pontifex
1558 908 1842 968 prohibuerit
1876 923 1972 954 ma·

185 991 455 1037 trimonium
489 1006 543 1037 eo
575 993 696 1052 quod
729 991 799 1048 lis,
837 993 911 1037 vel
953 993 1197 1052 appellatio
1237 992 1450 1038 instituta
1492 991 1551 1037 sit
1589 993 1645 1037 de
1687 992 1974 1050 sponsalibus

186 1077 313 1122 initis
343 1091 449 1122 cum
483 1077 569 1123 alia
620 1091 847 1136 persona,
883 1092 1000 1138 quae
1034 1077 1173 1123 fuerit
1205 1077 1453 1123 carnaliter
1484 1078 1697 1135 cognita,
1735 1076 1974 1121 matrimo-

186 1159 316 1204 nium
350 1164 510 1205 contra
543 1162 683 1205 talem
718 1161 1076 1220 prohibitionem
1111 1161 1279 1206 initum
1314 1160 1502 1206 iudicari
1538 1161 1673 1206 debet
1715 1160 1971 1205 invalidum

186 1242 241 1288 iis
273 1243 321 1287 in
355 1243 481 1298 locis,
518 1243 592 1288 ubi
627 1244 855 1302 sponsalia
890 1244 937 1289 in
971 1247 1177 1304 praefato
1225 1258 1333 1289 casu
1367 1247 1609 1289 transeunt
1654 1243 1699 1287 in
1737 1244 1973 1288 matrimo-

187 1326 316 1370 nium
353 1340 433 1385 per
465 1327 693 1385 copulam,
731 1342 848 1386 quae
886 1327 1194 1385 praesumitur
1226 1327 1383 1373 animo
1419 1327 1747 1372 matrimoniali
1793 1327 1972 1383 habita3

187 1406 233 1451 in
280 1406 334 1451 iis
377 1420 519 1462 vero,
554 1407 630 1451 ubi
679 1408 917 1453 decretum
967 1409 1288 1453 Tridentinum
1331 1409 1386 1453 de
1425 1408 1798 1453 clandestinitate
1832 1408 1973 1465 viget,

187 1504 293 1535 cum
327 1490 636 1535 matrimoniis
668 1491 891 1537 eiusmodi
925 1493 1231 1551 praesumptis
1264 1493 1390 1537 locus
1423 1506 1515 1537 non
1551 1492 1625 1548 sit,
1662 1493 1785 1536 valet
1820 1490 1976 1535 matri-

191 1574 398 1619 monium
433 1580 593 1620 contra
628 1575 984 1634 prohibitionem
1025 1576 1258 1622 pontificis
1291 1591 1382 1621 non
1420 1575 1647 1620 munitam
1683 1575 1885 1620 clausula
1920 1575 1977 1618 ir·

190 1657 360 1703 ritante
387 1659 416 1702 ².
1814 1722 1816 1724 Ι

309 1742 409 1786 994.
449 1745 513 1786 Ad
562 1742 771 1787 ultimam
808 1743 999 1788 classem
1050 1743 1249 1802 pertinet
1289 1743 1671 1802 impedimentum
1723 1748 1876 1788 ortum
1918 1757 1974 1787 ex

189 1824 474 1883 sponsalibus
507 1838 612 1869 cum
657 1825 744 1870 alia
780 1839 974 1884 persona
1014 1827 1289 1883 contractis,
1337 1831 1383 1871 et
1427 1840 1517 1870 non
1551 1825 1796 1870 dissolutis.
1848 1825 1975 1879 Quod

190 1907 372 1967 quidem
408 1907 791 1966 impedimentum
828 1923 852 1952 a
878 1909 990 1954 Sede
1014 1909 1270 1968 Apostolica
1304 1910 1550 1954 dumtaxat
1582 1909 1777 1954 relaxari
1809 1913 1973 1967 potest.

922 2110 1155 2140 ARTICULUS
1195 2111 1250 2139 Vl.

854 2207 929 2249 De
979 2208 1319 2251 Divortio.

313 2322 413 2366 995.
452 2322 801 2368 Matrimonium
839 2329 990 2370 ratum
1024 2329 1071 2370 et
1103 2332 1496 2383 consummatum,
1534 2342 1676 2387 usque
1700 2329 1754 2373 ad
1780 2333 1977 2374 mortem

193 2404 385 2448 omnino
419 2404 729 2451 indissolubile
762 2420 859 2452 esse
893 2408 1097 2468 adeoque
1133 2423 1217 2454 nec
1252 2415 1436 2468 propter
1467 2411 1744 2456 adulterium
1792 2412 1977 2471 quidem

194 2485 382 2531 alterius
429 2488 676 2546 coniugum
727 2490 866 2548 ipsius
901 2492 1140 2557 vinculum
1175 2493 1361 2538 dissolvi
1397 2508 1557 2552 posse,
1593 2495 1757 2553 dogma
1790 2497 1979 2541 catholi-

195 2581 300 2612 cum
333 2575 403 2614 est
425 2569 456 2614 ².
495 2575 688 2616 Possunt
708 2577 866 2618 tamen
894 2574 991 2618 dari
1015 2588 1197 2631 causae,
1223 2578 1280 2619 ob
1303 2590 1417 2635 quas
1441 2576 1537 2622 fieri
1574 2581 1721 2635 potest
1753 2578 1979 2636 separatio

314 2726 322 2744 ¹
353 2726 404 2763 Cf.
430 2726 566 2763 Bened.
594 2727 691 2770 XIV,
718 2728 760 2764 de
787 2727 870 2774 Syn.
898 2729 1117 2766 Dioecesana
1142 2730 1164 2765 l.
1195 2730 1258 2773 12,
1285 2740 1364 2777 cap.
1391 2730 1430 2775 5,
1458 2741 1493 2768 n.
1519 2732 1551 2767 5.
1588 2731 1639 2767 Cf.
1666 2731 1773 2767 Instr.
1810 2732 1844 2768 S.
1871 2732 1909 2769 C.
1935 2732 1979 2769 de

194 2797 302 2843 Prop.
329 2797 407 2834 Fid.
435 2797 477 2833 17
505 2797 580 2834 ian.
611 2798 701 2834 1828
727 2798 772 2835 ad
798 2799 968 2836 vicarios
996 2801 1064 2846 Ap.
1093 2801 1131 2836 in
1162 2801 1250 2847 Imp.
1278 2801 1462 2838 Sinai-um.

314 2867 326 2886 ³
353 2868 384 2903 A
410 2868 601 2905 nonnullis
627 2869 830 2907 Galliarum
857 2871 1052 2917 Episcopis
1081 2873 1274 2917 sequentia
1299 2873 1413 2909 dubia
1439 2872 1473 2908 S.
1494 2873 1533 2908 R.
1557 2876 1592 2909 et
1620 2873 1979 2919 Univ.1nquisitioni

195 2941 386 2986 proposita
411 2945 515 2978 sunt:
549 2955 563 2972 ι
582 2941 625 2977 In
651 2942 818 2988 Epistola
844 2943 878 2980 S.
906 2944 946 2980 R.
973 2948 1009 2980 et
1035 2945 1077 2981 U.
1104 2944 1131 2979 I.
1158 2944 1203 2980 25
1231 2944 1323 2981 iunii
1353 2944 1443 2981 1885
1461 2944 1507 2981 ad
1526 2954 1656 2980 omncs
1684 2945 1722 2980 in
1749 2945 1888 2981 Gallica
1918 2946 1981 2981 Di·

203 3024 216 3043 ι
235 3012 334 3048 tione
364 3011 580 3050 Ordinarios
605 3013 704 3050 circa
741 3013 860 3050 civilis
899 3014 1045 3051 divortii
1073 3015 1192 3060 legem
1223 3015 1271 3051 ita
1297 3015 1525 3052 decernitur:
1566 3015 1721 3052 Attentis
1756 3016 1983 3062 qravissimis

204 3095 218 3114 ι
236 3092 377 3126 rerum,
405 3086 606 3130 temporum
631 3094 674 3120 ac
700 3085 862 3122 locorum
888 3085 1078 3127 adiunctis,
1106 3086 1256 3122 tolerari
1277 3095 1382 3131 posse
1407 3088 1447 3121 ut
1475 3086 1539 3132 qui
1562 3086 1802 3132 maqistratus
1827 3087 1982 3123 obtinent
