2176 3386
260 405 312 444 30
937 414 1046 443 PARS
1076 415 1116 442 11.
1153 415 1209 442 DF„
1239 413 1376 442 m-:ssus

2144 468 2170 548 5

263 528 504 584 praecepto
537 524 841 570 satisfaciunt.
878 523 962 578 Qui
996 522 1201 581 legitimo
1229 522 1560 582 impedimento
1593 521 1828 566 detinetur
1859 535 2041 577 praece-

262 613 392 666 ptum
425 611 633 666 tempore
667 607 867 666 paschali
901 606 1178 665 adimplendi
1213 609 1259 651 et
1291 610 1425 651 antea
1462 619 1553 650 non
1591 605 1755 664 possit,
1791 604 1946 649 verius
1978 609 2045 648 te-

263 696 400 735 netur
432 694 588 749 postea
622 694 872 749 antequam
907 703 1057 734 annus
1090 690 1312 734 elabatur.
1353 688 1416 733 Ab
1449 689 1533 734 hac
1564 689 1661 746 lege
1685 687 1920 732 adeundae
1945 700 2044 745 pro-

263 774 388 832 priae
422 773 664 831 parochiae
698 772 995 830 excipiuntur
1027 772 1158 830 vagi,
1194 771 1446 829 peregrini,
1482 771 1711 824 advenae,
1746 768 1822 829 qui
1858 768 2048 813 ubilibet

268 856 600 901 Eucharistiam
636 859 840 910 sumant,
868 859 1161 915 praeceptum
1190 854 1398 912 implent,
1423 853 1507 898 uisi
1541 866 1672 898 secus
1706 854 1856 897 ferant
1878 851 2042 896 alicubi

262 944 342 984 aut
374 939 747 994 consuetudines,
783 942 864 982 aut
896 938 1133 995 synodalia
1168 942 1355 983 statuta.
1396 938 1685 995 Regularium
1720 935 1916 994 denique
1947 935 2048 980 veri

263 1022 512 1067 familiares
561 1020 760 1080 paschali
811 1025 1051 1079 praecepto
1085 1020 1376 1065 satisfaciunt
1412 1020 1457 1064 in
1490 1034 1650 1064 eorum
1685 1018 1847 1078 quibus
1896 1018 2040 1062 famu-

262 1105 418 1148 lantur
450 1103 667 1149 ecclesiis.

999 1301 1230 1331 ARTICULUS
1264 1302 1307 1330 ll.

542 1410 606 1451 De
638 1407 1010 1464 dispositionibus
1034 1407 1096 1451 acl
1126 1406 1470 1449 Enclzarisciczm
1506 1407 1776 1449 necessariis

733 1504 788 1535 ac
821 1490 876 1534 de
909 1490 1178 1548 frequentia
1217 1491 1577 1533 Communionis.

384 1610 485 1654 671.
527 1609 853 1667 Dispositiones
876 1609 930 1653 ad
955 1622 1133 1652 sacram
1163 1606 1493 1651 Eucharistiam
1530 1608 1801 1651 sumendam
1837 1621 1893 1652 ex
1920 1613 2048 1666 parte

265 1695 450 1739 animae
483 1698 593 1739 suut
627 1693 823 1738 intenlio
857 1693 1017 1737 saltem
1054 1690 1299 1735 habitualis
1347 1689 1623 1748 suscipiendi
1673 1695 2045 1749 sacramentu1n3

265 1777 468 1822 carentia
518 1790 772 1832 censurae,
807 1790 925 1835 quae
958 1778 1354 1820 sacramentorum
1405 1773 1743 1831 susceptionem
1781 1773 2045 1831 prollibeat3

266 1866 413 1906 status
446 1861 636 1918 gratiae,
673 1861 734 1904 ita
769 1859 951 1919 quidem
988 1862 1037 1902 ut
1070 1858 1145 1917 qui
1181 1862 1247 1902 est
1282 1858 1324 1901 in
1364 1861 1548 1914 peccato
1583 1856 1798 1910 mortali,
1834 1860 2052 1901 teneatur

266 1951 374 1991 anle
407 1945 718 2004 sumptionem
758 1943 1068 1989 Eucharistiae
1101 1942 1330 1997 confiteri,
1370 1941 1454 1986 nisi
1488 1941 1605 1985 adsit
1639 1940 1887 1986 necessitas
1925 1955 2049 1985 com-

267 2027 552 2083 municandi,
588 2031 668 2072 aut
701 2026 959 2071 celebrandi
994 2031 1039 2070 et
1072 2024 1378 2070 confessarius
1410 2023 1542 2080 desit,
1582 2027 1690 2068 tunc
1724 2023 1847 2067 enim
1883 2023 2049 2068 sufficit

266 2112 499 2167 contritio,
536 2126 586 2156 ea
622 2114 777 2155 tamen
814 2110 910 2168 lege
934 2114 984 2153 ut
1006 2108 1348 2168 quamprimum
1375 2106 1583 2151 confiteri
1617 2107 1794 2151 debeat.
1835 2110 1897 2150 Ex
1923 2110 2052 2165 parte

266 2195 468 2253 corporis
500 2194 735 2252 dispositio
770 2193 1026 2238 necessaria
1061 2198 1127 2236 est
1162 2191 1385 2236 ieiunium
1422 2190 1629 2234 naturale
1663 2190 1723 2234 ita
1760 2194 1809 2232 ut
1841 2204 1866 2234 a
1900 2189 2049 2234 media

267 2282 403 2322 nocte
438 2277 740 2336 praecedente
783 2277 1161 2321 communionem
1200 2274 1310 2318 nillil
1348 2288 1426 2332 per
1472 2273 1656 2317 modum
1691 2273 1778 2317 cibi
1813 2273 1884 2317 vel
1919 2277 2051 2330 potus

267 2366 346 2404 aut
381 2360 636 2405 medicinae
670 2359 727 2404 ab
759 2359 1021 2404 extrinseco
1054 2362 1278 2402 sumatur.
1332 2356 1475 2401 Certis
1517 2361 1672 2399 tamen
1709 2355 1754 2399 in
1790 2355 1969 2399 casibus
2001 2355 2048 2398 li-

266 2444 410 2487 citum
446 2447 514 2488 est
548 2457 642 2487 non
680 2442 833 2487 ieiuno
872 2441 1203 2487 Eucharistiam
1240 2454 1438 2495 sumere,
1474 2439 1673 2483 scilicet:
1734 2440 1771 2494 l)
1809 2437 1854 2482 in
1890 2439 2055 2483 mortis

270 2526 485 2585 periculo,
539 2530 639 2572 Non
674 2526 781 2571 licet
813 2530 967 2569 tamen
1020 2523 1242 2569 sacerdoti
1279 2537 1370 2567 non
1406 2522 1559 2567 ieiuno
1598 2522 1828 2567 celebrare
1860 2522 1915 2566 ad
1948 2522 2048 2567 Via-

267 2609 412 2653 ticum
447 2609 722 2653 moribundo
755 2608 1088 2662 deferendum,
1126 2620 1211 2651 nec
1246 2619 1517 2650 consecrare
1551 2605 1598 2649 in
1633 2605 1942 2661 fermentato,
1978 2605 2053 2650 vei
2123 2618 2138 2670 ⁷-
2170 2644 2176 2651 .

268 2691 368 2736 sine
402 2692 607 2736 vestibus
654 2691 826 2746 sacris,
862 2694 942 2735 aut
973 2689 1142 2735 omisso
1190 2689 1279 2733 ritu
1326 2687 1564 2744 sacrificii;
1615 2701 1723 2732 nam
1770 2687 2056 2732 consuetudo
2125 2719 2128 2723 ·
2168 2690 2176 2714 ’-

271 2772 497 2817 Ecclesiae
541 2772 603 2817 ita
646 2771 977 2830 interpretatur
1022 2774 1319 2829 praeceptum
1358 2769 1570 2814 ditinum
1615 2768 1777 2814 Viatici
1821 2766 2049 2823 sumendi,

269 2859 320 2899 ut
354 2869 447 2899 non
471 2856 635 2900 debeat
657 2854 771 2910 dari,
796 2854 883 2899 nisi
917 2854 1100 2914 quando
1125 2852 1220 2897 dari
1248 2857 1395 2911 potest
1428 2852 1556 2897 iuxta
1590 2851 1731 2896 ritum
1765 2855 1811 2896 et
1842 2850 2052 2896 ordinem

269 2938 326 2982 ab
361 2937 559 2983 Ecclesia
585 2937 915 2996 praescriptum
951 2936 997 2980 in
1032 2935 1317 2981 Eucharistia
1351 2934 1634 2981 conficienda
1659 2939 1705 2979 et
1729 2933 2053 2988 ministranda,⁴
2105 2982 2111 2987 ,

269 3025 316 3065 et
348 3021 483 3065 modo
531 3020 831 3066 convenienti
875 3033 928 3065 ac
962 3020 1009 3064 in
1043 3018 1207 3064 debitis
1255 3017 1629 3064 circumstantiis.
1680 3017 1903 3072 Quocirca
1945 3029 2053 3061 cum

273 3103 556 3149 Eucharistia
592 3117 683 3148 non
719 3103 777 3147 sit
809 3102 1015 3147 absolute
1050 3100 1306 3146 necessaria
1339 3101 1394 3145 ad
1427 3102 1640 3155 salutem,
1665 3099 1813 3144 maior
1843 3097 2053 3144 habenda

269 3192 338 3231 est
361 3186 478 3231 ratio
505 3184 793 3230 reverentiae
814 3185 855 3230 ei
880 3184 1059 3230 debitae
1086 3187 1133 3229 et
1155 3182 1486 3228 uniformitatis
1507 3182 1761 3228 servandae
1784 3182 1830 3226 in
1866 3181 1956 3226 ritu
1981 3192 2050 3224 sa·
2091 3180 2099 3191 '

271 3267 448 3324 crificii,
473 3281 612 3327 quam
630 3266 844 3312 utilitatis
866 3266 1074 3325 privatae
1093 3266 1307 3324 proximi.
1338 3266 1381 3323 2)
1405 3264 1600 3310 Licitum
1623 3269 1694 3310 est
1720 3261 2054 3309 Eucharistiam
