2176 3386
796 187 926 215 LIBER
954 187 978 215 1.
1015 187 1071 214 DE
1101 186 1293 215 eLEnlffls
1884 174 1935 214 37

273 297 343 340 58.
379 294 508 349 Quod
542 307 651 339 vero
683 294 739 338 ad
771 293 1047 337 electionem
1082 292 1311 349 passivam
1347 292 1567 350 pertinet,
1605 292 1651 335 in
1695 291 1853 349 primis
1884 290 1932 336 in

155 377 361 436 eligendo
396 376 644 436 requiritur
674 382 804 422 aetas
835 376 1043 433 beqitima
1077 375 1194 420 idest
1225 376 1282 420 50
1315 389 1545 420 annorum
1564 382 1659 433 'pro
1693 375 1930 433 Episcopo,

131 462 211 518 ,25
244 474 324 519 pro
356 459 587 517 dignitate.
620 458 826 504 inferiori
869 473 1028 504 curam
1071 459 1334 504 animarum
1384 459 1599 513 habente,
1635 462 1680 503 et
1713 460 1769 504 22
1809 473 1931 504 com-

158 545 381 603 pletorum
416 557 495 600 pro
528 542 750 599 dignitate
784 541 987 587 inferiori
1023 556 1116 586 non
1153 548 1311 587 curata
1351 544 1379 585 ².

274 625 470 671 Ulterius
491 626 529 682 1)
554 639 737 669 'noram
754 629 970 683 yravitas
994 625 1241 686 requiritur
1258 625 1374 671 idest
1397 627 1506 670 ordo
1524 639 1668 680 sacer,
1691 640 1798 670 vera
1826 625 1935 670 fides

154 709 425 763 orthodoxa,
462 709 666 754 varentia
705 709 1035 768 cuiuscumque
1069 723 1290 754 censurae
1323 714 1370 754 et
1402 709 1751 766 irregularitatis
1790 710 1831 766 2)
1863 708 1932 752 lit-

153 796 356 837 terarum
390 791 581 836 scientia
614 791 825 849 dignitati
859 791 1218 850 proportionata,
1255 792 1446 851 ideoque
1479 793 1555 851 qui
1591 792 1636 836 in
1665 792 1934 850 Episcopum

155 876 390 933 eligendus
422 880 507 931 est,
541 879 720 933 oportet
754 880 803 919 ut
834 875 893 920 sit
925 876 1100 932 doctor,
1138 877 1211 921 vel
1244 876 1508 921 licentiatus
1546 876 1592 921 in
1633 890 1760 921 sacra
1795 876 1935 920 Theo-

156 959 271 1017 logia
306 959 378 1004 vel
412 958 510 1003 iure
542 958 785 1004 Canonico.
823 959 864 1015 5>
905 958 1146 1016 Eligendus
1178 959 1357 1017 dignior
1389 973 1486 1004 esse
1534 960 1668 1004 debet
1716 959 1831 1003 idest
1864 972 1935 1003 ec-

155 1043 318 1088 clesiae
352 1042 523 1097 utilior,
569 1047 725 1086 tamen
768 1042 931 1086 electio
973 1041 1094 1100 digni
1140 1042 1308 1086 omisso
1351 1042 1556 1099 digniore
1600 1046 1669 1086 est
1712 1040 1862 1086 valida
1898 1040 1929 1085 ².

160 1126 269 1184 Eligi
304 1130 459 1170 autem
495 1139 585 1169 non
624 1129 812 1183 possunt
848 1126 885 1181 ’1)
923 1125 1141 1180 infantes,
1177 1130 1403 1180 amentes,
1440 1124 1597 1169 furiosi
1639 1126 1679 1179 2)
1717 1125 1792 1181 qui
1830 1123 1932 1181 legi-

156 1210 316 1254 timam
351 1213 550 1254 aetatem
592 1222 682 1252 non
717 1208 889 1252 habent
922 1208 954 1264 ³,
1001 1210 1042 1264 5)
1082 1208 1316 1266 illegitime
1351 1208 1445 1253 nati
1472 1209 1505 1263 ¹⁴,
1550 1210 1592 1264 1)
1645 1207 1931 1265 irregulares,

156 1293 196 1349 ὅ)
234 1291 452 1337 baeretici
486 1305 735 1350 eorumque
771 1292 971 1336 fautores
996 1292 1026 1348 ⁵,
1062 1293 1104 1348 6)
1141 1292 1382 1337 simoniaci
1411 1293 1443 1347 ⁶,
1486 1293 1527 1348 7)
1555 1292 1682 1350 plura
1715 1291 1934 1336 beneficia

156 1375 515 1434 incompatibilia
551 1374 802 1419 retinentes
837 1376 867 1430 ⁷,
904 1376 945 1431 8)
983 1374 1059 1433 qui
1094 1375 1309 1432 gravibus
1347 1373 1525 1420 delictis
1568 1374 1778 1418 infamati
1829 1378 1938 1417 sunt

160 1459 302 1504 xeluti
339 1458 645 1513 schismatici,
681 1457 887 1514 sacrilegi
931 1462 1018 1502 etc.
1063 1459 1103 1514 9)
1150 1458 1544 1503 excommunicati
1594 1458 1732 1502 etiam
1770 1456 1936 1501 minori

155 1542 638 1588 excommunicatione
673 1542 706 1598 ⁸,
747 1543 814 1599 10)
851 1542 1059 1599 suspensi
1093 1542 1190 1586 sive
1214 1542 1271 1587 ab
1304 1542 1451 1587 officio
1484 1542 1581 1586 sive
1605 1555 1629 1585 a
1655 1541 1875 1586 beneficio
1900 1543 1933 1595 ⁹,

158 1628 226 1683 11)
265 1626 565 1684 personaliter
598 1625 830 1670 interdicti
864 1630 952 1670 etc.
991 1630 1079 1670 etc.

274 1709 345 1753 59.
382 1708 510 1762 Quod
543 1708 577 1752 si
611 1712 860 1767 quaeratur
902 1723 962 1753 an
1012 1708 1184 1766 indigni
1220 1709 1383 1753 electio
1424 1709 1481 1753 sit
1522 1708 1616 1767 ipso
1661 1708 1758 1753 iure
1794 1708 1933 1765 nulla,

156 1792 484 1850 respondemus
507 1795 619 1837 tunc
642 1792 787 1836 solum
810 1806 907 1845 esse
933 1793 1105 1837 nullam
1141 1793 1236 1850 ipso
1260 1793 1373 1849 iure,
1395 1808 1500 1837 cum
1535 1806 1738 1837 canones
1761 1794 1937 1838 clausu-

155 1878 246 1921 lam
279 1876 577 1921 irritatoriam
610 1876 800 1931 addunt,
831 1877 899 1920 x‘el
929 1877 983 1920 de
1019 1890 1209 1934 persona
1234 1878 1377 1921 electa
1411 1880 1574 1934 agatur
1595 1890 1711 1935 quae
1737 1877 1933 1921 naturali

155 1958 252 2004 iure
276 1959 334 2003 sit
358 1958 586 2015 inhabilis;
623 1973 695 2003 ex.
724 1974 787 2017 gr.
814 1959 979 2004 electio
1013 1960 1133 2005 illius
1155 1960 1231 2019 qui
1257 1960 1555 2018 postulandus
1576 1965 1696 2004 esset
1720 1960 1815 2018 ipso
1839 1960 1936 2005 iure

156 2042 280 2086 nulla
303 2046 372 2087 est
407 2042 457 2096 ¹⁰,
494 2042 596 2086 talis
619 2042 758 2086 etiam
794 2046 862 2086 est
885 2042 1047 2087 electio
1079 2042 1310 2088 ambitiosi
1336 2044 1386 2097 ¹²,
1419 2043 1582 2088 electio
1605 2043 1859 2089 simoniaca
1884 2044 1933 2088 ¹².

275 2175 284 2194 ¹
314 2173 351 2209 C.
379 2174 413 2208 7.
444 2174 480 2209 h.
510 2179 532 2209 t.

275 2244 286 2261 ‘²
314 2244 349 2280 C.
380 2242 432 2285 19,
461 2244 492 2279 d.
521 2243 576 2287 65,
603 2255 633 2280 c.
663 2245 745 2280 licet
773 2245 805 2287 8,
831 2244 865 2287 9,
897 2246 911 2280 1
941 2250 973 2281 et
994 2246 1092 2281 'ri-id.
1121 2245 1218 2281 Sess.
1246 2245 1303 2287 24,
1331 2255 1360 2283 c,
1390 2246 1418 2287 1,
1440 2246 1483 2282 de
1505 2246 1688 2282 reformat.
1714 2258 1742 2282 c.
1768 2246 1819 2289 19,
1846 2247 1937 2286 §liis

156 2315 267 2360 igitur
293 2326 324 2351 c.
352 2314 408 2360 52,
438 2315 470 2350 h.
500 2321 521 2351 t.

275 2387 288 2406 ³
315 2387 351 2422 C.
378 2386 411 2428 7,
440 2386 473 2421 h.
502 2391 522 2423 t.
550 2396 581 2423 c.
609 2386 640 2428 5,
668 2387 711 2422 de
738 2393 807 2423 aet.
835 2392 868 2424 et
889 2387 987 2433 qual.

277 2457 290 2476 ι’
318 2459 404 2503 Cap.
431 2458 488 2501 ΞΟ,
517 2459 552 2495 h.
573 2464 595 2494 t.

275 2529 287 2547 ⁵
314 2530 350 2566 C.
378 2529 483 2574 245,
510 2531 554 2566 de
584 2531 727 2567 Haeret.
757 2532 792 2566 in
820 2530 868 2566 6⁰.

275 2603 287 2622 ⁶
314 2605 352 2640 C.
379 2603 436 2646 25,
464 2604 519 2647 27,
548 2605 593 2640 de
615 2605 755 2641 Simon.

277 2674 289 2693 ⁷
318 2675 353 2711 C.
381 2674 437 2717 54,
465 2676 500 2712 h.
530 2680 551 2710 t.

275 2747 287 2765 ⁸
315 2747 351 2783 C.
378 2747 396 2782 7
425 2753 461 2783 ct
490 2747 549 2783 lin.
578 2747 622 2784 de
648 2747 737 2783 cler.
764 2757 905 2783 excom.

278 2817 290 2835 ⁹
318 2817 384 2854 Cit.
412 2828 492 2864 cap.
521 2818 580 2854 fin.
608 2823 643 2855 et
670 2829 750 2864 cap.
778 2820 800 2855 8
826 2820 869 2855 de
897 2825 1006 2855 aetat.
1032 2825 1068 2855 et
1087 2819 1212 2865 qualit.

269 2888 294 2908 ¹⁰
322 2890 358 2926 C.
384 2888 430 2926 20
456 2891 500 2926 de
527 2891 632 2928 elect.

269 2961 290 2978 ¹²
321 2961 406 3006 Cap.
438 2962 492 3003 46,
520 2963 553 2998 h.
582 2968 605 2999 t.

272 3032 296 3048 ¹²
324 3032 471 3067 Extrav.
501 3032 533 3074 Ξ,
560 3033 603 3068 dc
632 3033 768 3068 Simon.
799 3034 890 3070 inter
916 3043 996 3069 can.
