2176 3386
258 187 334 227 192
898 199 1007 228 PARS
1036 199 1060 227 1.
1096 199 1153 228 DE
1182 198 1394 228 pensoms

255 303 465 350 ticularia
508 307 750 363 praecepta
794 305 968 350 ferendi
1013 304 1060 349 in
1103 317 1320 364 personas
1363 304 1447 349 sibi
1483 304 1715 362 subditas,
1749 310 1797 350 et
1837 304 2034 364 denique

256 388 299 445 5)
324 391 599 445 potestatem
623 387 915 446 dispensandi
950 403 974 432 a
999 388 1096 432 iure
1123 388 1360 432 communi
1395 387 1447 432 iis
1482 387 1526 431 iu
1560 388 1756 443 casibuS,
1793 388 1841 433 in
1873 388 2036 448 quibus

255 470 326 515 ius
359 471 507 530 ipsum
541 485 791 515 commune
825 470 867 514 id
901 471 1098 528 patitur,
1134 470 1332 518 scilicet:
1384 470 1430 526 a)
1464 469 1500 514 si
1533 483 1747 528 expresse
1789 470 1937 515 eidem
1972 471 2035 515 fa·

256 554 403 599 cultas
444 554 736 612 dispensandi
780 553 1072 609 conceditur,
1124 554 1162 609 b)
1209 553 1244 596 si
1290 552 1413 596 nulia
1457 553 1576 597 facta
1617 552 1853 597 mentione
1887 565 2035 611 neque

258 637 480 695 Episcopi,
518 651 665 695 neque
697 636 885 681 alterius
917 635 1191 693 cuiuspiam,
1226 634 1495 692 simpliciter
1526 634 1705 679 dicatur
1739 654 1758 675 α
1784 633 2035 693 dispensari

256 734 385 778 posse
411 739 430 758 ›>
460 722 472 744 ¹
508 721 579 764 vei
618 740 636 760 a
666 719 750 764 nisi
776 719 914 763 suerit
941 718 1258 777 dispensatum
1284 736 1302 756 n
1342 718 1412 762 vel
1455 737 1474 758 α
1500 717 1646 762 donec¹
1678 718 1968 776 diSpensetur
1993 736 2032 773 n,

256 804 462 862 exceptis
499 802 916 861 dispensationibus
946 801 1362 846 matrimonialibus
1386 801 1418 856 ²,
1455 801 1527 846 vel
1561 801 1596 844 si
1628 799 1920 859 dispensandi
1944 800 2037 845 sint

256 885 440 944 ipsimet
471 886 699 930 Ordiuarii
733 900 820 944 qua
858 886 994 940 taies;
1031 888 1067 941 c)
1091 886 1125 929 si
1162 886 1222 929 ita
1256 885 1587 930 consuetudine
1621 885 1678 927 sit
1700 884 2033 939 introductum,

255 973 302 1013 et
334 984 390 1013 ex
425 969 510 1013 hoc
545 970 692 1026 capite
715 968 918 1026 Episcopi
942 968 1210 1026 dispensant
1243 967 1290 1012 in
1313 968 1485 1025 legibus
1507 968 1611 1011 latis
1635 967 1680 1011 in
1706 967 1900 1024 Synodis
1935 971 2036 1011 Pro—

257 1051 546 1107 vincialibus,
585 1067 749 1110 nempe
785 1052 828 1096 in
863 1052 1058 1096 dioecesi
1093 1051 1283 1111 quisque
1317 1065 1423 1106 sua;
1460 1053 1505 1107 d)
1532 1051 1711 1110 quoties
1744 1065 1836 1095 non
1872 1055 1941 1095 est
1974 1053 2036 1094 fa-

255 1134 354 1179 cilis
388 1149 599 1179 recursus
622 1135 676 1179 ad
704 1140 830 1179 Rom.
861 1135 1128 1180 Pontificem
1158 1140 1204 1179 et
1229 1135 1482 1193 periculum
1507 1149 1645 1191 grate
1679 1139 1747 1178 cst
1771 1134 1815 1177 iu
1851 1147 1978 1178 mora
2003 1133 2033 1190 ³3

254 1220 293 1275 e)
338 1218 383 1261 in
431 1218 609 1274 dubiis,
653 1218 854 1262 maxime
897 1218 942 1262 in
989 1218 1126 1263 dubio
1169 1233 1227 1262 an
1270 1232 1342 1262 res
1385 1222 1515 1275 egeat
1557 1216 1922 1275 dispensatione,
1966 1217 2037 1261 vel

254 1314 312 1345 an
346 1301 464 1345 adsit
495 1315 631 1345 causa
673 1302 902 1345 sufficiens
944 1302 1001 1345 ad
1045 1302 1434 1359 dispensandum:
1476 1301 1775 1359 quamobrem
1811 1299 1846 1344 si
1882 1303 2036 1358 postea

255 1384 517 1442 apparuerit
558 1384 946 1442 dispensationem
998 1388 1188 1429 Roman.
1229 1384 1394 1428 Pontis.
1442 1398 1602 1428 revera
1647 1384 1783 1427 fuisse
1819 1396 2037 1428 necessa·

256 1467 388 1522 riam,
425 1467 591 1511 sufficit
623 1473 780 1512 tamen
815 1482 866 1512 ea
910 1482 1026 1527 quae
1066 1468 1123 1511 ab
1160 1466 1401 1512 Ordinario
1443 1467 1547 1510 data
1593 1466 1729 1523 fuiti,
1765 1464 1804 1523 Γ)
1842 1464 2038 1523 denique

256 1550 301 1593 in
335 1550 515 1595 casibus
547 1554 623 1610 qui
662 1552 728 1595 vel
751 1553 1016 1610 frequenter
1038 1556 1288 1595 occurrunt
1306 1555 1351 1594 et
1369 1564 1502 1608 saepe
1519 1548 1859 1606 dispensatione
1882 1552 2034 1604 egent,

257 1633 330 1677 vel
365 1633 410 1676 in
445 1633 624 1677 casibus
658 1633 905 1678 levioribus
938 1647 1016 1678 seu
1050 1635 1125 1692 qui
1161 1634 1244 1678 sub
1277 1633 1367 1677 levi
1401 1632 1618 1690 obligant,
1654 1636 1735 1675 aut
1769 1632 1860 1675 fere
1891 1629 2037 1689 quoti—

255 1714 418 1769 dianis,
457 1720 506 1759 ut
540 1716 584 1759 in
620 1716 803 1774 vigiliis,
840 1716 983 1771 festis,
1021 1716 1144 1760 horis
1177 1716 1428 1771 canonicis,
1464 1721 1551 1760 etc.
1594 1718 1785 1759 Possunt
1813 1719 1945 1761 extra
1969 1723 2037 1757 or·-

255 1799 411 1843 dinem
446 1799 708 1857 dispensare
743 1814 767 1844 a
803 1799 985 1844 ieiuniis
1019 1798 1221 1857 singulos
1254 1813 1311 1843 ex
1345 1798 1548 1856 legitima
1597 1811 1750 1852 causa,
1797 1797 2038 1841 universos

254 1896 312 1926 ex
346 1882 616 1938 gravissima
651 1888 697 1927 et
731 1888 923 1940 urgente
958 1881 1231 1927 necessitate
1265 1888 1309 1926 et
1342 1881 1532 1939 singulis
1567 1880 1742 1926 vicibus
1775 1881 2034 1935 dumtaxat,

254 1980 328 2010 ex.
366 1980 431 2023 gr.
468 1967 523 2010 ad
559 1966 748 2010 vitanda
782 1966 996 2011 scandala
1018 1966 1046 2009 5.
1086 1965 1295 2009 Facultas
1327 1963 1618 2022 dispensandi
1653 1963 1853 2019 pluribus
1887 1963 1931 2006 in
1966 1976 2037 2006 ca-

255 2049 378 2092 sibus
410 2050 514 2093 data
551 2049 860 2106 praesumitur
892 2048 968 2108 qui
1004 2049 1147 2093 videri
1185 2052 1374 2106 possunt
1396 2047 1515 2105 apud
1547 2046 1688 2091 Bouix
1724 2050 1785 2090 De
1823 2046 2038 2104 Episcopo

258 2136 384 2177 Tom.
423 2137 476 2187 ΙΙ,
513 2147 611 2190 pag.
651 2134 730 2189 92,
769 2133 968 2177 Ferraris
1004 2132 1210 2179 Biblioth.
1249 2132 1303 2175 ad
1338 2132 1531 2175 verbum
1575 2132 1877 2187 Dispensatz'o.

345 2216 444 2260 252.
467 2219 747 2274 Competunt
768 2216 985 2274 Episcopo
1004 2215 1159 2259 onmia
1178 2228 1293 2273 quae
1312 2214 1369 2258 ad
1388 2218 1564 2258 rectum
1591 2212 1814 2257 Dioecesis
1833 2212 2037 2270 regimen

256 2299 507 2357 pertinent,
543 2300 745 2358 adeoque
782 2299 985 2344 Vicarios
1019 2312 1126 2343 suae
1162 2297 1490 2342 iurisdictionis
1537 2297 1634 2341 sive
1679 2297 1925 2342 Generales
1960 2310 2038 2353 pro
2099 2280 2104 2285 ,

255 2388 351 2429 tota
384 2382 597 2437 dioecesi,
634 2383 732 2427 sive
767 2387 994 2427 Foraueos
1028 2395 1107 2439 pro
1141 2385 1264 2424 certa
1299 2380 1520 2424 dioecesis
1556 2383 1682 2437 parte
1701 2392 1879 2423 creare:
1911 2392 2038 2436 paro-

255 2468 381 2523 cbos,
418 2465 604 2524 praevio
638 2478 882 2521 concursu,
909 2464 1021 2509 iuris
1038 2464 1197 2509 ordine
1222 2468 1423 2518 servato,
1449 2467 1495 2506 et
1519 2468 1719 2507 rectores
1740 2462 2037 2506 ecclesiarum

257 2550 516 2606 instituere,
542 2549 820 2608 quiquidem
841 2563 947 2593 cum
974 2547 1139 2593 Vicarii
1164 2547 1366 2606 Episcopi
1391 2547 1499 2601 sint,
1522 2551 1738 2605 poterunt
1760 2545 1843 2604 ipsi
1864 2546 1936 2590 vel
1960 2559 2040 2604 per

378 2702 386 2720 ¹
416 2702 590 2738 BAnssosA
615 2701 653 2736 in
680 2702 765 2746 Cap.
792 2700 814 2736 5
840 2701 882 2736 de
910 2698 1005 2736 elect.

375 2773 388 2791 ²
416 2772 465 2808 Cf.
493 2772 536 2807 cl.
566 2772 806 2808 D'ANMBALE
836 2771 931 2808 Sum.
963 2771 1082 2806 Tlteol.
1108 2769 1238 2806 Moral.
1267 2770 1302 2805 in
1329 2768 1472 2814 Proleg.
1499 2777 1533 2804 n.
1562 2767 1643 2803 251.

376 2842 388 2862 ³
414 2843 467 2878 De
495 2846 674 2887 potestate
701 2843 872 2888 Episcopi
903 2841 1141 2887 dispensandi
1174 2841 1220 2876 ab
1253 2840 1524 2885 impedimentis
1562 2838 1819 2876 dirimentibus
1853 2837 2038 2874 matrimo-

255 2914 381 2958 nium3
409 2913 490 2950 vide
517 2917 711 2950 tractatum
737 2913 777 2948 cle
803 2913 1049 2949 matrimonio.

376 2984 390 3004 ¹·
417 2985 572 3028 Scitam
600 2986 713 3022 Luco.

375 3055 388 3074 ³
416 3056 550 3093 Bened.
578 3055 675 3099 XIV,
703 3055 828 3092 Const.
855 3055 898 3090 In
927 3055 1112 3101 Suprema.
