2176 3386
247 179 328 219 318
615 191 966 224 SUPPLEMENTUM
995 195 1274 230 QuonumnAM
1302 196 1669 230 noemma-onum

249 245 2028 266 Ἣ

369 322 388 343 a
419 303 481 348 Ad
516 305 554 348 2.
592 303 836 350 vitandam
869 319 968 352 esse
1001 307 1282 354 locutionem
1315 312 1467 355 teneri
1498 325 1555 356 ex
1590 308 1836 371 charitate,
1870 316 2025 364 dicen-

245 384 354 429 dum
389 399 500 430 vero
533 399 630 430 esse
663 387 823 431 decere
853 402 910 432 ex
929 387 1177 446 charitate,
1202 390 1337 451 idque
1359 391 1422 438 ita
1446 397 1496 437 ut
1518 393 1641 439 nulla
1666 395 1844 455 proprie
1875 397 2026 445 dictae

245 468 536 527 obligationis
567 470 841 529 significatio
873 478 1092 532 appareat
1115 493 1154 519 n.
1215 465 1219 470 ’

362 556 453 598 Has
484 558 640 600 autem
675 558 717 600 S.
753 558 913 615 Congr.
949 556 1250 603 resolutiones
1271 558 1387 604 -Pius
1409 562 1490 605 ΡΙ).
1517 564 1575 606 lx
1599 561 1644 607 in
1677 563 1911 610 audientia
1933 565 2023 612 diei

244 635 298 680 29
334 635 487 681 martii
521 636 718 694 benigne
753 638 798 682 in
832 639 1047 685 omnibus
1078 641 1364 699 approbavit.

1036 822 1238 829 —

361 990 380 1010 ιι
406 970 677 1015 Ordinarius
709 972 929 1017 dioecesis
966 973 1255 1019 Divionensis
1286 975 1332 1020 in
1366 976 1507 1022 Gallia
1533 978 1645 1022 haec
1678 980 1898 1037 exponit:
1935 985 2019 1027 Pro

239 1053 536 1098 insufficienti
571 1055 860 1100 sacerdotum
896 1069 1091 1102 numero
1123 1057 1167 1102 in
1202 1058 1398 1104 dioecesi
1451 1060 1747 1117 Divionensi,
1785 1077 1875 1107 non
1916 1078 2018 1110 raro

235 1137 419 1191 accidit,
447 1142 495 1180 ut
522 1137 640 1182 idem
677 1140 901 1196 parochus
924 1140 1070 1185 tribus
1103 1141 1309 1187 ecclesiis
1332 1142 1571 1199 inserviat,
1599 1159 1786 1202 nempe:
1827 1147 1864 1190 1.
1902 1148 2016 1193 Suae

237 1220 444 1278 propriae
478 1220 745 1279 parochiae3
799 1224 839 1267 2.
878 1223 1012 1268 Modo
1048 1225 1336 1282 permanenti
1370 1226 1502 1271 alteri
1540 1228 1784 1286 ecclesiae,
1819 1245 1934 1289 quae
1968 1231 2015 1276 in

234 1304 321 1348 alio
355 1304 453 1349 loco
486 1305 571 1350 sita
607 1305 830 1366 tituloque
865 1306 1111 1364 parochiali
1147 1323 1236 1352 non
1263 1309 1464 1367 gaudens
1486 1311 1752 1356 annectitur
1776 1312 2012 1371 ecclesiae,

233 1386 510 1444 paroehiali;
547 1389 587 1432 5.
630 1388 855 1433 Ecclesiae
889 1389 974 1434 loci
1011 1391 1317 1449 parochialem
1352 1391 1537 1436 titulum
1563 1393 1789 1450 habentis,
1825 1394 1916 1449 sed,
1942 1409 2015 1453 pe-

234 1471 394 1515 nuriae
427 1473 717 1517 sacerdotum
752 1486 905 1529 causa,
943 1474 1194 1532 parochum
1220 1458 1451 1532 proprium
1478 1475 1753 1521 residentem
1789 1492 1879 1522 non
1916 1492 2012 1536 pos-

232 1554 424 1599 sidentis
457 1556 520 1599 ad
554 1562 746 1613 tempas.

353 1637 403 1681 vi
437 1652 545 1683 suae
581 1639 900 1697 institutionis,
929 1641 1029 1684 talis
1054 1642 1277 1699 parochus
1299 1642 1488 1700 singulis
1529 1642 1772 1688 dominicis
1803 1657 1856 1688 ac
1886 1644 2013 1689 festis

228 1722 387 1767 diebus
409 1724 476 1768 bis
499 1725 716 1780 celebrat,
745 1739 907 1784 nempe
928 1726 973 1770 in
998 1740 1078 1771 sua
1097 1727 1286 1772 ecclesia
1312 1728 1555 1786 parochiali
1575 1729 1684 1773 etin
1709 1730 1848 1774 altera
1868 1732 2011 1775 eccle-

228 1807 291 1850 sia
328 1821 419 1851 non
447 1807 711 1865 parochiali,
738 1809 813 1852 sed
840 1814 1166 1867 permanenter
1198 1810 1417 1855 ecclesiae
1442 1812 1687 1869 parochiali
1721 1826 1922 1869 annexa,
1961 1818 2010 1857 ut

227 1891 409 1936 dicitur.
450 1893 556 1936 lnde
579 1892 785 1951 sequitur
808 1897 858 1937 ut
881 1893 998 1938 idem
1024 1894 1214 1939 omnino
1240 1900 1437 1954 nequeat
1463 1895 1647 1941 Missam
1676 1897 1905 1942 celebrare
1933 1897 2008 1942 do-

229 1974 412 2020 minicis
443 1989 495 2019 ac
530 1976 658 2020 sestis
680 1975 838 2020 (liebus
863 1976 907 2020 in
932 1977 1066 2022 tertia
1090 1978 1299 2034 ecclesia,
1327 1991 1492 2036 nempe
1518 1979 1759 2036 parochiae
1791 1980 1921 2024 cuius
1951 1980 2007 2024 ad

225 2063 408 2116 tempus
440 2072 599 2103 curam
635 2059 786 2103 habet.
822 2063 935 2105 Cum
961 2066 1115 2105 tamen
1151 2060 1191 2105 ei
1226 2061 1482 2119 parochiae,
1512 2061 1556 2106 in
1580 2076 1668 2121 qua
1704 2076 1795 2107 non
1822 2062 2004 2121 residet,

227 2141 467 2199 invigilare
507 2146 721 2188 teneatur
754 2149 850 2188 tum
885 2144 940 2188 ad
975 2144 1229 2189 visitandos
1251 2149 1560 2202 aegrotantes,
1587 2150 1684 2190 tum
1719 2146 1774 2190 ad
1808 2146 2006 2192 catechi-

224 2226 393 2270 zandos
427 2240 588 2284 pueros
621 2241 674 2271 ac
708 2228 851 2271 multa
893 2228 978 2272 alia
1015 2228 1171 2273 munia
1205 2228 1524 2286 adimplenda,
1560 2230 1782 2274 ducentos
1823 2231 2006 2275 francos

224 2323 303 2367 pro
336 2323 471 2368 supra
507 2311 772 2355 memoratis
806 2311 1119 2356 functionibus
1151 2327 1175 2356 a
1209 2312 1429 2370 gubernio
1462 2312 1633 2358 Gallico
1669 2312 1841 2371 recipit.

341 2398 649 2446 Quaeremus:
690 2394 726 2437 l.
766 2396 833 2438 An
868 2394 970 2438 talis
1002 2395 1213 2440 sacerdos
1243 2396 1405 2440 debeat
1438 2396 1645 2454 supplere
1680 2395 1856 2451 MissaS,
1892 2409 2003 2455 quas

223 2489 302 2531 pro
335 2488 414 2520 sua
448 2476 648 2520 secunda
684 2476 897 2534 parochia
932 2491 1025 2521 non
1062 2482 1209 2535 potest
1241 2478 1471 2523 celebrare
1504 2478 1662 2523 diebus
1684 2476 1926 2523 dominicis
1948 2491 2002 2522 ac

161 2564 165 2569 '
221 2558 365 2614 festis,
390 2563 569 2604 attenta
604 2559 744 2604 etiam
767 2574 818 2604 ea
844 2560 1191 2606 circumstantia
1217 2562 1335 2620 quod
1358 2561 1478 2606 dicta
1505 2561 1661 2620 pensio
1693 2563 1997 2608 ducentorum

220 2642 485 2686 francorum
511 2643 590 2687 vix
626 2646 891 2688 remuneret
924 2644 1183 2701 supradicta
1219 2644 1392 2700 munia,
1419 2644 1640 2690 ambabus
1675 2645 1900 2704 parochiis
1932 2645 1999 2690 in-

219 2729 289 2769 ter
320 2737 367 2769 se
402 2724 599 2770 multum
624 2726 920 2783 distantibus,
957 2727 998 2771 2.
1030 2731 1095 2771 An
1119 2727 1281 2771 debeat
1304 2729 1574 2772 alterutram
1607 2742 1666 2772 ex
1695 2727 1860 2783 Missis,
1885 2740 1999 2788 quas

217 2807 435 2865 celebrat,
471 2813 522 2852 ut
553 2809 728 2853 dictum
753 2814 838 2866 est,
863 2810 1053 2868 singulis
1084 2809 1328 2856 dominicis
1357 2824 1410 2855 ac
1435 2810 1578 2866 festis,
1602 2811 1829 2869 applicare
1861 2810 1997 2856 simul

217 2905 298 2949 pro
330 2896 523 2951 utraque
548 2892 756 2950 paroecia
779 2911 787 2950 ;
838 2895 879 2938 5.
918 2896 985 2938 An
1008 2893 1172 2938 debeat
1202 2895 1430 2953 applicare
1453 2894 1559 2939 huic
1583 2894 1826 2952 parochiae
1860 2894 1996 2940 Missa

217 2975 442 3033 privatae,
477 2989 578 3020 eam
615 2975 834 3032 missam,
869 2991 986 3036 quae
1029 2977 1075 3021 in
1114 2977 1306 3023 ecclesia
1349 2991 1531 3023 annexa
1570 2977 1669 3023 sine
1702 2977 1834 3022 titulo
1866 2990 1993 3038 paro-

215 3057 352 3104 chiali
386 3058 678 3104 celebratur?
