2176 3386
1559 20 1562 23 ,
1578 0 1602 19 *i
1616 0 1686 37 '9⁶:2¹1'
1697 0 1869 23 ·⁷(‘-,*-“’¹'l¹<⁷
1876 0 2027 27 affl
2038 0 2176 45 W

179 167 205 206 8
823 172 931 210 1³1st
962 182 984 209 ι.
1020 182 1076 209 DE
1105 181 1316 210 pERSONis

299 286 426 337 Quod
478 287 720 330 toleratum
757 292 827 331 est
859 287 914 331 ad
941 286 1123 332 dissidia
1157 291 1203 332 et
1235 287 1447 332 scandala
1486 287 1672 333 vitanda
1709 289 1828 335 inter
1873 306 1950 337 eos

181 370 227 411 ct
262 368 566 425 Apostolicam
602 369 778 413 Sedem.

299 454 511 495 Ceterum
549 456 677 496 notat
709 453 837 496 eard.
878 452 1141 497 l'allaxieini
1178 453 1222 497 in
1261 453 1353 498 vila
1380 454 1624 498 Alexandri
1651 458 1727 500 Vll
1754 470 1842 500 non
1869 470 1958 500 nna

182 532 282 577 vice
315 533 432 578 iusta
467 534 521 579 de
556 548 692 580 causa
728 536 902 579 factum
935 549 1049 591 esse,
1076 541 1127 580 ut
1150 536 1222 581 ille
1255 537 1502 595 eligeretur
1533 552 1670 596 quem
1706 542 1953 596 Imperato-

182 630 253 660 res
288 618 357 660 vel
397 622 537 675 Reges
572 619 941 676 repudiaverunt.

303 701 368 744 ¹16.
410 702 471 744 Ad
508 700 617 744 iuris
651 706 806 746 antem
840 703 1157 761 quaestionem
1192 704 1310 763 quod
1333 704 1516 759 attinet,
1553 705 1643 749 iam
1680 708 1803 762 patet
1836 704 1955 763 quoil

180 795 283 825 eum
320 782 431 826 nihil
466 784 563 827 iure
597 784 754 828 divino
790 786 874 829 bac
909 787 952 829 in
992 802 1035 830 re
1069 792 1293 831 statutum
1328 787 1402 841 sit,
1438 787 1745 832 determinare
1768 788 1956 845 quinam

179 865 234 908 ad
269 866 541 910 electionem
578 867 645 910 ius
680 868 861 922 babeat,
899 870 1081 913 nonnisi
1119 869 1227 914 iuris
1265 870 1563 915 Ecclesiastici
1601 884 1671 914 res
1715 883 1811 914 esse
1861 874 1956 926 pot-

179 953 261 991 est.
305 952 355 991 lit
386 948 490 1007 quia
527 949 637 993 iuris
670 951 964 996 ecclesiastici
1003 953 1046 996 in
1087 954 1283 998 Ecclesia
1320 954 1461 1011 prima
1499 954 1599 997 fons
1632 958 1700 997 est
1742 952 1835 1010 ipse
1875 956 1955 996 Ro-

180 1045 344 1075 manus
378 1032 608 1087 Pontifex,
645 1033 752 1077 hinc
786 1034 883 1079 iure
918 1036 1082 1080 merito
1120 1041 1167 1080 R.
1208 1036 1450 1080 Pontifices
1482 1035 1754 1081 successoris
1776 1034 1956 1079 eloctio-

180 1128 285 1158 nem
324 1116 392 1159 vel
428 1116 697 1174 opportunis
730 1118 902 1175 legibus
923 1119 1143 1164 moderati
1178 1125 1301 1174 sunt,
1323 1120 1395 1163 vel
1430 1119 1475 1163 in
1503 1118 1745 1163 rationales
1767 1131 1956 1162 consue-

178 1198 360 1242 tudines
384 1200 745 1245 consentierunt.
781 1207 928 1254 Quare
954 1202 1075 1246 nulla
1100 1208 1168 1246 est
1192 1203 1236 1246 in
1267 1203 1372 1246 orbe
1399 1203 1613 1247 universo
1638 1206 1836 1259 potestas
1859 1200 1956 1244 sive

178 1283 504 1338 ecclesiastiea,
540 1284 637 1328 sive
671 1284 836 1339 civilis,
871 1299 987 1344 quae
1020 1285 1202 1344 aliquod
1238 1286 1306 1329 ius
1342 1286 1410 1330 vel
1455 1284 1707 1339 electionis,
1746 1284 1813 1328 xel
1849 1298 1955 1328 eon·

179 1364 452 1410 firmationis
487 1367 558 1411 vel
592 1368 855 1412 exclusivae
889 1368 970 1412 sibi
1004 1369 1173 1427 absque
1208 1369 1372 1413 iniuria
1410 1369 1644 1413 vindicare
1669 1367 1807 1425 possit
1831 1380 1954 1424 prae-

178 1450 510 1508 terquamquod
545 1452 578 1495 si
628 1456 673 1495 et
706 1467 759 1495 eo
794 1452 927 1495 modo
970 1466 1058 1510 quo
1094 1452 1190 1496 iure
1232 1453 1456 1496 canonico
1497 1451 1536 1496 ei
1580 1464 1847 1496 concessum
1882 1448 1953 1493 sit.

300 1533 489 1579 17.'Sed
522 1535 709 1593 quinam
746 1540 790 1579 et
822 1535 1051 1593 quomodo
1086 1535 1131 1579 in
1171 1540 1218 1580 R.
1259 1540 1385 1579 Pont.
1423 1535 1525 1592 eligi
1559 1534 1720 1579 debet?

295 1619 450 1671 Quoad
488 1619 685 1676 primum
719 1619 909 1677 quilibet
942 1617 1044 1676 eligi
1080 1622 1229 1677 potest
1263 1618 1348 1662 nisi
1384 1619 1452 1662 ius
1486 1618 1696 1662 naturale
1732 1617 1804 1660 vel
1840 1614 1950 1658 dixi-

180 1715 289 1745 num
324 1702 449 1745 illum
486 1702 734 1746 inhabilem
769 1702 908 1746 faciat
940 1703 1037 1746 sine
1074 1702 1161 1746 ulla
1195 1701 1468 1759 exceptione
1502 1699 1690 1754 ordinis,
1731 1699 1800 1743 iel
1833 1702 1954 1742 aeta-

178 1785 250 1840 tis,
286 1791 365 1830 aut
399 1786 614 1830 nationis.

299 1874 452 1929 Neque
486 1870 673 1927 genuini
710 1870 927 1914 xidentur
959 1870 1165 1915 Gratiani
1200 1883 1402 1914 canones
1425 1871 1450 1913 5
1474 1873 1520 1913 et
1551 1869 1579 1912 4
1612 1868 1715 1912 dist.
1754 1867 1825 1919 79,
1857 1864 1952 1923 qui-

175 1953 258 1997 bus
290 1953 458 1998 dicitur
492 1953 560 1998 ius
594 1953 831 1998 electionis
867 1953 1072 2011 passix‘ae
1106 1952 1212 1997 solis
1246 1952 1522 2010 presbyteris
1549 1965 1602 1995 ac
1624 1948 1827 1994 diaconis
1851 1952 1952 1992 (jar-

174 2036 402 2081 ‹linalibus
435 2040 721 2082 reservatum
759 2037 896 2081 fuisse
931 2038 976 2094 α)
1011 2039 1112 2096 quia
1150 2036 1196 2080 in
1230 2050 1333 2080 ean.
1378 2037 1390 2079 l
1430 2034 1548 2093 apud
1592 2033 1862 2079 Gratianum
1900 2044 1952 2074 ac

174 2119 358 2164 decreto
395 2119 566 2164 Nicolai
603 2124 638 2165 ΙΙ
673 2120 717 2164 in
751 2122 888 2165 Conc.
928 2119 1223 2164 Lateranensi
1257 2118 1359 2163 dist.
1398 2119 1453 2163 25
1486 2117 1647 2162 saltem
1683 2119 1795 2160 baec
1823 2113 1953 2159 disci—

176 2202 297 2260 plina
325 2208 577 2261 temperata
601 2208 686 2258 est,
713 2217 817 2247 cum
843 2202 1022 2247 dicatur
1044 2203 1305 2260 eligendum
1331 2215 1427 2246 esse
1452 2201 1497 2244 in
1525 2199 1721 2244 Ecclesia
1750 2202 1951 2242 Romana

176 2285 444 2330 Pontificem
478 2285 515 2330 si
551 2286 739 2330 idoneus
774 2285 1043 2344 reperiatur,
1079 2285 1282 2344 alioquin
1306 2290 1351 2330 et
1377 2284 1421 2328 in
1445 2283 1531 2328 alia
1560 2281 1755 2327 Ecclesia
1780 2282 1818 2336 b)
1846 2279 1950 2339 quia

174 2369 229 2412 de
264 2370 383 2414 facto
418 2373 599 2413 constat
636 2373 684 2413 R.
726 2369 966 2414 Pontifices
998 2370 1167 2413 electos
1202 2368 1337 2412 luisse
1372 2372 1417 2411 et
1450 2365 1526 2424 qui
1560 2364 1820 2410 cardinales
1859 2377 1950 2407 non

175 2457 308 2496 erant
343 2452 490 2509 prouti
530 2453 755 2509 liugenius
791 2457 864 2507 111,
900 2452 1143 2510 Gregorius
1178 2456 1229 2507 X,
1265 2449 1547 2496 Coelestinus
1583 2451 1632 2492 V.

298 2539 391 2580 [mo
426 2549 588 2580 omnes
619 2536 888 2580 canonistae
922 2535 1211 2580 conveniunt
1241 2534 1361 2593 quod
1396 2537 1442 2577 et
1476 2532 1617 2576 laicus
1651 2545 1728 2588 per
1769 2542 1815 2573 se
1849 2527 1950 2585 eligi

178 2624 342 2678 posset,
378 2620 496 2679 quod
529 2619 741 2677 exemplo
777 2619 959 2664 loannis
993 2624 1088 2664 XIX
1122 2625 1203 2664 aut
1239 2623 1310 2663 XX
1344 2617 1419 2677 qui
1453 2616 1672 2661 suffectus
1705 2617 1773 2658 est
1804 2612 1952 2656 adhuc

177 2704 318 2748 laicus
363 2704 605 2748 Benedicto
655 2707 749 2748 Vin
796 2707 844 2747 st.
890 2704 1108 2748 Pontilice
1150 2709 1196 2748 et
1236 2702 1334 2747 eius
1377 2704 1515 2746 fratre
1559 2710 1778 2756 germano
1827 2709 1950 2753 prae-

177 2791 373 2831 mortuo.

297 2874 410 2914 ltem
444 2869 567 2914 nulla
600 2875 724 2914 certa
759 2875 885 2914 aetas
918 2875 1089 2915 statuta
1123 2874 1207 2914 est:
1246 2869 1306 2913 ita
1342 2872 1533 2912 loannes
1567 2868 1643 2910 xli
1676 2863 1848 2908 electus
1885 2864 1953 2904 est

175 2952 251 3012 qui
287 2953 491 2997 nondum
527 2954 708 3011 plenam
744 2954 1030 3011 pubertatem
1064 2951 1284 3010 explevit,
1320 2955 1366 2995 et
1399 2947 1668 2994 Benedictus
1694 2949 1748 2990 [X
1781 2943 1861 2988 vix
1887 2942 1952 2987 vi-

175 3036 288 3093 ginti
322 3051 567 3082 annorum.
