2176 3386
795 189 927 218 Lmen
953 189 979 218 1.
1013 189 1071 217 DE
1100 187 1294 218 eLEmms
1857 175 1939 218 399

274 299 412 341 Porro
428 300 611 354 tempus
633 294 803 341 octidui
829 293 974 339 currit
995 307 1090 339 non
1114 308 1138 338 a
1161 293 1234 338 die
1257 297 1395 339 notae
1417 292 1690 349 vacationis,
1714 293 1792 339 sed
1814 308 1840 339 a
1863 293 1936 339 die

154 378 374 424 scientiae
407 379 460 423 de
493 377 755 434 vacatione,
790 391 908 437 quae
940 376 1125 437 quidem
1158 376 1351 422 scientia
1400 359 1557 422 debet·
1577 389 1673 421 esse
1717 381 1842 422 certa
1889 380 1936 423 et

154 476 248 507 non
281 462 447 507 sufficit
479 465 789 520 praesumpta.
825 460 943 505 Hinc
966 459 1149 519 quando
1170 460 1323 518 agitur
1344 459 1399 504 de
1418 458 1663 504 vacatione
1686 473 1766 517 per
1788 463 1936 505 trans-

154 544 392 600 lationem,
427 545 516 589 duo
550 544 814 589 meminisse
847 548 1038 602 oportet.
1074 544 1279 588 Alterum
1314 545 1400 593 est,
1436 547 1619 601 tempus
1651 542 1822 587 octidui
1860 544 1936 589 de·

153 641 338 672 currere
370 641 395 672 a
429 627 501 672 die
534 641 623 686 quo
655 626 861 685 Capitulo
893 626 1112 681 innotuit,
1168 626 1439 684 Episcopum
1488 626 1627 670 fuisse
1678 640 1757 685 per
1806 629 1935 672 Sum-

155 725 281 756 mum
317 711 585 756 Pontificem
620 711 666 755 in
701 710 979 756 Consistorio
1013 711 1272 755 absolutum
1306 725 1330 755 a
1368 710 1552 756 vinculo
1587 711 1749 770 prioris
1784 714 1935 758 Eccle-

153 795 263 850 siae,
299 795 439 840 etiam
474 796 679 840 nondum
714 800 844 852 capta
882 794 1163 853 possessione
1195 794 1386 840 alterius
1423 794 1666 850 Ecclesiae,
1714 796 1804 841 imo
1850 811 1936 843 nec

154 878 318 923 litteris
350 877 599 936 expeditis:
637 878 833 922 alterum
868 883 952 933 est,
990 877 1203 922 notitiam
1238 882 1414 922 certam
1448 878 1502 922 de
1538 878 1614 922 tali
1648 879 1935 925 absolutione

153 961 302 1006 inesse
335 961 540 1020 Capitulo
573 962 767 1017 censeri,
801 961 984 1020 quando
1018 960 1061 1005 id
1095 960 1351 1005 innotuerit
1383 962 1523 1006 etiam
1566 975 1623 1006 ex
1669 962 1935 1008 testimonio

153 1059 232 1090 seu
264 1045 542 1090 documento
575 1044 813 1089 Secretarii
848 1044 970 1089 Sacri
1004 1044 1201 1102 Collegii.

272 1130 371 1173 506.
413 1132 594 1172 Praeter
631 1128 860 1172 Vicarium
895 1128 1201 1186 Capitularem
1236 1128 1370 1172 debet
1402 1128 1543 1174 etiam
1581 1131 1838 1187 Capitulum
1878 1130 1934 1175 ad

153 1213 350 1256 formam
384 1211 570 1256 Concilii
606 1211 858 1256 Tridentini
894 1226 1038 1256 unum
1077 1214 1145 1256 vel
1181 1212 1332 1270 plures
1355 1227 1633 1257 oeconomos
1655 1214 1708 1258 de
1733 1227 1814 1258 suo
1838 1228 1934 1272 gre-

154 1297 246 1339 mio
278 1296 513 1353 deputare,
549 1296 653 1340 sede
690 1300 903 1351 vacante,
939 1296 995 1340 ad
1028 1310 1187 1340 curam
1215 1296 1462 1354 gerendam
1503 1311 1658 1341 rerum
1705 1301 1932 1355 tempora-

154 1378 264 1423 lium
299 1379 517 1424 ecclesiae
551 1378 839 1423 cathedralis.

273 1462 373 1506 507.
410 1464 489 1506 His
520 1467 675 1506 autem
712 1461 1006 1520 preenotatis‚
1045 1462 1345 1522 inquiremus:
1387 1464 1423 1520 l)
1461 1464 1690 1523 quomodo
1724 1464 1933 1510 facienda

153 1545 212 1589 sit
234 1545 396 1589 electio
422 1544 587 1589 Vicarii
621 1560 645 1590 a
680 1545 910 1604 Capitulo;
948 1547 989 1601 Ξ)
1026 1545 1127 1605 quis
1159 1549 1204 1590 et
1226 1546 1372 1605 qualis
1404 1547 1507 1604 eligi
1535 1547 1698 1592 debeat
1731 1548 1778 1592 in
1805 1548 1933 1592 Vica-

154 1629 271 1673 rium
294 1646 302 1686 5
339 1630 380 1684 5)
407 1643 635 1688 quaenam
660 1629 698 1673 ei
724 1629 833 1673 insit
855 1634 1055 1688 potestas
1076 1635 1122 1674 et
1145 1629 1396 1676 iurisdictio
1419 1649 1427 1674 :
1463 1632 1506 1687 4)
1532 1631 1728 1691 denique
1751 1632 1934 1691 quando

157 1711 319 1756 Vicarii
355 1712 625 1770 capitularis
657 1712 855 1757 ollicium
891 1713 1085 1770 expiret.

272 1795 372 1839 508.
405 1799 499 1839 lam
534 1795 578 1839 in
613 1795 836 1841 electione
871 1796 1036 1840 Vicarii
1062 1810 1153 1841 non
1178 1801 1247 1841 est
1270 1797 1580 1841 necessarium
1605 1802 1655 1841 ut
1677 1812 1730 1842 ea
1755 1798 1834 1843 fiat
1856 1813 1935 1856 per

154 1882 259 1922 vota
294 1882 486 1934 secreta,
524 1878 771 1937 requiritur
794 1883 948 1924 tamen
983 1883 1029 1925 et
1063 1879 1229 1925 sufficit
1262 1882 1498 1941 pluralitas
1523 1885 1753 1926 votorum.
1798 1884 1936 1926 Notat

155 1960 461 2018 Pignatellus¹
496 1962 613 2021 quod
643 1962 677 2006 si
701 1962 865 2022 aliquis
899 1968 1082 2022 propter
1115 1979 1207 2010 non
1240 1965 1443 2010 habitam
1474 1965 1781 2023 pluralitatem
1806 1970 1934 2009 voto-

153 2057 254 2087 rum
290 2044 427 2088 fuerit
460 2043 661 2090 invalide
688 2046 877 2102 electus,
905 2061 995 2091 non
1037 2051 1186 2106 potest
1224 2049 1336 2093 haec
1374 2049 1536 2094 electio
1579 2047 1821 2092 revalidari
1856 2062 1936 2106 per

151 2126 534 2185 subscriptionem
568 2128 824 2174 litterarum
860 2130 1118 2188 patentium
1154 2133 1324 2176 factam
1358 2147 1380 2176 a
1419 2131 1579 2176 maiori
1625 2136 1752 2190 parte
1791 2135 1934 2177 Cano-

154 2209 380 2266 nicorum,
404 2212 507 2270 quia
534 2217 641 2257 vota
665 2213 759 2257 dari
785 2214 1078 2272 collegialiter
1099 2215 1268 2260 debent
1291 2220 1337 2261 et
1362 2216 1406 2260 in
1431 2216 1654 2275 capitulo,
1680 2215 1743 2260 ita
1767 2220 1817 2260 ut
1841 2230 1933 2261 non

151 2293 346 2338 sufficiat
378 2308 628 2342 consensus
656 2299 810 2354 postea
827 2297 961 2342 datus
984 2313 1008 2343 a
1041 2300 1283 2345 Canonicis
1307 2304 1358 2344 ut
1379 2315 1404 2345 a
1427 2299 1632 2357 singulis.
1670 2304 1807 2344 Porro
1827 2300 1933 2343 illud

152 2377 404 2421 tenendum
439 2382 508 2422 est
541 2378 694 2424 vitiari
719 2380 733 2402 ²
767 2380 1043 2426 electionem
1076 2386 1122 2426 et
1154 2382 1278 2427 reddi
1330 2383 1530 2438 nullam,
1567 2383 1600 2426 si
1636 2382 1799 2442 aliquis
1841 2382 1933 2427 ido·

153 2473 266 2503 neus
299 2459 534 2505 reiiciatur
565 2475 589 2505 a
623 2476 818 2507 numero
850 2465 1227 2510 concurrentium
1262 2470 1309 2510 et
1341 2466 1670 2524 eligendorum.

272 2543 372 2588 509.
409 2545 566 2597 Quoad
590 2546 830 2605 requisitas
861 2547 1121 2606 qualitates,
1150 2548 1355 2593 Vicarius
1387 2549 1522 2593 debet
1544 2549 1646 2606 eligi
1670 2548 1747 2607 qui
1770 2549 1932 2593 saltem

153 2623 211 2668 sit
242 2625 400 2670 doctor
421 2631 502 2671 aut
523 2626 785 2674 licentiatus
807 2629 853 2674 in
877 2629 975 2675 iure
998 2631 1222 2676 canonico
1243 2631 1314 2676 vel
1331 2631 1442 2676 alias
1464 2636 1691 2691 quantum
1715 2631 1811 2677 fieri
1835 2635 1933 2690 pot-

152 2707 240 2751 erit
272 2707 478 2765 idoneus,
514 2714 560 2754 et
581 2710 617 2755 si
652 2725 771 2756 unus
804 2717 987 2758 tantum
1019 2713 1078 2758 sit
1110 2714 1179 2758 his
1201 2715 1499 2773 qualitatibus
1523 2715 1754 2773 praeditus
1777 2715 1824 2760 in
1849 2719 1928 2762 Ca-

153 2791 312 2849 pitulo,
346 2792 420 2838 ille
454 2794 556 2852 eligi
587 2795 738 2852 dehet;
773 2796 810 2840 si
842 2810 988 2852 secus,
1026 2797 1192 2856 poterit
1224 2797 1327 2856 eligi
1361 2803 1492 2843 extra
1527 2798 1752 2856 gremium
1790 2798 1931 2857 ipsius

273 2985 282 3004 ¹
309 2986 575 3023 Pmmmntus
602 2991 625 3022 t.
651 2987 677 3030 1,
704 2988 859 3025 consult.
886 2988 943 3031 25,
971 2997 1005 3024 n.
1033 2988 1066 3024 7.

271 3057 284 3075 ²
310 3057 363 3093 Ex
390 3058 471 3095 eod.
489 3058 728 3096 Pmnunuo
756 3063 843 3096 tom.
870 3059 932 3104 VI,
959 3060 1115 3097 consult.
1142 3059 1200 3096 92.
