2176 3386
1706 6 1711 14 ,
1779 0 1799 20 πὶ
1819 0 1829 3 -
1858 0 1893 13 ,Α-
1910 0 2013 11 affixa:
2025 0 2039 23 μ

1845 20 1850 27 -
1872 20 1874 25 v
1904 23 1905 28 ,
2044 0 2176 139 νὶωἻ.

2161 146 2170 161 .”ι

259 288 386 334 tione
418 290 755 335 determinatur
786 304 946 335 eorum
971 294 1171 348 potestas
1203 291 1350 350 quoad
1385 291 1554 347 locum,
1587 277 1912 351 quoad‘genus
1946 309 2044 352 per·

263 386 499 429 sonarum,
533 374 683 433 quoad
718 377 897 432 tempus
921 375 951 429 *ζ
986 373 1135 433 quoad
1163 373 1301 418 'casus
1323 374 1355 418 ².

261 170 314 210 70
932 182 1041 211 PARS
1074 184 1114 211 n.
1154 184 1211 211 DE
1243 183 1380 212 REBUS

379 457 480 501 757.
521 458 677 501 Utrum
715 471 824 501 vero
856 456 924 512 ei,
969 456 1040 501 cui
1075 457 1216 501 semel
1248 456 1353 501 data
1388 456 1526 501 fuerit
1569 457 1666 501 sine
1701 458 1790 502 ulla
1828 458 2046 518 temporis

262 539 536 585 limitatione
568 540 851 599 approbatio,
886 539 1055 584 auferri
1092 540 1245 598 possit,
1281 539 1429 584 adhuc
1462 539 1515 584 lis
1547 541 1630 585 sub
1653 540 1800 585 iudice
1823 547 1908 598 est,
1944 542 2043 588 ideo

263 624 318 667 ad
352 627 534 682 tempus
566 623 780 668 omnibus
811 622 907 666 dari
942 621 1057 667 solet
1087 624 1118 666 ³.
1177 625 1231 665 At
1274 622 1517 681 Episcopus
1550 624 1736 682 nequit,
1783 624 2045 670 inconsulta

263 707 516 765 Apostolica
552 706 687 761 Sede,
723 705 937 750 omnibus
969 705 1104 749 simul
1140 705 1275 750 unius
1307 711 1568 750 conventus
1599 705 1898 752 Confessa‘riis
1940 722 2044 753 eam

262 791 463 835 adimere
487 790 520 833 ⁴.
558 792 773 834 Attamen
807 790 864 833 ab
892 789 1107 846 Episcopo
1130 802 1391 833 successore
1426 803 1505 847 pro
1540 788 1697 834 maiori
1732 790 2043 837 conscientiae

263 887 371 919 suae
403 873 572 930 quiete,
608 876 823 931 poterunt
856 872 1006 916 denuo
1038 871 1314 926 examinari,
1350 876 1396 916 et
1429 872 1465 916 si
1503 872 1655 916 minus
1689 872 1839 918 idonei
1880 875 2043 932 reperti

264 956 453 1011 fuerint,
489 956 719 1014 reprobari
745 956 774 1000 ⁵.
812 960 906 1000 Hoc
942 969 1049 999 vero
1085 969 1174 999 non
1209 954 1377 1013 poterit
1409 954 1617 999 Vicavius
1650 955 1919 1014 Capitularis
1943 956 1974 1001 ⁶.

382 1039 483 1083 758.
523 1040 586 1083 Ad
623 1038 824 1082 xalidum
858 1037 1132 1082 exercitium
1159 1037 1381 1081 iudicialis
1406 1037 1644 1095 potestatis
1677 1038 1942 1083 remittendi
1979 1053 2046 1083 re-

263 1122 533 1181 tinendique
566 1126 771 1180 peccata,
808 1126 988 1180 praeter
1020 1120 1414 1179 approbationem,
1450 1119 1698 1179 requiritur
1733 1123 1778 1165 in
1807 1121 2048 1166 Sacerdote

265 1212 465 1266 potestas
498 1205 841 1260 iurisdictionis,
876 1218 992 1263 quae
1028 1205 1099 1249 vel
1131 1204 1361 1249 ordinaria
1396 1204 1468 1248 vel
1491 1204 1695 1261 delegata
1719 1210 1804 1249 est.
1840 1205 1904 1249 Cf.
1930 1219 2048 1264 quae

263 1290 465 1335 diximus
504 1289 549 1334 in
585 1292 689 1346 Cap.
727 1292 783 1332 III
817 1288 870 1332 de
910 1288 1051 1345 Episc.
1112 1291 1246 1331 Porro
1289 1287 1408 1331 banc
1450 1285 1811 1331 iurisdictionem
1851 1286 2046 1332 Ecclesia

264 1374 509 1433 aliquando
543 1373 721 1430 supplet
753 1387 859 1416 cum
892 1371 1067 1415 scilicet
1104 1371 1140 1426 1)
1167 1384 1294 1414 error
1325 1369 1588 1415 communis
1621 1370 1829 1425 habetur,
1871 1370 1912 1426 2)
1940 1383 2047 1415 cum

263 1458 418 1502 subest
450 1456 604 1514 opinio
640 1455 881 1511 probabilis
913 1453 959 1498 in
993 1453 1130 1498 dubio
1165 1453 1289 1497 iuris.
1344 1453 1543 1497 Tandem
1578 1454 1807 1511 prorogari
1843 1457 1991 1511 potest
2014 1454 2046 1496 ⁷.

384 1543 485 1586 759.
524 1542 580 1585 L‘t
613 1541 713 1599 quis
745 1540 865 1584 hanc
890 1538 1253 1583 iurisdictionem
1287 1542 1500 1582 exerceat
1526 1538 1692 1593 valide,
1729 1537 1977 1597 requiritur
1998 1542 2049 1581 ut

266 1641 394 1671 error
426 1623 740 1670 substantialis
771 1639 825 1669 ae
860 1628 1009 1667 metus
1044 1636 1135 1666 non
1170 1621 1440 1666 intercedat.
1486 1625 1698 1665 Ceterum
1731 1621 1767 1665 si
1803 1620 1915 1665 falso
1947 1620 2049 1680 quis

264 1710 446 1768 putavit
485 1710 569 1754 sibi
610 1707 972 1752 iurisdictionem
1012 1707 1166 1751 deesse
1209 1709 1255 1749 et
1299 1709 1454 1749 tamen
1497 1718 1599 1749 eam
1641 1704 1878 1760 exercuit,
1927 1704 2051 1749 valet

266 1792 489 1838 absolutio
515 1793 545 1836 ⁸.

385 1878 486 1921 740.
526 1881 714 1933 Insuper
744 1874 800 1919 ad
834 1873 1145 1918 consessiones
1178 1872 1428 1917 audiendas
1472 1885 1563 1916 non
1598 1870 1764 1916 sufficit
1798 1870 2049 1916 iurisdictio

271 1965 581 2020 praesumpta,
620 1974 703 2003 nec
737 1959 902 2003 suflicit
934 1958 1053 2017 quod
1087 1957 1146 2001 sit
1180 1957 1336 2015 petita,
1373 1956 1449 2000 sed
1475 1970 1567 2000 non
1591 1956 1794 2000 obtenta.
1835 1959 1933 2000 Non
1958 1956 2049 2000 suf-

270 2044 365 2089 ficit
399 2044 567 2104 pariter
599 2042 852 2087 iurisdictio
884 2040 1166 2095 existimata,
1205 2039 1290 2083 nisi
1324 2039 1537 2084 credatur
1569 2037 1804 2083 communi
1829 2051 1982 2081 errore
2006 2041 2052 2081 et

267 2127 373 2173 huic
406 2127 547 2172 errori
583 2126 873 2171 occasionem
907 2124 1083 2169 dederit
1114 2123 1276 2167 titulus
1307 2121 1552 2175 coloratus,
1587 2134 1676 2179 quo
1709 2133 1823 2184 casu>
1853 2119 2049 2164 Ecclesia

266 2226 368 2256 eam
403 2210 595 2269 supplet.

387 2296 487 2339 741.
527 2293 789 2338 Notandum
824 2292 924 2336 heic
957 2294 1054 2345 est,
1092 2289 1136 2333 in
1174 2289 1300 2347 praxi
1336 2287 1463 2332 iuxta
1501 2291 1788 2344 praesentem
1827 2284 2050 2330 Ecclesiae

267 2379 575 2437 disciplinam,
597 2376 973 2436 approbationem
997 2378 1043 2418 et
1063 2371 1424 2417 iurisdictionem
1449 2370 1585 2415 simul
1608 2370 1767 2415 eodem
1791 2373 1897 2413 actu
1922 2372 2050 2412 Prae-

390 2561 396 2579 ¹
427 2562 551 2597 Const.
583 2558 769 2605 Apostolzri
797 2555 992 2592 Ministerii
1018 2555 1097 2590 Inn.
1126 2553 1212 2589 XIII
1241 2552 1457 2589 confirmata
1482 2562 1504 2588 a
1529 2551 1664 2588 Bened.
1691 2550 1791 2587 XIII.

388 2633 399 2651 ²
432 2633 485 2668 Ex
512 2631 618 2667 Alex.
647 2631 713 2666 ΥΙΙ
744 2630 798 2666 12.
825 2629 1000 2675 Gregorio
1028 2627 1115 2663 XIII
1142 2627 1265 2664 Const.
1293 2626 1384 2662 Cum
1409 2625 1445 2661 in
1473 2624 1594 2661 Sacra.

389 2703 401 2722 ³
428 2704 565 2740 Bened.
593 2703 691 2745 XIV,
718 2702 827 2738 Notif.
855 2701 911 2743 86,
938 2701 990 2736 De
1013 2700 1153 2746 Synoclo
1181 2698 1288 2734 dioec.
1317 2697 1338 2733 l.
1367 2696 1429 2738 IX,
1458 2695 1511 2731 16.

390 2775 404 2795 '⁸
430 2776 464 2812 S.
493 2775 625 2820 Congr.
653 2775 745 2819 Epp.
772 2777 805 2808 el
834 2773 921 2817 Reg.
949 2771 996 2807 ‘20
1022 2780 1104 2806 nov.
1135 2770 1235 2806 1615.

389 2847 400 2866 ὅ
431 2847 465 2883 S.
492 2847 580 2883 Pius
608 2846 652 2888 V,
679 2845 804 2882 Consi.
834 2844 986 2881 Romani
1013 2842 1188 2888 Pontificis
1215 2840 1318 2877 1571.

389 2919 401 2938 ἢ
430 2920 463 2955 S.
492 2918 626 2964 Congr.
654 2918 745 2964 Epp.
773 2922 807 2952 et
834 2917 907 2952 BR.
937 2915 979 2951 19
1006 2914 1097 2951 iunii
1127 2913 1228 2951 1806.
1257 2913 1307 2950 Cf.
1335 2912 1574 2948 D'ANNIBALE
1600 2920 1633 2957 p.
1663 2909 1741 2952 145,
1769 2913 1857 2955 part.
1885 2908 1947 2950 III,
1974 2911 2049 2944 not.

390 2991 402 3010 ⁷
429 2991 480 3027 Cf.
509 2991 750 3026 D'ANNIBALE
778 2989 801 3025 Ι.
831 2999 861 3025 c.

390 3063 404 3082 ⁸
432 3063 484 3098 DE
512 3063 613 3098 Luco
640 3062 681 3099 de
706 3061 841 3097 Poenit.
871 3057 912 3095 19
942 3059 995 3095 18.
1022 3057 1074 3094 CI.
1100 3055 1340 3093 D'ANNmALa
1368 3065 1402 3101 p.
1427 3053 1485 3098 56,
1512 3058 1602 3100 part.
1629 3052 1656 3095 Ι,
1687 3055 1761 3087 not.
