2176 3386
786 218 915 247 ῙᾸΒΕΒ
942 218 967 246 1.
1002 217 1059 245 DE
1087 216 1284 246 cmmms
1846 203 1927 244 379

143 327 360 386 deinceps
393 327 460 371 fas
490 330 577 382 est,
613 325 810 385 serqatis
843 329 1001 370 tamen
1035 324 1250 382 legitimis
1278 323 1647 379 conditionibus,
1697 324 1740 368 id
1774 327 1843 369 est
1874 327 1926 368 ut

147 409 352 468 Episcopi
393 410 667 455 auctoritate
710 409 751 453 id
800 408 907 463 fiat,
954 409 1054 452 sine
1095 421 1185 466 qua
1220 408 1397 452 nullum
1432 420 1607 452 novum
1648 407 1924 452 beneficium

145 493 256 552 erigi
291 497 457 553 potest,
492 497 539 538 et
571 498 620 536 ut
652 491 845 551 Capituli
869 505 1121 536 consensus
1145 491 1420 550 requiratur,
1445 490 1522 550 qui
1546 490 1685 535 etiam
1710 491 1795 535 sub
1816 504 1925 535 con-

143 576 318 622 ditione
353 577 571 635 praestari
604 576 661 621 ab
693 564 851 620 eodem
881 579 1043 633 potest,
1069 574 1320 619 dummodo
1345 574 1633 620 conditiones
1662 575 1807 619 iustae
1832 574 1925 619 sint

143 674 196 705 ac
230 660 537 706 rationabiles.
578 664 728 704 Potest
760 659 899 704 etiam
935 673 958 703 a
992 658 1198 716 Capitulo
1234 658 1363 702 iustis
1405 658 1460 703 de
1503 658 1653 704 causis
1686 658 1920 716 denegari,

140 743 398 788 cuiusmodi
432 747 541 787 sunt
572 742 776 787 tenuitas
808 743 881 786 vel
907 742 1185 786 incertitudo
1209 741 1487 797 reddituum,
1514 742 1589 800 qui
1615 747 1786 786 statum
1812 742 1923 787 novi

142 826 355 870 canonici
390 826 464 870 vel
500 825 652 870 minus
684 826 926 870 decentem
974 826 1044 869 vel
1088 825 1316 868 incertum
1352 825 1571 880 efficiant,
1608 824 1751 869 nimia
1781 829 1924 870 Cano-

145 908 354 954 nicorum
388 908 650 965 multitudo,
685 909 761 967 qui
798 908 941 966 magis
975 909 1018 952 in
1053 912 1374 965 contemptum
1408 922 1547 967 quam
1583 908 1628 952 in
1660 909 1799 953 decus
1844 912 1924 952 Ec-

140 991 305 1036 clesiae
339 992 486 1047 cedat,
523 996 733 1036 veterum
768 991 1105 1036 Canonicorum
1135 990 1486 1046 detrimentum,
1511 996 1599 1036 etc.
1636 991 1765 1044 Quod
1789 991 1823 1036 si
1849 991 1923 1036 de-

143 1079 335 1132 negetur
366 1076 534 1135 absque
568 1089 721 1131 causa,
760 1080 907 1134 potest
941 1090 1019 1133 per
1052 1074 1324 1133 Episcopum
1362 1075 1433 1119 vel
1468 1074 1607 1119 alium
1632 1075 1920 1133 Superiorem

139 1158 355 1216 suppleri.
394 1159 456 1202 Ad
492 1159 628 1203 haec:
665 1159 701 1203 si
736 1172 806 1203 res
839 1159 897 1203 sit
930 1159 983 1203 de
1018 1159 1299 1203 instituenda
1337 1173 1455 1203 nova
1490 1158 1731 1216 (lignitate,
1770 1160 1842 1203 vel
1866 1159 1921 1204 de

140 1242 348 1299 augendo
381 1242 716 1288 Canonicorum
753 1257 964 1298 numero,
999 1242 1076 1302 qui
1110 1243 1386 1287 auctoritate
1423 1244 1676 1300 Apostolica
1702 1242 1920 1287 delinitus

141 1325 307 1381 fuerat,
345 1326 591 1385 requiritur
625 1332 674 1370 ut
707 1326 910 1370 eiusdem
946 1326 1071 1371 Sedis
1106 1327 1388 1384 Apostolicae
1423 1326 1560 1371 venia
1594 1327 1797 1371 accedat.

259 1410 360 1454 482.
390 1411 451 1454 Ad
475 1411 670 1454 alterum
695 1410 814 1469 quod
838 1411 1022 1465 attinet,
1043 1410 1085 1454 id
1108 1415 1177 1454 est
1199 1411 1252 1454 ad
1276 1415 1445 1455 statuta
1475 1411 1638 1469 quibus
1662 1411 1920 1469 Capitulum

143 1492 234 1550 regi
269 1495 399 1548 solet,
435 1493 901 1538 animadvertendum
936 1493 1190 1550 generatim
1226 1498 1310 1549 est,
1347 1494 1570 1538 eiusmodi
1611 1498 1782 1539 statuta
1823 1508 1920 1539 esse

142 1577 261 1633 leges
294 1577 478 1635 abipso
512 1577 716 1635 Capitulo
760 1578 960 1636 legitime
1003 1581 1279 1635 congregato
1322 1579 1623 1633 constitutas,
1670 1579 1724 1622 de
1768 1579 1918 1634 rebus,

141 1674 257 1719 quae
290 1660 344 1704 ad
379 1665 557 1705 rectum
591 1662 797 1706 ordinem
843 1667 889 1706 et
931 1662 1135 1720 regimen
1178 1661 1382 1706 eiusdem
1427 1661 1616 1719 Capituli
1664 1663 1912 1720 pertinent.

142 1743 266 1787 Unde
301 1744 507 1802 sequitur
538 1749 774 1789 auctorem
808 1745 1031 1789 eiusmodi
1067 1746 1216 1803 legum
1252 1759 1349 1790 esse
1385 1745 1532 1802 ipsum
1567 1745 1858 1803 Capitulum,
1895 1760 1920 1791 a

139 1840 228 1885 quo
262 1827 477 1871 constitui
515 1833 718 1886 possunt.
755 1828 997 1873 Obiectum
1034 1843 1142 1873 vero
1178 1829 1230 1873 iis
1265 1830 1398 1873 rebus
1431 1829 1677 1885 contineri,
1713 1844 1830 1888 quae
1864 1831 1920 1875 ad

138 1908 331 1966 Capituli
368 1910 570 1966 regimen
606 1913 855 1969 pertinent,
893 1912 1011 1956 binis
1044 1917 1201 1956 tamen
1235 1912 1319 1956 sub
1352 1912 1708 1968 conditionibus,
1752 1918 1802 1957 ut
1834 1914 1919 1958 sci-

141 1993 245 2037 licet
279 1994 391 2038 nillil
426 1995 625 2039 habeant
663 1996 781 2054 quod
824 1995 995 2053 legibus
1035 2010 1059 2040 a
1105 1996 1344 2053 Superiore
1387 1997 1489 2040 latis
1529 1997 1827 2052 adversetur,
1874 2002 1920 2042 et

140 2081 374 2135 praeterea
409 2083 458 2121 ut
493 2078 671 2123 minora
706 2083 888 2123 tantum
924 2079 1104 2136 negotia
1139 2079 1387 2136 attingant,
1414 2079 1512 2124 sive
1535 2080 1656 2124 circa
1683 2094 1915 2138 personas,

139 2161 410 2218 cuiusmodi,
446 2177 520 2206 ex.
556 2177 642 2221 gr.,
678 2168 747 2207 est
778 2163 984 2208 delinitio
1019 2163 1139 2208 modi
1172 2177 1262 2222 quo
1295 2163 1552 2221 Capitulum
1594 2165 1692 2209 sive
1731 2179 1919 2222 congre-

139 2245 339 2301 gandum
373 2245 470 2290 sive
505 2246 767 2291 habendum
800 2247 874 2301 sit,
913 2247 1028 2292 ratio
1061 2247 1360 2291 distribuendi
1396 2247 1544 2292 officia
1580 2247 1700 2291 inter
1737 2248 1917 2306 Capitu-

139 2327 272 2381 lares,
307 2328 535 2373 ordinatio
558 2329 701 2385 chori,
718 2329 996 2375 ‘constitutio
1020 2330 1134 2374 levis
1155 2330 1392 2375 cuiusdam
1419 2345 1591 2388 poenae
1614 2344 1692 2375 seu
1718 2333 1918 2377 mulctae

139 2410 358 2456 adversus
390 2413 670 2471 capitulares
703 2413 822 2471 ipsos
855 2414 926 2458 vel
953 2414 1159 2472 propriae
1187 2414 1412 2459 Ecclesiae
1437 2414 1753 2460 beneficiarios
1780 2421 1917 2476 atque

141 2495 389 2551 ministros,
427 2497 471 2540 in
505 2497 676 2542 divinis
708 2497 867 2542 officiis
900 2499 971 2542 vel
1015 2498 1236 2542 iniunctis
1279 2497 1547 2542 muneribus
1597 2499 1917 2558 delinquentes

140 2578 317 2638 aliaque
350 2579 418 2623 liis
449 2580 641 2638 similia;
677 2580 775 2626 sive
807 2581 947 2626 etiam
982 2581 1103 2627 circa
1139 2595 1225 2637 res,
1261 2581 1515 2626 cuiusmodi
1541 2587 1611 2625 est
1636 2581 1749 2626 ratio
1773 2582 1916 2627 admi-

142 2661 363 2707 nistrandi
401 2663 517 2708 bona
550 2664 760 2723 Capituli,
796 2664 1021 2724 partiendi
1047 2664 1409 2719 distributiones,
1436 2664 1788 2709 administrandi
1821 2665 1916 2723 pias

140 2746 392 2792 oblationes
423 2753 533 2804 etc.,
569 2748 631 2793 ita
664 2753 821 2794 tamen
855 2754 907 2793 ut
939 2754 1159 2795 caveatur
1192 2763 1249 2793 nc
1283 2749 1538 2808 cuiuspiam
1575 2749 1658 2794 iuri
1691 2751 1917 2795 inseratur

140 2829 486 2875 detrimentum.
526 2831 671 2876 Etiam
705 2831 883 2877 sanctio
915 2846 1004 2891 qua
1043 2837 1214 2876 statuta
1256 2833 1527 2877 muniantur
1569 2831 1703 2877 adiici
1749 2837 1912 2891 potest,

99 2907 105 2913 ’
141 2911 237 2957 sive
270 2913 422 2957 addito
455 2914 732 2971 iuramento,
767 2917 866 2960 sive
899 2915 1077 2960 levibus
1114 2916 1387 2975 quibusdam
1430 2916 1589 2974 poenis
1631 2916 1912 2972 constitutis,

141 3007 192 3038 ea
225 2998 383 3039 tamen
417 2997 512 3054 lege
546 3001 596 3040 ut
628 3011 789 3042 omnes
820 3002 867 3042 el.
898 2999 1062 3056 singuli
1096 2998 1377 3057 Capitulares
1409 2999 1720 3044 consentiant.

258 3078 362 3123 485.
398 3079 639 3138 Abrogatio
672 3095 783 3125 vero
814 3085 1092 3127 statutorum
1127 3081 1223 3127 fieri
1245 3086 1394 3140 potest
1415 3097 1495 3141 per
1516 3083 1801 3128 contrarium
1825 3087 1914 3128 sta-
