2176 3386
766 185 896 220 Lim-:R
925 185 951 212 1.
989 185 1046 213 DE
1075 183 1268 213 CLEmffls
1832 175 1909 215 271

126 295 282 336 utrum
317 290 420 336 illae
452 290 613 335 saltem
648 283 917 334 necessariis
948 289 1004 334 ad
1045 288 1258 334 divinum
1297 290 1474 335 cultum
1516 288 1804 353 ornamentis
1841 289 1909 335 in-

124 380 326 422 structae
358 375 466 420 sint.
503 403 559 407 —
593 376 662 420 22.
701 377 770 419 An
804 374 1058 419 catholicus
1090 374 1241 419 cultus
1274 373 1319 418 in
1354 373 1590 418 Vicariatu
1624 374 1698 418 vel
1731 375 1910 419 Praefe-

123 464 252 505 ctura
285 458 424 503 libere
457 462 745 513 exerceatur,
781 461 828 502 et
859 461 1088 517 quatenus
1128 457 1370 515 negative,
1416 471 1475 502 an
1518 456 1634 501 ratio
1676 461 1906 515 suppetat,

123 530 211 602 qua
244 541 476 586 obstacula
510 555 533 584 e
568 540 718 585 medio
750 541 1037 585 auferantur.
1075 566 1134 572 ——
1176 541 1246 584 25.
1286 542 1354 583 An
1389 538 1435 584 in
1470 539 1660 597 singulis
1700 539 1908 585 sacerdo-

122 630 222 670 tum
256 625 515 670 residentiis
546 624 605 670 sit
636 625 804 669 decens
838 624 1174 683 presbyterium
1209 628 1290 669 aut
1320 624 1483 668 saltem
1517 623 1681 682 aliquis
1724 623 1850 668 locus
1883 638 1908 669 a

123 707 329 753 fidelibus
361 707 555 762 oblatus,
591 706 666 751 ubi
701 706 1039 751 convenienter
1074 720 1262 750 manere
1296 705 1486 764 possint.

244 791 304 833 De
336 790 464 832 bonis
491 789 718 834 Ecclesiae
741 802 991 846 eoramqae
1013 788 1444 832 administratione.
1469 813 1530 820 -—
1551 787 1622 831 24.
1651 790 1773 839 Quas
1793 787 1907 830 6166-

122 885 340 929 mosynas
373 871 574 916 Societas
610 870 952 928 propagationis
984 869 1105 914 Fidei
1145 870 1458 927 Lugdunensis
1492 869 1734 927 praebeat,
1770 874 1815 913 et
1847 883 1906 914 an

121 954 302 1014 aliquod
334 954 453 998 aliud
491 954 690 998 medium
727 958 905 1011 praesto
938 952 1012 1008 sit,
1049 956 1100 996 ut
1132 951 1459 997 sustentationi
1508 952 1905 997 Missionariorum

121 1042 166 1082 et
198 1036 412 1095 expensis
447 1050 524 1095 pro
557 1036 716 1080 divino
750 1037 875 1080 cultu
909 1035 1117 1080 satisfiat.
1153 1063 1211 1067 -—
1252 1037 1323 1080 25.
1360 1037 1523 1079 Utrum
1559 1041 1604 1079 et
1636 1049 1752 1094 quae
1787 1035 1905 1080 bona

121 1119 384 1177 immobilia,
418 1119 492 1164 vel
523 1132 636 1178 quos
669 1119 871 1164 redditus
915 1119 1068 1164 Missio
1112 1119 1159 1163 in
1206 1123 1417 1177 promptu
1461 1119 1628 1163 habeat
1667 1119 1722 1163 ad
1766 1119 1906 1163 tinem

125 1208 430 1248 memoratum
466 1203 752 1247 adhibenda:
791 1207 837 1247 et
868 1208 1098 1262 quatenus
1132 1202 1364 1260 negative,
1401 1215 1459 1245 an
1493 1201 1643 1261 aliqua
1679 1201 1796 1246 ratio
1838 1202 1905 1246 in-

122 1287 201 1331 nui
235 1292 389 1346 queat,
425 1291 475 1330 ut
509 1286 790 1345 pedetentim
826 1287 938 1331 certi
982 1286 1201 1341 redditus,
1246 1285 1344 1329 sive
1384 1299 1464 1343 per
1506 1285 1759 1329 oblationes
1801 1285 1906 1330 tide-

125 1371 235 1416 lium
270 1370 368 1415 sive
403 1384 481 1428 per
512 1370 624 1414 alias
658 1370 991 1428 praestationes
1022 1370 1079 1414 ab
1113 1368 1220 1426 ipsis
1252 1369 1424 1413 solutas
1457 1368 1677 1412 constitui
1714 1368 1902 1425 possint.

118 1480 176 1487 —
208 1455 279 1499 26.
316 1454 358 1497 Si
394 1452 547 1498 Missio
580 1453 696 1497 bona
734 1452 983 1496 immobilia
1019 1453 1091 1496 vel
1128 1451 1329 1496 redditus
1362 1451 1610 1509 possideat,
1645 1451 1906 1509 significan-

118 1538 227 1582 dum
261 1537 348 1582 erit
380 1551 438 1581 an
472 1536 528 1581 ab
560 1535 711 1595 aliquo
746 1536 790 1579 111
827 1536 911 1580 1136
946 1534 1231 1594 possessione
1264 1534 1573 1580 ecclesiastica
1598 1536 1811 1580 turbetur
1835 1537 1905 1580 vel

122 1635 305 1681 prorsus
338 1621 432 1679 ipsa
469 1620 688 1678 possessio
722 1634 747 1664 a
780 1619 1012 1665 Gubernio
1048 1623 1415 1677 recognoscatur.
1456 1645 1506 1650 —
1543 1620 1614 1663 27.
1652 1622 1776 1672 Quae
1801 1632 1904 1663 cau-

117 1705 234 1748 telae
267 1703 470 1748 adhiberi
504 1702 694 1761 possint,
731 1708 781 1746 ut
814 1702 1050 1747 securitati
1084 1702 1501 1747 ecclesiasticorum
1536 1702 1762 1747 bonorum
1807 1716 1906 1760 pro-

119 1786 343 1831 videatur.
379 1812 438 1820 —
471 1786 541 1830 28.
580 1788 742 1830 Utrum
775 1785 894 1830 adsit
926 1785 1177 1830 Consilium
1210 1784 1392 1844 aliquod
1428 1784 1822 1830 1113316113110111111
1847 1784 1903 1828 311

120 1872 279 1916 63116111
315 1871 433 1915 bona
458 1871 531 1915 vel
556 1869 758 1914 redditus
781 1869 1187 1924 administrandos,
1213 1874 1259 1913 et
1281 1868 1336 1912 ad
1362 1869 1701 1926 impediendam
1724 1881 1905 1911 eorum-

119 1957 222 2001 dem
256 1955 623 2014 dissipationem,
667 1959 713 1999 et
753 1957 909 1998 utrum
951 1953 1105 1998 fideles
1149 1953 1349 2012 aliquam
1394 1958 1570 2010 partem
1619 1952 1818 1996 habeant
1858 1952 1904 2003 111

120 2040 348 2100 praedicta
382 2040 798 2085 administratione.

241 2127 300 2168 De
332 2125 465 2167 rebus
497 2124 559 2168 acl
591 2123 806 2167 divinam
839 2123 1016 2166 cattam
1049 2122 1374 2178 spectantibus.
1414 2147 1466 2153 —
1509 2122 1579 2165 29.
1618 2120 1775 2174 Quoad
1800 2120 1902 2175 hoc,

118 2207 444 2266 exponendum
478 2221 537 2251 311
585 2206 630 2250 111
671 2206 812 2250 sacris
854 2205 1170 2250 functionibus
1213 2218 1265 2248 ac
1310 2203 1577 2261 praesertim
1620 2203 1667 2246 in
1710 2202 1904 2247 solemni

119 2290 283 2336 Missae
326 2290 634 2335 celebratione
692 2290 807 2334 ritus
850 2303 1012 2333 omnes
1046 2291 1086 2333 S.
1128 2293 1176 2333 R.
1218 2293 1264 2333 E.
1311 2288 1505 2332 fideliter
1543 2291 1813 2342 serventur,
1860 2291 1905 2330 et

119 2379 272 2418 utrum
308 2379 472 2418 cantus
504 2373 810 2418 adhibeantur
852 2377 897 2417 et
938 2387 997 2416 an
1041 2371 1170 2416 iuxta
1214 2371 1461 2415 canonicas
1506 2369 1900 2428 praescriptiones.

120 2484 175 2489 —
207 2458 278 2502 50.
316 2459 479 2501 Utrum
513 2461 558 2501 et
590 2455 668 2516 qui
706 2457 942 2514 populares
977 2460 1140 2500 cantus
1174 2454 1221 2499 in
1259 2453 1468 2499 Ecclesiis
1500 2452 1819 2498 adhibeantur.
1849 2480 1903 2483 —

119 2540 189 2583 51.
227 2543 294 2584 An
329 2540 376 2583 in
409 2538 622 2584 omnibus
657 2538 883 2594 Ecclesiis,
920 2538 965 2582 in
999 2538 1164 2597 quibus
1195 2537 1294 2581 sine
1328 2536 1528 2594 periculo
1571 2533 1906 2593 profanationis

119 2623 213 2668 lieri
249 2628 411 2682 potest,
447 2623 733 2678 adservetur,
768 2628 814 2667 et
845 2623 1090 2682 quomodo,
1127 2624 1167 2665 S.
1209 2619 1509 2674 Eucharistia‚
1544 2632 1751 2678 quaeque
1774 2616 1832 2661 sit
1855 2616 1901 2660 in

118 2711 301 2753 tantum
337 2709 686 2752 Sacramentum
722 2705 923 2750 fidelium
957 2706 1157 2750 devotio.
1195 2731 1253 2737 —
1285 2704 1356 2748 52.
1396 2705 1554 2746 [Ttrum
1590 2701 1645 2745 ad
1681 2699 1900 2744 maiorem

57 2813 63 2818 -
117 2790 262 2835 divini
296 2790 446 2834 cultus
476 2789 688 2834 decorem
722 2792 768 2833 et
799 2789 854 2833 ad
880 2788 949 2846 pia
974 2802 1108 2846 opera
1133 2787 1391 2832 exercenda
1415 2784 1638 2831 canonice
1663 2783 1903 2827 institutae

119 2872 212 2917 sint
243 2872 422 2931 aliquae
454 2856 866 2917 Confraternitates
898 2871 997 2915 sive
1032 2869 1238 2915 virorum
1272 2869 1370 2914 sive
1406 2867 1669 2921 mulierum,
1697 2860 1769 2909 vel
1794 2878 1900 2908 con-

119 2954 247 3000 stitui
280 2954 469 3013 possint.
496 2982 552 2986 —-
575 2955 647 2999 55.
683 2958 920 3008 Quatenus
942 2952 1236 3007 affirmative,
1260 2965 1377 3010 quac
1401 2950 1460 2995 sit
1484 2962 1698 3008 praesens
1721 2961 1900 2992 earum-

117 3038 221 3083 dem
253 3037 526 3083 societatum
559 3036 762 3082 conditio
794 3041 841 3082 et
872 3051 931 3081 an
956 3034 1285 3081 reformatione
1310 3033 1559 3091 indigeant.
1585 3057 1643 3064 —
1667 3032 1737 3075 54.
1763 3033 1828 3074 An
1853 3029 1900 3073 in

653 0 861 20 ἰ’,ἰιξ-’ννο--,·
951 0 1155 23 υἷι-ρ’ςν,
1197 0 1209 4 -
1330 0 1358 10 -r
1388 0 1569 15 g-r-w---gn
1605 0 1651 16 vj-
1719 0 1723 3 -
1757 7 1767 11 ,,
1792 0 1848 11 y..
1871 0 1890 19 ⁷—-
1999 4 2007 8 ,
2030 6 2036 9 ,
2077 0 2093 18 3

726 32 729 33 γ
1009 22 1034 34 “-
1168 32 1171 33 γ
1586 19 1590 29 3
2069 21 2074 30 1
