2176 3386
269 173 348 213 222
941 184 1051 213 PARS
1081 184 1121 213 11.
1155 184 1214 213 DE
1242 183 1381 214 REBUS

269 292 411 338 etiam
447 293 491 337 in
525 293 683 348 sacris,
709 292 746 337 si
767 294 919 353 aliqua
943 293 1192 340 necessitas
1222 293 1356 339 adsit.
1394 295 1452 339 At
1475 305 1581 337 cum
1604 307 1786 352 semper
1816 293 2046 354 integrum

274 382 460 422 maneat
505 377 575 422 ius
619 377 828 422 naturale
859 381 906 422 et
938 378 1177 433 divinum,
1213 377 1261 423 in
1304 392 1394 438 quo
1431 378 1555 423 nulla
1588 382 1658 423 est
1688 381 1888 437 potestas
1932 391 2050 438 quae

270 459 519 519 dispenset,
558 475 642 506 nec
676 459 764 505 ulla
798 460 1100 507 conniventia
1132 475 1249 520 quae
1281 467 1488 518 excuset,
1523 476 1721 522 cumque
1754 463 1800 507 in
1834 462 1963 521 praxi
2000 462 2049 506 in

271 544 356 589 hac
400 545 821 591 communicatione
855 547 925 591 vel
974 547 1112 592 simul
1158 549 1314 592 omnia
1337 582 1347 602 ,
1383 547 1455 591 vel
1487 547 1649 592 saltem
1691 560 1835 592 unum
1877 551 1958 592 aut
1988 549 2049 592 al-

270 632 421 673 terum
455 642 513 673 ex
548 629 786 675 recensitis
808 630 1021 688 periculis
1042 636 1088 676 et
1113 631 1416 677 incommodis
1448 637 1710 688 concurrat,
1745 632 1852 677 hinc
1886 636 2049 678 Sacrae

270 713 432 768 Congr.
470 714 554 756 Un.
594 718 690 773 lnq.
726 719 772 758 et
806 713 927 759 Fidei
953 718 1082 772 Prop.
1119 718 1403 770 constanter,
1441 715 1680 774 propositis
1702 729 1727 760 a
1753 715 2049 761 Missionariis

271 797 540 852 praesertim
574 798 777 843 Orientis
810 801 1076 859 frequenter
1107 800 1302 855 casibus,
1338 801 1421 845 sub
1454 799 1594 845 variis
1625 800 1853 856 utilitatis,
1894 813 2048 845 neces·

270 876 435 933 sitatis,
473 879 658 937 periculi
697 882 995 926 vexationum
1029 887 1165 941 atque
1190 882 1520 940 persecutionis
1552 881 1927 938 circumstantiis,
1952 882 2048 942 qui-

270 965 354 1009 bus
387 963 652 1022 petebatur,
688 979 746 1008 an
781 965 1021 1010 catholicis
1054 964 1100 1008 in
1136 964 1190 1009 iis
1222 965 1381 1010 liceret
1412 979 1516 1010 cum
1552 965 1794 1010 haereticis
1827 965 1898 1009 vel
1931 965 2047 1010 schi-

270 1046 476 1091 smaticis
518 1046 562 1089 in
598 1046 769 1091 divinis
813 1048 1191 1103 communicare,
1227 1047 1480 1106 generatim
1530 1047 1865 1106 responderunt
1909 1067 1927 1088 u
1954 1061 2048 1092 non

270 1131 406 1174 licere
434 1149 470 1174 n.
511 1135 558 1175 ln
596 1135 728 1176 [nstr.
766 1137 923 1176 autem
961 1147 1038 1190 pro
1074 1132 1372 1177 Missionariis
1403 1131 1604 1177 Orientis
1636 1133 1725 1176 lata
1759 1146 1881 1176 anno
1918 1133 2046 1189 1729,

272 1216 312 1258 S.
350 1217 510 1271 Congr.
549 1214 642 1259 Fid.
682 1218 810 1273 l’rop.
849 1216 961 1260 haec
1001 1215 1139 1260 etiam
1174 1215 1373 1270 addidit,
1408 1215 1527 1274 quod
1563 1215 1640 1259 vix
1690 1213 1805 1259 ullus
1846 1215 1905 1259 sit
1937 1215 2050 1260 ritus

270 1298 388 1356 apud
430 1298 735 1343 heterodoxos
775 1300 845 1342 vel
881 1299 1231 1355 schismaticos,
1267 1299 1343 1359 qui
1378 1299 1529 1358 aliquo
1576 1313 1728 1343 errore
1772 1299 1818 1343 in
1858 1298 2048 1344 materia

270 1380 374 1425 fidei
408 1395 500 1425 non
536 1382 806 1426 maculetur.
862 1386 974 1427 Nam
1023 1397 1183 1427 eorum
1231 1382 1448 1427 ecclesiae
1484 1382 1554 1426 vel
1586 1383 1762 1427 dicatae
1795 1388 1902 1427 sunt
1933 1383 2049 1428 schi-

273 1465 479 1509 smaticis
512 1470 557 1509 ct
591 1464 848 1520 haereticis,
873 1479 986 1524 quos
1020 1470 1070 1509 ut
1102 1470 1286 1510 sanctos
1322 1471 1619 1522 venerantur,
1647 1466 1718 1510 vel
1741 1466 1902 1510 horum
1937 1465 2048 1511 ima-

271 1548 398 1606 gines
436 1552 572 1607 atque
608 1548 820 1607 reliquias
852 1549 1047 1604 habent,
1086 1549 1160 1594 vel
1205 1549 1371 1594 ibidem
1408 1551 1519 1594 festa
1556 1550 1600 1594 in
1634 1563 1794 1595 eorum
1826 1550 2047 1595 honorem

271 1633 578 1686 celebrantur,
614 1632 683 1676 vel
717 1632 913 1692 denique
947 1632 1083 1677 iidem
1120 1633 1163 1677 in
1189 1634 1329 1678 sacris
1363 1633 1556 1692 liturgiis
1587 1633 1708 1677 inter
1730 1639 1913 1678 sanctos
1944 1648 2047 1678 cen-

270 1720 445 1761 sentur.
500 1720 739 1761 Praeterea
775 1716 821 1761 in
857 1717 1015 1762 iisdem
1049 1717 1244 1775 liturgiis
1291 1717 1671 1762 commemoratio
1705 1717 1754 1761 lit
1787 1717 2048 1762 viventium

274 1801 597 1859 Episcoporuin
632 1806 677 1844 et
712 1801 1098 1856 patriarcharum,
1133 1802 1210 1861 qui
1244 1801 1524 1846 schismatici
1563 1803 1632 1846 vei
1669 1802 1885 1846 haeretici
1921 1807 2045 1858 sunt,

271 1884 391 1944 iique
426 1889 660 1944 tamquam
695 1885 854 1929 eximii
887 1887 1170 1930 orthodoxae
1205 1885 1305 1930 fidei
1342 1885 1678 1944 praedicatores
1710 1885 1968 1929 laudantur.

396 1970 519 2013 1106.
557 1968 634 2013 His
670 1983 779 2013 vero
814 1969 1051 2028 principiis
1085 1969 1246 2014 innixa
1271 1972 1392 2014 Sacr.
1420 1968 1557 2013 Univ.
1584 1973 1681 2027 Inq.
1710 1968 1723 1992 ¹
1758 1968 1888 2013 iussit
1913 1967 2047 2013 scribi

273 2053 491 2111 Episcopo
525 2051 742 2109 'l'ribigni,
779 2057 829 2095 ut
864 2071 881 2091 a
911 2052 1099 2095 mandet
1131 2052 1368 2096 catholicis
1398 2052 1479 2096 sibi
1514 2052 1704 2096 subditis
1737 2066 1795 2096 ne
1827 2052 2049 2097 accedant

271 2136 326 2180 ad
351 2135 512 2180 missas
545 2139 590 2179 et
622 2134 707 2179 alia
733 2135 878 2179 officia
911 2135 1071 2179 divina
1097 2134 1143 2179 in
1168 2135 1370 2179 ecclesiis
1403 2134 1819 2190 schismaticorum,
1845 2134 2045 2179 eosdem-

271 2233 358 2278 que
410 2222 597 2263 moneat
637 2218 680 2262 in
716 2231 822 2263 casu
872 2219 1105 2263 carentiae
1157 2219 1320 2263 missae
1368 2218 1725 2273 catholicorum,
1765 2231 1856 2262 non
1901 2217 2048 2262 teneri

274 2308 514 2361 praecepto
551 2303 734 2347 missam
769 2302 982 2346 audiendi
1011 2321 1048 2345 n.
1087 2302 1352 2347 petentibus
1388 2317 1494 2347 vero
1530 2305 1607 2347 PP.
1645 2302 2048 2360 Capuccinis'Con-

272 2387 567 2445 stantinopoli
600 2386 895 2444 degentibus,
931 2400 989 2431 an
1024 2385 1216 2431 citatum
1256 2386 1491 2431 decretum
1534 2385 1862 2430 extenderetur
1907 2385 2046 2429 etiam

272 2472 327 2516 ad
361 2472 475 2526 loca,
511 2470 557 2514 in
591 2470 755 2529 quibus
788 2483 879 2514 non
916 2469 1207 2527 reperiuntur
1239 2469 1498 2513 sacerdotes
1530 2468 1759 2523 catholici,
1786 2472 1831 2513 et
1863 2468 1916 2512 de
1950 2482 2047 2512 ora-

272 2554 474 2599 tionibus
508 2553 619 2598 nihil
653 2557 813 2598 contra
849 2552 983 2597 fidem
1007 2556 1052 2596 et
1075 2552 1215 2596 ritum
1249 2551 1527 2596 catholicum
1551 2550 1896 2596 continentibus
1931 2553 2050 2594 esset

272 2638 639 2695 intelligendum,
674 2636 834 2681 eadem
873 2637 991 2679 Sacr.
1026 2638 1188 2692 Congr.
1240 2633 1468 2692 rescripsit
1504 2654 1523 2674 a
1551 2632 1833 2679 Affirmative
1859 2650 1878 2672 n
1918 2632 1991 2676 die
2022 2631 2048 2676 7

273 2736 374 2779 aug.
416 2722 548 2778 17043
593 2721 845 2779 eodemque
887 2719 1021 2764 modo
1060 2719 1116 2764 ad
1149 2718 1314 2763 similia
1362 2717 1495 2763 dubia
1531 2716 1764 2775 respondit
1810 2715 1882 2761 die
1914 2718 1939 2761 6
1972 2729 2048 2760 au·
2107 2771 2110 2773 Δ

274 2805 406 2862 gusti·
430 2806 558 2860 1710,
594 2819 710 2864 quae
742 2804 799 2849 ab
832 2803 1044 2849 Armenis
1076 2802 1314 2847 catholicis
1346 2803 1531 2847 fuerant
1564 2800 1808 2860 proposita.

397 2889 524 2933 1107.
564 2888 730 2933 Eadem
756 2890 876 2932 Sacr.
898 2890 1059 2944 Congr.
1087 2885 1158 2930 die
1185 2886 1238 2930 10
1260 2884 1367 2930 maii
1396 2885 1507 2929 1770
1530 2883 1736 2929 decrevit
1770 2902 1790 2924 u
1816 2879 2050 2928 catholicis
2075 2891 2077 2895 ’

395 3055 404 3073 ¹
433 3054 498 3090 Die
524 3054 547 3090 5
573 3054 650 3091 dec.
679 3053 786 3090 1668.v
