2176 3386
765 0 776 12 ῗ
794 0 983 28 ‘agre-“fl-
996 0 1101 26 Γχῗτκὶ
1122 0 1130 9 ·,
1147 0 1167 5 '⁷
1180 0 1404 36 *Rs-,W

912 28 950 54 '3
1022 31 1023 35 ¹
1205 26 1237 43 ²?
1327 25 1369 41 ’.Ι
1403 35 1442 43 .,
1494 37 1517 48 Δ..
1552 31 1697 68 ῑγλιγηι

251 166 334 207 218
897 176 1007 206 PARS
1037 177 1062 206 1.
1098 177 1155 206 DE
1184 175 1395 206 PERsoms
2152 152 2176 219 F}

252 300 384 348 psum
417 289 616 344 tempus,
647 285 703 330 ad
735 284 856 344 quod
888 284 1209 330 conceduntur
1230 284 1473 328 facultates
1495 283 1874 341 (Formularum),
1895 285 2034 330 etiam

252 372 440 416 valeant
471 383 579 415 casu
611 383 702 429 quo
733 368 832 413 sine
865 381 945 413 sua
978 368 1112 427 culpa
1145 381 1303 412 earum
1338 367 1597 425 prorogatio
1619 367 1758 412 dilata
1781 367 1935 424 fuerit,
1961 369 2035 413 Sa·

249 468 326 499 cra
359 457 521 511 Congr.
560 453 652 498 Fid.
688 456 818 510 Prop.
854 452 927 496 die
963 452 1014 496 16
1049 455 1145 495 lan.
1187 450 1298 494 1797
1332 449 1582 507 respondit,
1620 451 1772 495 valere
1805 463 1947 509 usque
1979 450 2035 495 ad

250 550 400 582 novae
435 536 768 595 prorogationis
801 535 1190 592 impetrationem.
1229 537 1324 577 Hoc
1357 536 1516 577 tamen
1541 545 1803 590 responsum
1827 546 1919 577 non
1943 534 2034 577 suf-

250 621 457 678 fragatur
491 619 726 677 Episcopo,
762 616 839 677 qui
873 615 1081 661 omiserit
1115 614 1481 673 prorogationem
1521 615 1795 672 tempestive
1839 614 2034 672 postula·

251 718 314 748 re.
353 729 405 735 —
440 705 629 747 Cessant
661 700 801 746 etiam
835 699 1079 744 facultates
1111 711 1357 743 concessae
1397 697 1454 742 ad
1494 701 1673 742 certum
1715 711 1906 743 casuum
1950 712 2033 742 nu-

251 802 448 842 merum,
486 799 678 830 numero
711 784 787 828 illo
820 784 1062 839 exhausto,
1099 787 1306 839 tempore
1339 781 1445 827 licet
1482 782 1687 827 nondum
1730 783 1908 841 elapso,
1955 786 2034 826 aut

249 869 401 926 elapso
434 874 659 925 tempore,
697 880 889 910 numero
924 866 1030 910 licet
1064 866 1270 911 nondum
1305 865 1580 910 exhausto¹.
1635 869 1824 910 Cessaut
1854 878 2034 924 quoque

252 955 375 1011 (cum
409 966 467 996 ex
502 955 657 996 mente
691 952 732 994 S.
771 949 894 994 Sedis
927 953 1053 994 certo
1086 949 1180 993 sint
1214 950 1507 1007 personales),
1555 952 1751 993 vacante
1787 962 1866 1006 per
1917 962 2033 993 mor-

247 1043 342 1082 tem
380 1035 584 1094 Episcopi
618 1033 724 1078 sede
757 1031 1019 1091 episcopali,
1055 1032 1084 1077 i.
1122 1046 1161 1077 e.
1199 1046 1292 1076 non
1335 1036 1579 1077 transeunt
1624 1032 1680 1076 ad
1723 1045 2033 1077 successorem

249 1135 306 1165 ne
339 1135 419 1179 pro
452 1123 659 1176 tempore
691 1117 876 1176 quidem
912 1132 991 1175 per
1023 1117 1144 1176 quod
1176 1122 1256 1161 aut
1290 1131 1368 1175 pro
1402 1130 1596 1162 numero
1629 1117 1688 1183 ad·
1726 1131 1862 1176 quem
1909 1131 2033 1176 prae-

246 1204 472 1258 decessor,
508 1202 543 1246 si
579 1207 808 1260 superstes
841 1202 975 1255 foret,
1011 1202 1076 1244 eis
1122 1201 1271 1244 adhuc
1313 1200 1379 1244 uti
1425 1203 1599 1258 posset:
1646 1200 1736 1244 imo
1779 1214 1836 1244 ex
1879 1204 2032 1245 mente

249 1290 289 1332 S.
327 1287 453 1332 Sedis
485 1289 668 1330 cessant
700 1300 991 1345 quocumque
1026 1285 1161 1330 modo
1198 1286 1444 1344 Episcopus
1475 1285 1679 1330 officium
1713 1299 1846 1330 suum
1870 1286 2032 1332 amise-

248 1369 321 1413 rit.
359 1370 470 1414 Sede
503 1374 660 1414 autem
686 1384 765 1428 per
789 1374 984 1414 mortem
1014 1368 1217 1427 Episcopi
1244 1373 1457 1425 vacante,
1483 1369 1763 1414 attendenda
1786 1374 1895 1414 sunt
1916 1384 2032 1429 quae

246 1450 365 1496 infra
399 1452 605 1497 dicemus
640 1451 682 1495 in
719 1455 823 1510 Cap.
862 1454 934 1497 IV.
974 1452 1236 1496 Notandum
1282 1465 1392 1496 vero
1434 1466 1514 1510 per
1561 1455 1756 1496 mortem
1803 1452 2033 1497 Pontificis

246 1547 323 1579 eas
356 1535 598 1578 facultates
632 1548 725 1579 non
758 1547 952 1578 cessare.

365 1620 465 1663 275.
505 1619 568 1663 Ad
592 1619 730 1663 haec:
768 1620 1009 1663 facultates
1033 1617 1145 1663 istae
1168 1617 1308 1675 gratis
1330 1622 1439 1662 sunt
1467 1619 1770 1674 exercendae,
1795 1622 1842 1664 et
1862 1619 2032 1678 absque

245 1703 429 1762 speciali
464 1704 640 1747 indulto
674 1703 957 1761 subdelegari
983 1716 1073 1747 non
1100 1706 1304 1762 possunt.

365 1789 557 1840 Quando
593 1800 702 1831 vero
745 1786 790 1830 in
838 1788 1047 1831 Formula
1091 1786 1274 1830 additur
1314 1786 1585 1845 Episcopum
1629 1787 1924 1832 facultatibus
1965 1786 2031 1831 uti

246 1884 337 1914 non
372 1883 501 1927 posse
535 1877 670 1916 emera
703 1871 820 1928 lines
850 1885 965 1916 suae
997 1871 1256 1926 dioeceseos,
1283 1870 1569 1928 significatur
1590 1870 1822 1915 subditum
1845 1870 2030 1929 quidem

244 1965 342 1998 esse
374 1952 539 1997 debere
573 1952 618 1997 in
652 1952 866 2008 dioecesi,
902 1967 1007 1998 cum
1043 1953 1141 1997 eius
1175 1954 1332 1998 favore
1369 1953 1613 2011 Episcopus
1645 1952 1791 1997 utitur
1814 1953 2030 1998 facultate

243 2034 325 2079 sibi
359 2047 593 2090 concessa,
633 2049 725 2079 non
762 2050 870 2080 vero
908 2036 1177 2095 Episcopum
1197 2036 1228 2080 ².

364 2119 447 2162 Sed
481 2123 619 2177 caput
653 2118 943 2176 potissimum
978 2118 1024 2163 in
1058 2133 1148 2178 quo
1180 2118 1385 2176 delegata
1420 2119 1626 2177 Episcopi
1651 2123 1850 2177 potestas
1881 2132 1928 2164 se
1951 2134 2029 2164 ex-

243 2200 354 2246 serit
387 2201 495 2245 illud
530 2206 615 2258 est,
651 2202 772 2261 quod
805 2202 861 2247 ad
894 2207 1137 2261 exemptos
1169 2206 1216 2246 et
1249 2202 1518 2260 praesertim
1552 2202 1608 2247 ad
1642 2202 1873 2259 religiosos
1906 2202 2030 2248 viros

363 2399 372 2418 ¹
402 2400 435 2436 S.
463 2400 598 2445 Congr.
627 2399 705 2436 Fid.
732 2400 840 2446 Prop.
870 2399 914 2434 10
942 2400 1037 2445 Aug.
1070 2399 1171 2436 1841.

363 2471 375 2489 ³
403 2471 437 2507 S.
467 2471 573 2507 Univ.
600 2471 679 2517 Inq.
704 2471 725 2507 2
753 2472 838 2507 Maii
868 2471 970 2508 1877.
998 2471 1115 2518 Igitur
1134 2473 1168 2508 vi
1195 2471 1303 2509 istius
1321 2471 1511 2508 clausulae
1532 2481 1721 2517 personae,
1738 2481 1895 2517 quarum
1914 2471 2028 2507 favori

242 2544 434 2581 facultates
461 2544 623 2580 exerceri
651 2549 817 2589 possunt,
846 2544 884 2580 in
909 2544 1071 2581 dioecesi
1098 2544 1273 2590 Episcopi
1298 2544 1361 2590 qui
1390 2544 1562 2580 facultate
1590 2544 1789 2581 instructus
1817 2548 1882 2585 ost,
1901 2542 1958 2579 vel
1977 2551 2030 2579 sa-

241 2615 401 2651 cerdotis
427 2615 486 2651 cui
513 2624 557 2651 ea
584 2614 652 2651 fuit
677 2615 856 2660 delegata,
884 2615 1113 2652 domicilium
1141 2615 1199 2651 vel
1226 2615 1331 2661 quasi
1358 2615 1585 2652 domicilium
1611 2615 1748 2652 habere
1774 2615 1919 2652 debent.
1955 2613 2030 2651 Va-

241 2694 374 2731 gorum
401 2686 510 2722 etiam
539 2685 655 2722 favori
684 2686 848 2723 exerceri
876 2691 1042 2732 possunt.
1090 2685 1182 2723 Sunt
1219 2687 1310 2723 haec
1337 2686 1452 2733 probe
1478 2687 1701 2724 attendenda
1726 2696 1748 2722 a
1773 2686 2029 2730 missionariis‚

240 2757 594 2803 quibus-facultates
622 2758 958 2800 communicantur,
987 2766 1032 2793 ne
1060 2758 1097 2793 in
1124 2757 1297 2794 tribunali
1325 2758 1573 2804 poenitentiae
1602 2757 1646 2794 iis
1673 2761 1821 2794 utantur
1850 2766 1939 2802 erga
1971 2766 2030 2802 pe-

241 2829 409 2875 regrinos
435 2829 482 2865 ad
508 2829 610 2875 ipsos
634 2829 867 2866 accedentes.
894 2829 1106 2868 Notandum
1132 2835 1256 2866 tamen
1281 2834 1337 2867 est
1363 2830 1462 2876 quod
1488 2829 1559 2873 ille,
1586 2829 1626 2865 in
1651 2830 1758 2866 cuius
1784 2829 1946 2866 favorem
1977 2828 2028 2864 fa·

240 2901 359 2938 cultas
385 2900 511 2946 aliqua
538 2906 739 2944 exercetur,
766 2901 876 2938 debet
902 2901 1060 2939 existere
1086 2902 1124 2938 in
1151 2901 1312 2938 dioecesi
1341 2901 1551 2938 facultatem
1577 2901 1749 2938 habentis
1775 2910 1819 2937 eo
1839 2903 2026 2937 momento

240 2981 314 3018 quo
341 2972 412 3018 ipsi
438 2981 483 3008 ea
510 2972 726 3018 impertitur,
754 2982 830 3009 non
856 2982 943 3009 vero
959 2983 1003 3010 eo
1030 2977 1219 3010 momento
1245 2982 1319 3019 quo
1347 2973 1426 3019 ipse
1461 2973 1546 3009 data
1579 2971 1651 3009 sibi
1690 2971 1861 3009 facultate
1899 2971 2025 3008 utitur.

241 3043 277 3080 S.
303 3043 411 3080 Univ.
439 3042 518 3090 Inq.
546 3044 625 3081 Fer.
653 3044 715 3086 IV.
743 3042 790 3079 22
815 3046 908 3082 Nov.
935 3043 1028 3081 1865
1054 3044 1099 3081 ad
1123 3042 1155 3081 2.
1183 3049 1218 3081 et
1245 3043 1278 3080 3.
1305 3044 1363 3081 Ab
1390 3044 1459 3080 hac
1485 3043 1614 3090 regula
1638 3042 1807 3080 nonnulli
1835 3042 2027 3088 excipiunt
