2176 3386
870 0 966 18 s-z'ms
979 0 1042 10 τιν
1063 0 1098 10 ,ν
1134 0 1166 18 3.-
1204 0 1252 18 n·
1296 10 1302 12 ἡ
1350 0 1354 1 ⁷
1371 0 1451 20 *rr-K:

222 166 299 206 168
863 174 974 203 PARS
1002 174 1028 204 1.
1062 174 1118 202 DE
1147 173 1359 203 masonis

219 284 396 329 litteras
412 298 492 330 seu
509 284 621 329 alias
637 297 950 343 quascumque
968 296 1127 327 eorum
1149 281 1394 336 missionis,
1412 280 1752 337 destinationis,
1778 281 1999 326 constitu-

220 367 361 412 tionis
394 372 440 412 et
472 366 782 425 deputationis
815 365 1082 421 exhibeant,
1118 364 1263 423 iisque
1296 364 1372 423 qui
1406 377 1483 408 eas
1511 362 1728 408 exhibere
1760 377 2000 408 recusate-

221 450 328 506 rint,
364 447 603 509 tamquam
642 449 766 494 Sedis
802 447 1084 507 ‚apostolicae
1126 447 1320 504 delegati
1367 446 1632 504 prohibere,
1671 460 1727 491 ne
1759 445 2002 491 facultates

212 533 303 586 ,sibi
347 547 425 591 per
457 533 632 578 litteras
666 531 926 576 huiusmodi
966 543 1206 575 concessas
1228 532 1493 574 exerceant.
1534 530 1777 587 Regulares
1809 543 1918 574 vero
1952 529 2001 573 li-

220 615 422 661 centiam
466 614 710 660 exercendi
755 614 996 670 facultates
1031 617 1186 671 petere
1219 615 1439 656 tenentur
1470 612 1527 656 ab
1559 610 1718 656 iisdem
1773 611 2002 670 Episcopis

223 699 416 744 Vicariis
452 698 736 757 Apostolicis,
762 711 898 756 quam
934 702 1090 741 tamen
1126 695 1207 753 ipsi
1242 696 1467 753 denegare
1502 709 1593 740 non
1627 695 1811 750 dehent,
1837 694 1923 739 nisi
1954 695 1998 739 in

221 796 326 827 casu
362 781 514 840 gravis
548 795 712 826 causae
745 794 849 824 cum
884 777 1245 836 Congregatione
1281 778 1373 822 Fid.
1404 781 1531 836 Prop.
1569 777 1997 822 communicandae.

222 871 412 924 Insuper
453 864 784 924 praescriptum
837 867 935 918 est,
972 875 1100 919 posse
1140 862 1197 906 ab
1236 861 1301 906 eis
1333 862 1432 919 cogi
1478 861 1720 919 Regulares
1752 862 1807 905 ad
1843 875 2000 906 curam

221 950 482 995 animarum
517 948 825 993 exercendam
869 947 1050 991 defectu
1095 946 1385 990 sacerdotum
1419 944 1750 989 saecularium:
1797 948 1842 988 et
1875 958 2002 1002 regu-

222 1034 354 1088 lares,
389 1033 465 1091 qui
503 1032 633 1075 titulo
668 1030 1063 1075 missionariorum
1087 1043 1246 1074 curam
1270 1029 1532 1073 animarum
1567 1027 1867 1081 exercebunt,
1899 1028 2002 1072 sub-

222 1116 364 1161 iectos
396 1129 492 1160 esse
537 1114 685 1173 quoad
734 1113 879 1171 ipsam
924 1117 971 1157 et
1004 1111 1267 1156 functiones
1316 1110 1624 1168 parochiales,
1663 1109 1915 1154 visitationi
1957 1115 2004 1154 et

221 1198 495 1243 correctioni
522 1196 808 1241 vicariorum
836 1195 1216 1253 Apostolicorum,
1242 1198 1321 1238 aut
1349 1193 1753 1238 Pro-vicariorum.
1791 1195 1882 1236 Nec
1905 1192 2004 1237 sine

222 1283 406 1327 licentia
439 1294 616 1335 eorum,
643 1285 688 1324 et
713 1279 857 1323 multo
891 1278 1044 1322 minus
1066 1282 1227 1322 contra
1261 1291 1419 1322 eorum
1455 1277 1743 1320 voluntatem
1770 1275 1875 1319 licet
1897 1274 2004 1333 ipsis

222 1365 461 1409 aeditis-are
495 1368 541 1407 ct
573 1363 750 1421 aperire
797 1361 1019 1406 Ecclesias
1053 1361 1099 1404 in
1134 1360 1243 1405 locis
1275 1359 1350 1404 nbi
1386 1359 1467 1418 ipsi
1508 1360 1576 1402 xe!
1611 1357 1686 1402 alii
1729 1357 2002 1402 missionarii

222 1447 409 1492 alterius
441 1446 629 1501 ordinis,
667 1459 744 1490 seu
782 1444 1035 1503 presbyteri
1070 1444 1327 1488 saeculares
1359 1442 1570 1487 similiter
1615 1439 1888 1485 missionarii
1923 1444 2002 1485 Ec-

222 1531 382 1576 clesias
423 1530 635 1574 habeant.
690 1528 892 1587 Denique
928 1527 974 1571 vi
1008 1527 1209 1571 eiusdem
1252 1529 1406 1571 Const.
1445 1524 1753 1570 clementinae
1800 1523 2002 1581 Episcopi

223 1613 391 1658 Vicarii
428 1618 507 1670 Ap.
544 1615 736 1670 possunt
786 1615 1022 1669 tamquam
1072 1609 1196 1654 Sedis
1236 1608 1517 1667 Apostolicae
1562 1606 1755 1664 delegati
1794 1605 2003 1650 decidere

222 1697 514 1757 quaestiones
565 1697 685 1740 inter
718 1695 950 1752 religiosos
991 1698 1207 1748 exortas,
1249 1706 1386 1752 quas,
1423 1692 1458 1736 si
1506 1691 1740 1749 graviores
1786 1689 1903 1745 sint,
1947 1691 2000 1734 ad

224 1785 265 1827 S.
303 1782 463 1826 Sedein
497 1781 674 1825 deferre
720 1783 969 1835 tenentum
1015 1777 1210 1835 religiosi
1243 1781 1399 1821 autem
1444 1776 1612 1820 debent
1645 1774 1870 1819 rationem
1906 1774 2003 1818 red-

225 1867 330 1910 dere
366 1864 555 1909 Vicariis
590 1864 932 1922 reposcentibus
957 1862 1134 1921 piarum
1170 1862 1483 1914 voluntatum,
1519 1859 1554 1903 si
1587 1859 1791 1916 deputati
1825 1858 1917 1901 sint
1948 1857 2003 1901 ad

223 1963 299 1994 eas
331 1949 640 2007 exequendas.

342 2033 442 2076 ⁹222.
483 2035 617 2075 Porro
640 2029 894 2075 recensitae
931 2042 1119 2073 normae
1147 2028 1404 2072 declaratae
1426 2011 1618 2070 subinde
1641 2023 1824 2068 uberius
1856 2037 1908 2067 ac
1937 2022 2005 2066 in·

224 2115 420 2160 stantius
454 2114 710 2158 inculcatae
734 2115 923 2157 fuerunt
955 2115 1089 2169 prout
1111 2111 1324 2155 subortae
1357 2108 1647 2153 ditlicultates
1675 2119 1728 2151 ac
1760 2105 2003 2150 dubitatio-

226 2210 306 2241 nes
329 2197 662 2240 declarationes
685 2195 802 2253 ipsas
827 2193 1151 2253 requisierunt.
1190 2192 1306 2236 Hinc
1329 2205 1452 2236 anno
1477 2191 1588 2236 1677
1615 2192 1711 2234 Sac.
1739 2191 1878 2246 Cong.
1913 2187 2004 2232 Fid.

226 2285 353 2338 Prop.
387 2279 543 2323 docuit
585 2278 728 2322 teneri
775 2276 1115 2331 missionarios,
1152 2290 1244 2320 non
1288 2273 1486 2319 exclusis
1530 2277 1606 2317 PP.
1651 2275 1751 2317 Soc.
1788 2275 1913 2326 lesu,
1948 2271 2002 2315 ad

225 2363 533 2408 obedientiam
569 2362 761 2406 vicariis
798 2360 1064 2419 Apostolicis
1099 2359 1408 2404 exhibendam
1441 2357 1588 2417 quoad
1634 2355 1789 2401 omnia
1825 2354 2005 2412 negotia

226 2447 497 2492 missionum
531 2445 833 2489 directionem
867 2443 1212 2489 concernentia.
1251 2445 1383 2487 Anno
1412 2441 1523 2486 ’1680
1555 2440 1610 2485 ad
1643 2438 1877 2499 quodlibet
1902 2437 2005 2482 sub-

227 2529 509 2574 movendum
543 2528 731 2572 dubium
766 2527 914 2586 quoad
947 2526 1303 2584 dependentiam
1338 2524 1482 2583 ipsam
1523 2522 1835 2580 religiosorum
1869 2535 1894 2564 a
1928 2523 2006 2564 Su-

227 2611 480 2671 perioribus
515 2610 811 2668 regularibus,
850 2609 1106 2667 Apostolica
1141 2609 1275 2653 Sedes
1307 2606 1514 2653 decrevit
1536 2605 1655 2664 quod
1677 2603 1891 2664 quamvis
1924 2602 2006 2660 ipsi

226 2695 375 2755 quoad
409 2695 664 2752 regularem
698 2693 987 2751 disciplinam
1021 2692 1276 2737 subdantur
1307 2689 1492 2735 Ordinis
1525 2687 1856 2746 Superioribus,
1891 2690 2006 2731 atta-

229 2793 336 2824 men
369 2778 633 2837 Superiores
657 2781 892 2836 nequeunt
914 2789 991 2820 eos
1022 2791 1046 2820 a
1084 2775 1298 2820 Missione
1323 2786 1561 2818 removere
1585 2772 1754 2830 absque
1779 2782 2006 2816 consensu

228 2862 469 2921 respectivi
507 2860 673 2905 Vicarii
710 2859 969 2918 Apostolici.
1021 2862 1152 2904 Anno
1197 2859 1300 2902 1701
1350 2857 1517 2902 iterum
1560 2854 1886 2900 confirmatum
1920 2856 2005 2907 est,
2046 2871 2051 2875 ·

232 2945 544 2991 Missionarios
578 2943 716 2988 relate
739 2943 796 2987 ad
818 2941 1266 2987 administrationem
1300 2943 1697 3004 sacramentorum
1718 2940 1766 2982 et
1786 2935 1873 2981 alia
1907 2935 2008 2980 mis-

228 3028 371 3074 sionis
402 3028 566 3083 officia,
603 3026 867 3072 immediate
899 3025 1082 3069 subesse
1115 3027 1213 3070 Sac.
1249 3020 1599 3081 congregationi
1645 3020 1736 3066 Fid.
1772 3024 1899 3079 Prop.
1934 3019 2007 3063 vel

2152 1668 2176 1720 -.·„·=-'.=
2159 1614 2176 1660 m.
2156 1555 2176 1606 *w
2156 1401 2176 1551 marm-vn.
2158 1373 2176 1388 τ.

2149 2287 2176 2504 .¹.⁴-w·‘·¹-·4*⁴<,1··
2167 2259 2170 2262 .
2160 2202 2176 2232 st.
2160 2156 2168 2173 υ-
2167 2130 2171 2131 ,
2173 2094 2176 2095 ¹
2156 1965 2159 1970 ·
2156 1893 2171 1900 ς
