2176 3386
777 194 907 223 Lmen
935 195 960 222 1.
995 194 1052 222 DE
1081 194 1275 223 CLEmms
1842 184 1918 225 251

531 369 549 415 g
575 370 608 405 3.
638 389 679 394 —
708 369 766 404 De
793 368 1065 415 applicatione
1093 367 1236 404 Missae
1258 379 1335 415 pro
1358 369 1519 415 populo.
1548 342 1556 352 ²

255 485 356 529 285.
394 486 629 527 'tenentur
665 480 867 539 Episcopi
894 479 1079 524 missam
1105 493 1183 538 pro
1209 480 1372 539 populo
1395 481 1623 539 applicare
1657 481 1790 541 idque
1818 489 1917 540 post

131 569 342 626 adeptam
377 565 708 625 possessionem
742 562 1010 608 ecclesiae¹.
1048 564 1175 608 Circa
1200 564 1318 608 hanc
1352 563 1676 621 obligationem
1702 568 1918 611 Summus

134 650 346 696 Pontifex
381 653 467 694 Leo
501 652 614 693 Xlll.
651 648 843 692 Constit.
880 647 970 690 lata
1005 645 1111 690 idib.
1152 646 1265 691 [unii
1305 646 1432 701 1885,
1459 647 1665 692 decrevit
1688 662 1850 694 omnes
1872 654 1918 693 et

131 733 332 792 singulos
368 731 608 791 Episcopos
640 743 930 790 quacumque
962 729 1185 787 dignitate
1218 730 1358 773 etiam
1407 729 1695 776 cardinalitia
1738 737 1914 788 auctos,

132 817 242 861 item
278 815 474 860 Abbates
508 811 872 858 iurisdictionem
905 810 1032 870 quasi
1067 810 1370 870 episcopalem
1406 811 1450 856 in
1485 814 1665 857 Clerum
1698 818 1745 858 et
1779 828 1917 873 popu-

131 899 226 943 lum
259 912 365 943 cuin
401 895 633 942 territorio
665 900 875 953 separato
909 894 1146 950 habentes,
1184 894 1229 939 in
1269 894 1517 941 Dominicis
1557 896 1747 956 aliisque
1790 898 1918 942 festis

131 982 290 1027 diebus
321 980 398 1041 qui
432 995 489 1025 ex
524 983 766 1038 praecepto
799 979 947 1023 adhuc
980 983 1228 1023 servantur
1259 983 1305 1023 et
1336 980 1411 1038 qui
1437 993 1493 1023 ex
1520 994 1713 1025 munero
1737 981 1916 1026 dierum

130 1066 352 1110 festorum
387 1064 442 1108 de
476 1068 719 1123 praecepto
751 1062 915 1107 sublati
950 1066 1074 1118 sunt,
1111 1063 1239 1107 omni
1272 1063 1538 1121 exiguitatis
1572 1064 1801 1109 redituum
1837 1080 1915 1110 ex-

127 1148 364 1193 cusatione
399 1151 591 1202 remota,
627 1146 682 1191 ad
708 1147 892 1191 Missam
919 1160 998 1204 pro
1022 1146 1185 1204 populo
1208 1146 1290 1190 sibi
1314 1148 1560 1193 commisso
1592 1150 1912 1194 celebrandam

126 1235 173 1276 et
204 1231 524 1292 applicandam
569 1229 730 1275 teneri.
782 1233 833 1273 Et
872 1229 926 1274 ad
970 1243 1158 1274 omnem
1198 1230 1533 1275 dubitationem
1582 1234 1913 1278 removendam

128 1316 380 1362 declaravit
413 1315 596 1360 eosdem
634 1314 875 1372 Episcopos
908 1318 953 1357 et
988 1313 1183 1358 Abbates
1215 1314 1322 1359 huic
1346 1316 1494 1359 officio
1516 1316 1626 1360 satis
1649 1330 1746 1361 esse
1772 1318 1915 1362 factu-

128 1414 200 1446 ros
234 1415 312 1459 per
344 1398 702 1444 celebrationem
738 1397 875 1442 unius
910 1397 1074 1442 missae
1110 1412 1188 1457 pro
1223 1399 1440 1443 universo
1476 1400 1640 1458 populo
1674 1400 1756 1444 sibi
1795 1414 1916 1446 com-

129 1484 282 1539 misso,
318 1482 498 1528 etiamsi
532 1482 644 1525 duas
678 1480 751 1525 vel
785 1481 935 1539 plures
967 1481 1197 1525 dioeceses
1229 1487 1273 1525 et
1313 1482 1518 1527 abbatias
1558 1497 1703 1542 aeque
1748 1484 1914 1542 princi·

127 1567 288 1626 paliter
321 1566 474 1611 unitas
507 1570 679 1623 regant.
714 1564 937 1619 Quamvis
969 1564 1093 1609 enim
1132 1568 1363 1610 Romanae
1387 1566 1771 1624 Congregationes
1793 1567 1912 1612 aliud

125 1650 416 1696 decreverint
448 1650 502 1695 de
536 1649 749 1694 Parochis
781 1649 893 1693 duas
930 1649 999 1692 vel
1035 1649 1184 1706 plures
1218 1649 1500 1707 parochiales
1532 1651 1748 1696 ecclesias
1770 1665 1914 1710 aeque

126 1733 439 1794 principaliter
471 1733 624 1777 unitas
668 1732 956 1790 regentibus⁷
1003 1732 1089 1776 alia
1138 1737 1294 1776 tamen
1337 1737 1406 1777 est
1451 1733 1782 1789 parochorum,
1827 1734 1912 1779 alia

129 1818 451 1877 Episcoporum
488 1817 618 1861 ratio.
656 1820 976 1874 Opportunum
1011 1818 1151 1860 etiam
1186 1816 1319 1860 (luxit
1352 1816 1583 1861 declarare
1609 1831 1700 1861 non
1726 1818 1913 1876 obligari

124 1903 179 1947 ad
214 1902 399 1947 missam
434 1915 514 1960 pro
548 1901 711 1960 populo
746 1900 1064 1945 celebrandam
1102 1900 1343 1958 Episcopos
1376 1901 1615 1956 'situlares‚
1652 1902 1707 1946 de
1749 1902 1914 1961 quibus

127 1985 318 2030 inferius
351 1984 594 2042 agendum.

246 2072 381 2112 Porro
418 2069 662 2125 Episcopus
693 2067 770 2126 qui
814 2066 1014 2110 officium
1066 2066 1252 2111 Parochi
1293 2071 1507 2122 exercet,
1554 2081 1645 2111 non
1690 2068 1914 2112 satisfacit

126 2150 406 2208 obligationi,
442 2164 530 2209 qua
564 2155 750 2194 tenetur
782 2151 839 2194 ob
872 2149 1019 2208 ipsum
1058 2149 1316 2208 parochiale
1349 2151 1568 2205 ollicium,
1605 2151 1912 2209 applicatione

128 2235 291 2279 missae
326 2249 404 2292 pro
438 2234 531 2279 suis
562 2234 859 2279 dioecesanis.
911 2234 1026 2279 Hinc
1068 2248 1146 2292 pro
1186 2235 1394 2292 paroecia
1437 2234 1804 2281 administranda
1839 2236 1912 2279 Vi-

126 2317 300 2364 carium
334 2318 468 2362 debet
501 2318 781 2363 constituere
816 2322 861 2363 et
895 2332 973 2376 per
1007 2318 1132 2363 illum
1166 2318 1301 2363 debet
1340 2320 1604 2364 satisfacere
1643 2319 1909 2378 obligationi

126 2402 288 2446 missae
315 2416 395 2460 pro
415 2402 594 2460 populo.
619 2402 1094 2447 Animadvertendum
1117 2408 1272 2447 tamen
1299 2403 1426 2448 iuxta
1446 2408 1599 2449 Const.
1625 2405 1788 2448 Bened.
1812 2407 1909 2450 xiv

132 2487 239 2529 Cum
263 2499 444 2543 semper
475 2486 652 2531 oblatas
675 2486 934 2530 huiusmodi
959 2486 1111 2531 oneris
1135 2486 1362 2532 rationem
1388 2487 1643 2532 habendam
1678 2502 1775 2533 esse
1800 2488 1910 2533 dum

126 2567 272 2613 cidem
307 2583 509 2626 congrua
543 2569 763 2613 statuitur
781 2568 810 2612 ²³.

243 2655 354 2697 Cum
392 2665 499 2695 vero
533 2652 780 2710 Episcopus
813 2652 859 2696 in
893 2653 1043 2712 aliqua
1081 2658 1277 2698 vacante
1310 2667 1420 2698 cura
1455 2652 1578 2698 vices
1613 2653 1802 2698 Parochi
1836 2668 1907 2711 ge-

127 2732 200 2788 rit,
235 2747 375 2778 onere
409 2748 501 2779 non
536 2734 760 2792 premitur
793 2735 978 2780 missam
1012 2735 1269 2794 applicandi
1306 2750 1383 2793 pro
1409 2735 1494 2781 illis
1518 2735 1817 2794 paroecianis,
1843 2740 1908 2780 et-

125 2817 248 2862 enim
283 2818 368 2863 hoc
403 2820 448 2863 in
481 2833 589 2864 casu
622 2819 732 2864 satis
764 2820 851 2865 erit
885 2820 1033 2879 ipsum
1066 2821 1227 2866 diebus
1259 2820 1443 2866 statutis
1466 2821 1653 2865 missam
1677 2819 1906 2878 applicare

242 2979 251 2998 ¹
282 2980 318 3016 S.
345 2980 414 3018 Rit.
440 2981 574 3027 Congr.
603 2981 647 3017 12
672 2982 764 3019 Nov.
794 2982 896 3019 1821.

239 3051 252 3070 ¹
278 3051 311 3088 S.
338 3051 472 3098 Congr.
503 3052 580 3090 Fid.
607 3053 714 3099 Prop.
741 3054 887 3091 decreto
914 3054 974 3091 die
1000 3053 1046 3089 23
1073 3055 1194 3090 Martii
1224 3054 1324 3090 1865.
