2176 3386
268 145 354 185 426
919 155 1030 185 PARS
1060 157 1086 184 1.
1119 157 1175 184 DE
1204 155 1414 185 PERsoms

273 263 568 321 simplicium.
606 266 749 323 Super
780 265 914 310 modo
946 269 1101 310 autem
1135 263 1345 310 scrutinii
1378 263 1622 322 peragendi
1655 263 1894 323 sequentia
1925 277 2052 323 prae-

273 345 552 392 scribuntur.

392 432 507 474 Octo
555 430 813 475 habeantur
854 430 899 474 in
933 429 1136 489 qualibet
1169 429 1407 488 provincia
1440 429 1806 485 examinatores,
1856 443 2049 489 quorum

273 510 448 569 primus
480 512 781 557 Provincialis
814 513 916 567 erit,
952 513 1028 572 qui
1077 513 1131 557 de
1164 512 1461 557 admittendis
1509 512 1562 557 ad
1598 513 1802 557 habitum
1852 512 2053 572 inquiret

266 594 528 638 >secundum
577 608 729 640 sacros
773 608 974 640 canones
1005 609 1058 639 ac
1094 595 1271 654 propria
1320 597 1526 649 Statuta,
1562 595 1729 654 quique
1777 596 2052 644 documenta

266 679 430 723 omnia
463 693 487 723 a
522 679 858 736 postulantibus
906 679 1139 730 exhibita,
1174 683 1220 723 et
1252 693 1368 738 quae
1402 678 1495 736 ipse
1528 677 1711 723 aliunde
1743 678 1827 722 sibi
1871 692 2052 737 compa-

276 777 375 807 rare
410 762 624 820 potuerit,
658 762 803 807 tribus
835 763 995 807 saltem
1031 776 1088 806 ex
1123 761 1480 820 provincialibus
1511 761 1905 805 examinatoribus
1935 761 2052 806 serio

275 846 595 903 perpendenda
629 846 906 899 committet,
927 844 1126 890 exclusis
1158 844 1212 889 iis
1244 844 1320 903 qui
1358 843 1691 902 postulantibus
1723 843 2051 901 consanguinei

274 929 345 972 vel
381 929 539 972 affines
572 933 741 972 essent.

396 1011 574 1056 [ndicto
608 1010 837 1055 examinis
869 1010 957 1065 die,
984 1010 1279 1055 Provincialis
1311 1014 1357 1054 et
1389 1009 1550 1054 delecti
1593 1010 1649 1054 ab
1681 1024 1734 1053 eo
1767 1008 2051 1053 examinato-

272 1108 345 1138 res
378 1094 677 1148 convenient,
715 1098 760 1138 et
794 1093 1010 1152 praestito
1043 1108 1067 1138 a
1103 1093 1293 1151 singulis
1341 1093 1601 1136 iuramento
1633 1092 1687 1136 de
1722 1105 1912 1136 munere
1948 1091 2052 1135 tide-

273 1176 378 1220 litcr
411 1176 719 1234 adimplendo,
760 1177 1066 1235 postulantem
1101 1175 1389 1230 examinent,
1425 1189 1568 1234 eoque
1611 1174 1813 1229 dimisso,
1849 1173 1945 1218 eius
1977 1173 2052 1217 do-

271 1265 518 1314 cumenta,
555 1260 799 1319 qualitates
831 1266 877 1305 et
911 1260 1159 1319 requisita,
1195 1259 1420 1317 sagaciter
1464 1259 1756 1317 expendant,
1804 1264 1849 1302 et
1890 1258 2054 1303 deinde

272 1347 449 1388 secreto
498 1343 710 1401 suffragia
762 1345 926 1388 ferant.
968 1348 1049 1388 Pro
1083 1344 1180 1388 eius
1226 1342 1501 1389 admissione
1551 1343 1809 1387 declaratur
1847 1342 2053 1386 sufficere

276 1431 490 1471 votorum
529 1426 824 1471 medietatem
859 1441 964 1471 cum
989 1426 1076 1470 alio
1110 1426 1340 1483 suffragio.
1380 1428 1489 1470 Acta
1525 1423 1753 1469 examinis
1775 1429 1821 1468 et
1843 1424 2052 1468 scrutinii

268 1510 425 1553 exitus
458 1509 626 1567 scripto
662 1510 854 1554 lideliter
888 1510 1167 1568 redigantur,
1203 1524 1227 1554 a
1261 1508 1448 1566 singulis
1481 1506 1891 1561 examinatoribus,
1929 1520 2052 1565 prae-

275 1594 349 1638 vio
385 1594 660 1647 iuramento,
697 1592 1059 1644 subscribantur,
1095 1595 1141 1635 et
1173 1591 1225 1635 ad
1262 1591 1549 1649 Superiorem
1600 1591 1670 1635 vel
1706 1593 2050 1634 Procuratorem

273 1678 533 1734 generalem
570 1691 659 1722 una
694 1691 798 1721 cum
833 1675 1113 1721 authenticis
1145 1675 1433 1720 documentis
1465 1674 1718 1732 ceterisque
1750 1672 1963 1717 omnibus
1985 1671 2051 1715 in-

274 1760 628 1804 formationibus
677 1758 1069 1803 transmittantur.
1108 1757 1186 1800 Ubi
1224 1757 1530 1801 provinciales
1576 1770 1666 1803 non
1701 1755 1943 1808 habentur,
1979 1753 2053 1797 vel

273 1842 575 1902 provincialia
609 1842 807 1900 capitula
842 1856 933 1886 non
968 1841 1274 1895 celebrantur,
1300 1839 1643 1895 examinatores
1676 1851 1753 1896 pro
1780 1850 2053 1896 unaquaque

273 1925 408 1970 domo
444 1925 698 1970 novitiatus
732 1925 961 1982 eligantur
992 1939 1017 1969 a
1050 1923 1250 1981 capitulo
1283 1927 1329 1966 et
1361 1921 1715 1980 congregatione
1755 1918 1971 1977 generali,
2008 1922 2053 1962 et

270 2010 478 2068 superior
510 2009 712 2053 eiusdem
737 2009 897 2052 domus
931 2008 1027 2052 loco
1053 2006 1351 2051 Provincialis
1386 2005 1621 2059 habeatur,
1648 2003 1778 2048 cuius
1811 2002 1915 2057 erit,
1945 2015 2051 2045 exa-

274 2092 525 2138 minatores
558 2107 833 2147 convocare,
860 2097 906 2137 et
934 2092 1103 2151 reliqua
1138 2091 1292 2136 omnia
1328 2090 1602 2149 praescripta
1637 2087 1900 2133 executioni
1926 2100 2054 2131 man·

272 2178 396 2222 dare.
436 2177 476 2222 si
511 2181 686 2235 septem
730 2176 1073 2221 examinatores
1116 2174 1270 2219 haberi
1306 2178 1564 2233 nequeant,
1602 2186 1792 2217 numero
1834 2171 2050 2225 minores,

271 2274 367 2304 non
392 2265 548 2304 tamen
583 2260 698 2304 citra
730 2264 928 2319 quatuor
960 2258 1059 2316 eligi
1095 2261 1324 2315 poterunt.
1363 2257 1404 2300 Si
1430 2270 1519 2301 una
1543 2256 1602 2300 sit
1638 2255 1838 2299 instituti
1873 2254 2049 2309 domus,

267 2343 615 2389 examinatores
657 2342 972 2401 capitulariter
1006 2357 1083 2400 per
1109 2346 1284 2385 secreta
1329 2339 1542 2397 suffragia
1575 2353 1601 2384 a
1634 2339 1865 2397 superiore
1898 2342 1944 2382 et
1977 2351 2051 2384 ca·

272 2428 545 2486 pitularibus
577 2427 780 2471 eiusdem
815 2426 976 2471 domus
1008 2425 1279 2482 deligantur.
1316 2427 1498 2468 Praeter
1533 2422 1785 2481 praedictos
1817 2420 2053 2466 examina-

272 2515 412 2566 tores,
433 2510 507 2554 alii
532 2514 707 2568 septem
731 2508 1075 2554 examinatores
1097 2507 1332 2564 generales
1357 2505 1630 2560 habeantur,
1655 2518 1848 2564 quorum
1875 2515 2054 2562 praeses

268 2593 361 2638 erit
395 2592 644 2639 Generalis.
682 2592 763 2636 Hic
798 2596 1036 2650 postquam
1074 2588 1342 2633 relationem
1386 2588 1614 2632 examinis
1648 2592 1694 2632 et
1725 2585 1952 2641 scrutinii,
1987 2589 2053 2629 at·

271 2690 361 2735 que
388 2675 684 2720 enunciatam
718 2673 925 2732 superius
947 2673 1303 2717 declarationem
1327 2685 1433 2716 cum
1457 2669 1738 2716 authenticis
1765 2668 2054 2714 documentis

274 2773 354 2817 per
386 2759 587 2816 singulas
638 2762 785 2815 partes
823 2756 1108 2815 expenderit,
1144 2755 1299 2800 omnia
1334 2754 1484 2799 tradet
1518 2752 1805 2798 Procuratori
1853 2751 2052 2810 generali
2117 2801 2133 2825 a

270 2846 320 2887 et
342 2843 503 2887 saltem
529 2841 629 2887 aliis
650 2841 825 2885 duobus
847 2837 1241 2884 examinatoribus
1275 2836 1585 2896 generalibus3
1621 2841 1668 2880 et
1691 2839 1919 2895 quatenus
1949 2838 2052 2878 Pro·
2116 2825 2132 2879 't'

273 2930 460 2970 curator
508 2924 733 2980 generalis
766 2937 858 2967 non
892 2921 1024 2977 adsit,
1066 2920 1207 2965 tribus
1239 2920 1402 2965 saltem
1438 2918 1834 2964 examinatoribus
1865 2931 2051 2975 genera-
2110 2911 2163 2973 ’,ἲ

275 3007 408 3064 libus,
434 3007 510 3067 qui
544 3021 595 3052 ea
620 3019 803 3065 prorsus
834 3004 991 3050 omnia
1023 3003 1188 3063 exequi
1220 3003 1406 3059 debent,
1430 3015 1548 3062 quae
1580 3001 1922 3046 examinatores
1954 3013 2052 3057 pro·
2101 2979 2163 3147 ξ

2106 3147 2127 3162 .

2128 3108 2171 3141 '⁴⁸ss

2062 3163 2140 3386 ‘l
