<?xml version="1.0" encoding="UTF-8"?>
<!DOCTYPE html PUBLIC "-//W3C//DTD XHTML 1.0 Transitional//EN"
    "http://www.w3.org/TR/xhtml1/DTD/xhtml1-transitional.dtd">
<html xmlns="http://www.w3.org/1999/xhtml" xml:lang="en" lang="en">
 <head>
  <title>
</title>
<meta http-equiv="Content-Type" content="text/html;charset=utf-8" />
  <meta name='ocr-system' content='tesseract 3.04.00' />
  <meta name='ocr-capabilities' content='ocr_page ocr_carea ocr_par ocr_line ocrx_word'/>
</head>
<body>
  <div class='ocr_page' id='page_1' title='image "apparatus00ziteuoft_0184.png"; bbox 0 0 2176 3386; ppageno 0'>
   <div class='ocr_carea' id='block_1_1' title="bbox 210 167 1350 208">
    <p class='ocr_par' dir='ltr' id='par_1_1' title="bbox 210 167 1350 208">
     <span class='ocr_line' id='line_1_1' title="bbox 210 167 1350 208; baseline 0.002 -2"><span class='ocrx_word' id='word_1_1' title='bbox 210 167 287 206; x_wconf 89' lang='lat'>172</span> <span class='ocrx_word' id='word_1_2' title='bbox 851 179 961 208; x_wconf 82' lang='lat' dir='ltr'>PARS</span> <span class='ocrx_word' id='word_1_3' title='bbox 990 179 1016 208; x_wconf 89' lang='lat'>1.</span> <span class='ocrx_word' id='word_1_4' title='bbox 1053 180 1110 208; x_wconf 70' lang='lat' dir='ltr'>nr:</span> <span class='ocrx_word' id='word_1_5' title='bbox 1139 179 1350 208; x_wconf 73' lang='lat' dir='ltr'>PEnsoms</span> 
     </span>
    </p>
   </div>
   <div class='ocr_carea' id='block_1_2' title="bbox 209 282 1990 343">
    <p class='ocr_par' dir='ltr' id='par_1_2' title="bbox 209 282 1990 343">
     <span class='ocr_line' id='line_1_2' title="bbox 209 282 1990 343; baseline 0.002 -17"><span class='ocrx_word' id='word_1_6' title='bbox 209 283 308 327; x_wconf 87' lang='lat' dir='ltr'>sive</span> <span class='ocrx_word' id='word_1_7' title='bbox 341 282 617 340; x_wconf 80' lang='lat' dir='ltr'>obligatione</span> <span class='ocrx_word' id='word_1_8' title='bbox 641 283 696 327; x_wconf 90' lang='lat' dir='ltr'>de</span> <span class='ocrx_word' id='word_1_9' title='bbox 718 297 811 328; x_wconf 92' lang='lat' dir='ltr'>non</span> <span class='ocrx_word' id='word_1_10' title='bbox 845 283 1127 328; x_wconf 88' lang='lat' dir='ltr'>admittenda</span> <span class='ocrx_word' id='word_1_11' title='bbox 1163 283 1522 343; x_wconf 87' lang='lat' dir='ltr'>accipiendaque</span> <span class='ocrx_word' id='word_1_12' title='bbox 1557 284 1646 329; x_wconf 90' lang='lat' dir='ltr'>ulla</span> <span class='ocrx_word' id='word_1_13' title='bbox 1679 288 1809 330; x_wconf 87' lang='lat' dir='ltr'>extra</span> <span class='ocrx_word' id='word_1_14' title='bbox 1843 285 1990 331; x_wconf 90' lang='lat' dir='ltr'>Socie-</span> 
     </span>
    </p>
   </div>
   <div class='ocr_carea' id='block_1_3' title="bbox 210 364 2002 423">
    <p class='ocr_par' dir='ltr' id='par_1_3' title="bbox 210 364 2002 423">
     <span class='ocr_line' id='line_1_3' title="bbox 210 364 2002 423; baseline 0 -15"><span class='ocrx_word' id='word_1_15' title='bbox 210 368 354 409; x_wconf 87' lang='lat' dir='ltr'>tatem</span> <span class='ocrx_word' id='word_1_16' title='bbox 387 364 668 421; x_wconf 82' lang='lat' dir='ltr'>praelatione</span> <span class='ocrx_word' id='word_1_17' title='bbox 711 378 789 410; x_wconf 92' lang='lat' dir='ltr'>seu</span> <span class='ocrx_word' id='word_1_18' title='bbox 835 365 1072 423; x_wconf 89' lang='lat' dir='ltr'>dignitate.</span> <span class='ocrx_word' id='word_1_19' title='bbox 1125 367 1166 422; x_wconf 75' lang='lat'>2)</span> <span class='ocrx_word' id='word_1_20' title='bbox 1203 369 1440 419; x_wconf 83' lang='lat' dir='ltr'>Quatenus</span> <span class='ocrx_word' id='word_1_21' title='bbox 1480 366 1652 411; x_wconf 87' lang='lat' dir='ltr'>electus</span> <span class='ocrx_word' id='word_1_22' title='bbox 1686 366 1731 410; x_wconf 94' lang='lat' dir='ltr'>in</span> <span class='ocrx_word' id='word_1_23' title='bbox 1765 366 2002 411; x_wconf 12' lang='lat' dir='ltr'>Societater</span> 
     </span>
    </p>
   </div>
   <div class='ocr_carea' id='block_1_4' title="bbox 211 448 2010 2754">
    <p class='ocr_par' dir='ltr' id='par_1_4' title="bbox 211 448 1997 1506">
     <span class='ocr_line' id='line_1_4' title="bbox 211 448 1990 510; baseline 0.002 -18"><span class='ocrx_word' id='word_1_24' title='bbox 211 449 445 493; x_wconf 79' lang='lat' dir='ltr'>Professus</span> <span class='ocrx_word' id='word_1_25' title='bbox 476 448 662 503; x_wconf 85' lang='lat' dir='ltr'>existat,</span> <span class='ocrx_word' id='word_1_26' title='bbox 697 450 897 494; x_wconf 90' lang='lat' dir='ltr'>solutum</span> <span class='ocrx_word' id='word_1_27' title='bbox 932 463 984 494; x_wconf 86' lang='lat' dir='ltr'>eo</span> <span class='ocrx_word' id='word_1_28' title='bbox 1019 449 1112 507; x_wconf 92' lang='lat' dir='ltr'>ipso</span> <span class='ocrx_word' id='word_1_29' title='bbox 1147 449 1431 510; x_wconf 82' lang='lat' dir='ltr'>intelligatur</span> <span class='ocrx_word' id='word_1_30' title='bbox 1465 452 1631 494; x_wconf 76' lang='lat' dir='ltr'>Votum</span> <span class='ocrx_word' id='word_1_31' title='bbox 1667 464 1746 509; x_wconf 87' lang='lat' dir='ltr'>per</span> <span class='ocrx_word' id='word_1_32' title='bbox 1778 450 1990 495; x_wconf 88' lang='lat' dir='ltr'>Sacerdo-</span> 
     </span>
     <span class='ocr_line' id='line_1_5' title="bbox 211 530 1991 590; baseline 0.001 -16"><span class='ocrx_word' id='word_1_33' title='bbox 211 535 280 574; x_wconf 90' lang='lat' dir='ltr'>tes</span> <span class='ocrx_word' id='word_1_34' title='bbox 311 532 542 576; x_wconf 89' lang='lat' dir='ltr'>Professos</span> <span class='ocrx_word' id='word_1_35' title='bbox 575 532 722 577; x_wconf 79' lang='lat' dir='ltr'>emitti</span> <span class='ocrx_word' id='word_1_36' title='bbox 772 532 955 576; x_wconf 82' lang='lat' dir='ltr'>solitum</span> <span class='ocrx_word' id='word_1_37' title='bbox 996 532 1049 575; x_wconf 88' lang='lat' dir='ltr'>dc</span> <span class='ocrx_word' id='word_1_38' title='bbox 1084 546 1174 577; x_wconf 93' lang='lat' dir='ltr'>non</span> <span class='ocrx_word' id='word_1_39' title='bbox 1211 532 1463 576; x_wconf 89' lang='lat' dir='ltr'>recusando</span> <span class='ocrx_word' id='word_1_40' title='bbox 1505 531 1694 576; x_wconf 86' lang='lat' dir='ltr'>consilio</span> <span class='ocrx_word' id='word_1_41' title='bbox 1743 530 1991 590; x_wconf 86' lang='lat' dir='ltr'>Praepositi</span> 
     </span>
     <span class='ocr_line' id='line_1_6' title="bbox 212 615 1993 672; baseline -0.001 -10"><span class='ocrx_word' id='word_1_42' title='bbox 212 616 448 662; x_wconf 83' lang='lat' dir='ltr'>Generalis</span> <span class='ocrx_word' id='word_1_43' title='bbox 496 616 734 660; x_wconf 88' lang='lat' dir='ltr'>Societatis</span> <span class='ocrx_word' id='word_1_44' title='bbox 774 617 842 660; x_wconf 75' lang='lat' dir='ltr'>vel</span> <span class='ocrx_word' id='word_1_45' title='bbox 887 615 984 660; x_wconf 87' lang='lat' dir='ltr'>eius</span> <span class='ocrx_word' id='word_1_46' title='bbox 1031 615 1248 672; x_wconf 87' lang='lat' dir='ltr'>delegati,</span> <span class='ocrx_word' id='word_1_47' title='bbox 1285 615 1330 659; x_wconf 91' lang='lat' dir='ltr'>in</span> <span class='ocrx_word' id='word_1_48' title='bbox 1375 615 1607 660; x_wconf 81' lang='lat' dir='ltr'>commissi</span> <span class='ocrx_word' id='word_1_49' title='bbox 1655 615 1737 659; x_wconf 90' lang='lat' dir='ltr'>sibi</span> <span class='ocrx_word' id='word_1_50' title='bbox 1787 615 1993 660; x_wconf 90' lang='lat' dir='ltr'>muneris</span> 
     </span>
     <span class='ocr_line' id='line_1_7' title="bbox 211 698 1990 760; baseline -0.002 -15"><span class='ocrx_word' id='word_1_51' title='bbox 211 701 459 757; x_wconf 85' lang='lat' dir='ltr'>exercitio,</span> <span class='ocrx_word' id='word_1_52' title='bbox 496 701 531 745; x_wconf 91' lang='lat' dir='ltr'>si</span> <span class='ocrx_word' id='word_1_53' title='bbox 565 701 747 760; x_wconf 81' lang='lat' dir='ltr'>quando</span> <span class='ocrx_word' id='word_1_54' title='bbox 780 700 834 744; x_wconf 84' lang='lat' dir='ltr'>ad</span> <span class='ocrx_word' id='word_1_55' title='bbox 868 700 1060 744; x_wconf 89' lang='lat' dir='ltr'>alicuius</span> <span class='ocrx_word' id='word_1_56' title='bbox 1096 699 1319 745; x_wconf 83' lang='lat' dir='ltr'>Ecclesiae</span> <span class='ocrx_word' id='word_1_57' title='bbox 1364 699 1567 756; x_wconf 89' lang='lat' dir='ltr'>regimen</span> <span class='ocrx_word' id='word_1_58' title='bbox 1602 700 1843 757; x_wconf 84' lang='lat' dir='ltr'>eligantur.</span> <span class='ocrx_word' id='word_1_59' title='bbox 1881 700 1922 755; x_wconf 83' lang='lat'>5)</span> <span class='ocrx_word' id='word_1_60' title='bbox 1950 698 1990 744; x_wconf 92' lang='lat' dir='ltr'>Si</span> 
     </span>
     <span class='ocr_line' id='line_1_8' title="bbox 213 782 1992 843; baseline -0.001 -15"><span class='ocrx_word' id='word_1_61' title='bbox 213 785 260 829; x_wconf 92' lang='lat' dir='ltr'>in</span> <span class='ocrx_word' id='word_1_62' title='bbox 296 784 526 829; x_wconf 79' lang='lat' dir='ltr'>vicariatu</span> <span class='ocrx_word' id='word_1_63' title='bbox 564 785 851 843; x_wconf 72' lang='lat' dir='ltr'>Apostolico,</span> <span class='ocrx_word' id='word_1_64' title='bbox 887 784 1016 827; x_wconf 88' lang='lat' dir='ltr'>cuius</span> <span class='ocrx_word' id='word_1_65' title='bbox 1049 797 1158 827; x_wconf 90' lang='lat' dir='ltr'>cura</span> <span class='ocrx_word' id='word_1_66' title='bbox 1191 783 1515 838; x_wconf 85' lang='lat' dir='ltr'>committitur,</span> <span class='ocrx_word' id='word_1_67' title='bbox 1551 783 1754 828; x_wconf 88' lang='lat' dir='ltr'>existant</span> <span class='ocrx_word' id='word_1_68' title='bbox 1786 782 1862 827; x_wconf 91' lang='lat' dir='ltr'>alii</span> <span class='ocrx_word' id='word_1_69' title='bbox 1896 796 1992 840; x_wconf 91' lang='lat' dir='ltr'>pre-</span> 
     </span>
     <span class='ocr_line' id='line_1_9' title="bbox 213 865 1994 925; baseline -0.002 -13"><span class='ocrx_word' id='word_1_70' title='bbox 213 868 386 925; x_wconf 91' lang='lat' dir='ltr'>sbyteri</span> <span class='ocrx_word' id='word_1_71' title='bbox 422 867 560 925; x_wconf 89' lang='lat' dir='ltr'>ipsius</span> <span class='ocrx_word' id='word_1_72' title='bbox 604 867 868 921; x_wconf 84' lang='lat' dir='ltr'>Societatis,</span> <span class='ocrx_word' id='word_1_73' title='bbox 904 868 1077 910; x_wconf 79' lang='lat' dir='ltr'>electus</span> <span class='ocrx_word' id='word_1_74' title='bbox 1120 867 1342 911; x_wconf 83' lang='lat' dir='ltr'>habeatur</span> <span class='ocrx_word' id='word_1_75' title='bbox 1385 866 1525 911; x_wconf 89' lang='lat' dir='ltr'>etiam</span> <span class='ocrx_word' id='word_1_76' title='bbox 1559 865 1702 910; x_wconf 88' lang='lat' dir='ltr'>veluti</span> <span class='ocrx_word' id='word_1_77' title='bbox 1747 865 1994 910; x_wconf 90' lang='lat' dir='ltr'>Primarius</span> 
     </span>
     <span class='ocr_line' id='line_1_10' title="bbox 215 948 1993 1009; baseline -0.002 -13"><span class='ocrx_word' id='word_1_78' title='bbox 215 951 427 1009; x_wconf 82' lang='lat' dir='ltr'>Superior</span> <span class='ocrx_word' id='word_1_79' title='bbox 451 951 684 1009; x_wconf 85' lang='lat' dir='ltr'>Regularis</span> <span class='ocrx_word' id='word_1_80' title='bbox 711 951 1085 1008; x_wconf 81' lang='lat' dir='ltr'>Presbyterorum</span> <span class='ocrx_word' id='word_1_81' title='bbox 1122 950 1376 1004; x_wconf 81' lang='lat' dir='ltr'>societatis,</span> <span class='ocrx_word' id='word_1_82' title='bbox 1397 951 1601 1009; x_wconf 83' lang='lat' dir='ltr'>adeoque</span> <span class='ocrx_word' id='word_1_83' title='bbox 1631 949 1758 994; x_wconf 86' lang='lat' dir='ltr'>iuxta</span> <span class='ocrx_word' id='word_1_84' title='bbox 1792 948 1993 993; x_wconf 89' lang='lat' dir='ltr'>Instituti</span> 
     </span>
     <span class='ocr_line' id='line_1_11' title="bbox 215 1031 1996 1091; baseline -0.001 -13"><span class='ocrx_word' id='word_1_85' title='bbox 215 1035 392 1091; x_wconf 89' lang='lat' dir='ltr'>regulas</span> <span class='ocrx_word' id='word_1_86' title='bbox 439 1034 621 1078; x_wconf 87' lang='lat' dir='ltr'>eosdem</span> <span class='ocrx_word' id='word_1_87' title='bbox 658 1034 921 1078; x_wconf 90' lang='lat' dir='ltr'>moderetur</span> <span class='ocrx_word' id='word_1_88' title='bbox 953 1047 1006 1078; x_wconf 86' lang='lat' dir='ltr'>ac</span> <span class='ocrx_word' id='word_1_89' title='bbox 1040 1038 1181 1091; x_wconf 89' lang='lat' dir='ltr'>regat.</span> <span class='ocrx_word' id='word_1_90' title='bbox 1234 1034 1276 1089; x_wconf 72' lang='lat'>4)</span> <span class='ocrx_word' id='word_1_91' title='bbox 1316 1037 1364 1077; x_wconf 88' lang='lat' dir='ltr'>ln</span> <span class='ocrx_word' id='word_1_92' title='bbox 1399 1032 1620 1090; x_wconf 89' lang='lat' dir='ltr'>gubernio</span> <span class='ocrx_word' id='word_1_93' title='bbox 1657 1031 1915 1087; x_wconf 83' lang='lat' dir='ltr'>Missionis‚</span> <span class='ocrx_word' id='word_1_94' title='bbox 1949 1035 1996 1076; x_wconf 92' lang='lat' dir='ltr'>et</span> 
     </span>
     <span class='ocr_line' id='line_1_12' title="bbox 215 1114 1995 1174; baseline -0.001 -15"><span class='ocrx_word' id='word_1_95' title='bbox 215 1115 261 1160; x_wconf 92' lang='lat' dir='ltr'>in</span> <span class='ocrx_word' id='word_1_96' title='bbox 309 1116 708 1161; x_wconf 83' lang='lat' dir='ltr'>administratione</span> <span class='ocrx_word' id='word_1_97' title='bbox 759 1117 1005 1161; x_wconf 83' lang='lat' dir='ltr'>fundorum</span> <span class='ocrx_word' id='word_1_98' title='bbox 1041 1121 1086 1160; x_wconf 92' lang='lat' dir='ltr'>et</span> <span class='ocrx_word' id='word_1_99' title='bbox 1122 1115 1419 1174; x_wconf 84' lang='lat' dir='ltr'>pecuniarum</span> <span class='ocrx_word' id='word_1_100' title='bbox 1469 1115 1634 1173; x_wconf 54' lang='lat' dir='ltr'>quotis</span> <span class='ocrx_word' id='word_1_101' title='bbox 1681 1114 1812 1159; x_wconf 88' lang='lat' dir='ltr'>titulo</span> <span class='ocrx_word' id='word_1_102' title='bbox 1859 1115 1995 1159; x_wconf 90' lang='lat' dir='ltr'>obve-</span> 
     </span>
     <span class='ocr_line' id='line_1_13' title="bbox 215 1197 1995 1257; baseline -0.001 -14"><span class='ocrx_word' id='word_1_103' title='bbox 215 1200 462 1254; x_wconf 89' lang='lat' dir='ltr'>nientium,</span> <span class='ocrx_word' id='word_1_104' title='bbox 489 1199 644 1244; x_wconf 90' lang='lat' dir='ltr'>omnia</span> <span class='ocrx_word' id='word_1_105' title='bbox 679 1214 736 1243; x_wconf 85' lang='lat' dir='ltr'>ex</span> <span class='ocrx_word' id='word_1_106' title='bbox 761 1199 990 1244; x_wconf 85' lang='lat' dir='ltr'>sententia</span> <span class='ocrx_word' id='word_1_107' title='bbox 1026 1202 1189 1244; x_wconf 71' lang='lat' dir='ltr'>Sarrae</span> <span class='ocrx_word' id='word_1_108' title='bbox 1223 1198 1598 1257; x_wconf 88' lang='lat' dir='ltr'>Congregationis</span> <span class='ocrx_word' id='word_1_109' title='bbox 1625 1199 1679 1242; x_wconf 94' lang='lat' dir='ltr'>de</span> <span class='ocrx_word' id='word_1_110' title='bbox 1706 1197 1995 1255; x_wconf 79' lang='lat' dir='ltr'>propaganda</span> 
     </span>
     <span class='ocr_line' id='line_1_14' title="bbox 216 1279 1997 1340; baseline -0.002 -15"><span class='ocrx_word' id='word_1_111' title='bbox 216 1282 321 1326; x_wconf 85' lang='lat' dir='ltr'>Fide</span> <span class='ocrx_word' id='word_1_112' title='bbox 364 1296 578 1340; x_wconf 86' lang='lat' dir='ltr'>peragere</span> <span class='ocrx_word' id='word_1_113' title='bbox 611 1282 790 1336; x_wconf 83' lang='lat' dir='ltr'>debeat,</span> <span class='ocrx_word' id='word_1_114' title='bbox 827 1282 881 1326; x_wconf 89' lang='lat' dir='ltr'>ad</span> <span class='ocrx_word' id='word_1_115' title='bbox 920 1286 1119 1340; x_wconf 69' lang='lat' dir='ltr'>Eamque</span> <span class='ocrx_word' id='word_1_116' title='bbox 1153 1281 1343 1338; x_wconf 88' lang='lat' dir='ltr'>singulis</span> <span class='ocrx_word' id='word_1_117' title='bbox 1376 1282 1538 1325; x_wconf 85' lang='lat' dir='ltr'>saltem</span> <span class='ocrx_word' id='word_1_118' title='bbox 1575 1279 1786 1325; x_wconf 87' lang='lat' dir='ltr'>trienniis</span> <span class='ocrx_word' id='word_1_119' title='bbox 1808 1279 1862 1324; x_wconf 90' lang='lat' dir='ltr'>de</span> <span class='ocrx_word' id='word_1_120' title='bbox 1888 1292 1997 1323; x_wconf 87' lang='lat' dir='ltr'>vero</span> 
     </span>
     <span class='ocr_line' id='line_1_15' title="bbox 215 1362 1997 1422; baseline -0.002 -13"><span class='ocrx_word' id='word_1_121' title='bbox 215 1370 337 1409; x_wconf 89' lang='lat' dir='ltr'>statu</span> <span class='ocrx_word' id='word_1_122' title='bbox 374 1365 602 1409; x_wconf 84' lang='lat' dir='ltr'>Missionis</span> <span class='ocrx_word' id='word_1_123' title='bbox 636 1367 806 1410; x_wconf 85' lang='lat' dir='ltr'>referre</span> <span class='ocrx_word' id='word_1_124' title='bbox 840 1370 1087 1420; x_wconf 87' lang='lat' dir='ltr'>teneatur,</span> <span class='ocrx_word' id='word_1_125' title='bbox 1124 1369 1220 1408; x_wconf 92' lang='lat' dir='ltr'>tum</span> <span class='ocrx_word' id='word_1_126' title='bbox 1257 1365 1377 1409; x_wconf 86' lang='lat' dir='ltr'>circa</span> <span class='ocrx_word' id='word_1_127' title='bbox 1411 1363 1697 1422; x_wconf 82' lang='lat' dir='ltr'>spirituales,</span> <span class='ocrx_word' id='word_1_128' title='bbox 1737 1367 1832 1407; x_wconf 91' lang='lat' dir='ltr'>tum</span> <span class='ocrx_word' id='word_1_129' title='bbox 1877 1362 1997 1406; x_wconf 90' lang='lat' dir='ltr'>circa</span> 
     </span>
     <span class='ocr_line' id='line_1_16' title="bbox 216 1448 1122 1506; baseline 0 -15"><span class='ocrx_word' id='word_1_130' title='bbox 216 1448 492 1506; x_wconf 87' lang='lat' dir='ltr'>temporales</span> <span class='ocrx_word' id='word_1_131' title='bbox 527 1461 596 1492; x_wconf 87' lang='lat' dir='ltr'>res</span> <span class='ocrx_word' id='word_1_132' title='bbox 630 1448 774 1506; x_wconf 88' lang='lat' dir='ltr'>ipsam</span> <span class='ocrx_word' id='word_1_133' title='bbox 810 1448 1122 1506; x_wconf 78' lang='lat' dir='ltr'>respicientes.</span> 
     </span>
    </p>

    <p class='ocr_par' dir='ltr' id='par_1_5' title="bbox 216 1528 2010 2754">
     <span class='ocr_line' id='line_1_17' title="bbox 335 1528 1998 1589; baseline -0.003 -12"><span class='ocrx_word' id='word_1_134' title='bbox 335 1535 447 1577; x_wconf 89' lang='lat' dir='ltr'>Cum</span> <span class='ocrx_word' id='word_1_135' title='bbox 482 1533 740 1589; x_wconf 80' lang='lat' dir='ltr'>praefatum</span> <span class='ocrx_word' id='word_1_136' title='bbox 775 1532 1011 1577; x_wconf 89' lang='lat' dir='ltr'>decretum</span> <span class='ocrx_word' id='word_1_137' title='bbox 1046 1531 1265 1589; x_wconf 88' lang='lat' dir='ltr'>temporis</span> <span class='ocrx_word' id='word_1_138' title='bbox 1298 1532 1422 1589; x_wconf 84' lang='lat' dir='ltr'>lapsu</span> <span class='ocrx_word' id='word_1_139' title='bbox 1461 1544 1550 1575; x_wconf 94' lang='lat' dir='ltr'>non</span> <span class='ocrx_word' id='word_1_140' title='bbox 1585 1530 1782 1588; x_wconf 90' lang='lat' dir='ltr'>amplius</span> <span class='ocrx_word' id='word_1_141' title='bbox 1814 1528 1892 1573; x_wconf 88' lang='lat' dir='ltr'>fini</span> <span class='ocrx_word' id='word_1_142' title='bbox 1931 1542 1998 1573; x_wconf 89' lang='lat' dir='ltr'>re·</span> 
     </span>
     <span class='ocr_line' id='line_1_18' title="bbox 216 1611 1999 1673; baseline -0.002 -14"><span class='ocrx_word' id='word_1_143' title='bbox 216 1615 461 1672; x_wconf 88' lang='lat' dir='ltr'>sponderet</span> <span class='ocrx_word' id='word_1_144' title='bbox 484 1615 540 1659; x_wconf 94' lang='lat' dir='ltr'>ob</span> <span class='ocrx_word' id='word_1_145' title='bbox 562 1629 698 1673; x_wconf 89' lang='lat' dir='ltr'>quem</span> <span class='ocrx_word' id='word_1_146' title='bbox 724 1615 866 1659; x_wconf 90' lang='lat' dir='ltr'>latum</span> <span class='ocrx_word' id='word_1_147' title='bbox 893 1616 1041 1659; x_wconf 82' lang='lat' dir='ltr'>fuerat</span> <span class='ocrx_word' id='word_1_148' title='bbox 1063 1628 1143 1659; x_wconf 89' lang='lat' dir='ltr'>seu</span> <span class='ocrx_word' id='word_1_149' title='bbox 1178 1614 1471 1658; x_wconf 68' lang='lat' dir='ltr'>removendis</span> <span class='ocrx_word' id='word_1_150' title='bbox 1499 1611 1858 1666; x_wconf 87' lang='lat' dir='ltr'>difficultatibus,</span> <span class='ocrx_word' id='word_1_151' title='bbox 1884 1625 1999 1670; x_wconf 88' lang='lat' dir='ltr'>quae</span> 
     </span>
     <span class='ocr_line' id='line_1_19' title="bbox 217 1693 1999 1755; baseline -0.002 -14"><span class='ocrx_word' id='word_1_152' title='bbox 217 1710 350 1755; x_wconf 89' lang='lat' dir='ltr'>saepe</span> <span class='ocrx_word' id='word_1_153' title='bbox 384 1697 729 1752; x_wconf 81' lang='lat' dir='ltr'>exoriebantur,</span> <span class='ocrx_word' id='word_1_154' title='bbox 765 1698 811 1741; x_wconf 91' lang='lat' dir='ltr'>in</span> <span class='ocrx_word' id='word_1_155' title='bbox 846 1701 1008 1755; x_wconf 85' lang='lat' dir='ltr'>Congr.</span> <span class='ocrx_word' id='word_1_156' title='bbox 1046 1697 1256 1742; x_wconf 90' lang='lat' dir='ltr'>Generali</span> <span class='ocrx_word' id='word_1_157' title='bbox 1291 1695 1378 1740; x_wconf 90' lang='lat' dir='ltr'>diei</span> <span class='ocrx_word' id='word_1_158' title='bbox 1413 1696 1468 1740; x_wconf 76' lang='lat'>25</span> <span class='ocrx_word' id='word_1_159' title='bbox 1502 1696 1615 1739; x_wconf 88' lang='lat' dir='ltr'>febr.</span> <span class='ocrx_word' id='word_1_160' title='bbox 1658 1695 1768 1738; x_wconf 81' lang='lat'>1880</span> <span class='ocrx_word' id='word_1_161' title='bbox 1802 1693 1999 1752; x_wconf 90' lang='lat' dir='ltr'>proposi-</span> 
     </span>
     <span class='ocr_line' id='line_1_20' title="bbox 218 1777 1999 1837; baseline -0.002 -14"><span class='ocrx_word' id='word_1_162' title='bbox 218 1781 275 1824; x_wconf 90' lang='lat' dir='ltr'>tis</span> <span class='ocrx_word' id='word_1_163' title='bbox 308 1780 479 1824; x_wconf 86' lang='lat' dir='ltr'>dubiis:</span> <span class='ocrx_word' id='word_1_164' title='bbox 525 1782 557 1836; x_wconf 83' lang='lat' dir='ltr'>l)</span> <span class='ocrx_word' id='word_1_165' title='bbox 598 1783 663 1824; x_wconf 76' lang='lat' dir='ltr'>An</span> <span class='ocrx_word' id='word_1_166' title='bbox 699 1781 985 1826; x_wconf 81' lang='lat' dir='ltr'>conveniens</span> <span class='ocrx_word' id='word_1_167' title='bbox 1018 1780 1076 1824; x_wconf 89' lang='lat' dir='ltr'>sit</span> <span class='ocrx_word' id='word_1_168' title='bbox 1108 1781 1326 1837; x_wconf 89' lang='lat' dir='ltr'>abrogare</span> <span class='ocrx_word' id='word_1_169' title='bbox 1364 1779 1434 1822; x_wconf 82' lang='lat' dir='ltr'>vel</span> <span class='ocrx_word' id='word_1_170' title='bbox 1471 1777 1730 1822; x_wconf 81' lang='lat' dir='ltr'>modificare</span> <span class='ocrx_word' id='word_1_171' title='bbox 1754 1780 1999 1821; x_wconf 87' lang='lat' dir='ltr'>Decretum</span> 
     </span>
     <span class='ocr_line' id='line_1_21' title="bbox 222 1861 2002 1921; baseline -0.003 -14"><span class='ocrx_word' id='word_1_172' title='bbox 222 1865 273 1908; x_wconf 71' lang='lat'>12</span> <span class='ocrx_word' id='word_1_173' title='bbox 307 1878 409 1921; x_wconf 85' lang='lat' dir='ltr'>aug.</span> <span class='ocrx_word' id='word_1_174' title='bbox 453 1865 554 1909; x_wconf 79' lang='lat'>1851</span> <span class='ocrx_word' id='word_1_175' title='bbox 595 1865 735 1909; x_wconf 83' lang='lat' dir='ltr'>relate</span> <span class='ocrx_word' id='word_1_176' title='bbox 770 1864 824 1908; x_wconf 88' lang='lat' dir='ltr'>ad</span> <span class='ocrx_word' id='word_1_177' title='bbox 859 1863 1100 1909; x_wconf 91' lang='lat' dir='ltr'>missiones</span> <span class='ocrx_word' id='word_1_178' title='bbox 1134 1866 1230 1908; x_wconf 87' lang='lat' dir='ltr'>Soc.</span> <span class='ocrx_word' id='word_1_179' title='bbox 1272 1867 1367 1907; x_wconf 90' lang='lat' dir='ltr'>lesu</span> <span class='ocrx_word' id='word_1_180' title='bbox 1402 1861 1689 1906; x_wconf 88' lang='lat' dir='ltr'>concreditas</span> <span class='ocrx_word' id='word_1_181' title='bbox 1711 1864 1758 1904; x_wconf 91' lang='lat' dir='ltr'>et</span> <span class='ocrx_word' id='word_1_182' title='bbox 1774 1863 2002 1918; x_wconf 88' lang='lat' dir='ltr'>quatenus</span> 
     </span>
     <span class='ocr_line' id='line_1_22' title="bbox 219 1942 2000 2006; baseline -0.004 -15"><span class='ocrx_word' id='word_1_183' title='bbox 219 1947 504 1991; x_wconf 82' lang='lat' dir='ltr'>Affirmative</span> <span class='ocrx_word' id='word_1_184' title='bbox 538 1963 595 1991; x_wconf 90' lang='lat' dir='ltr'>an</span> <span class='ocrx_word' id='word_1_185' title='bbox 631 1949 671 2005; x_wconf 72' lang='lat'>2)</span> <span class='ocrx_word' id='word_1_186' title='bbox 708 1947 814 2005; x_wconf 87' lang='lat' dir='ltr'>ipsis</span> <span class='ocrx_word' id='word_1_187' title='bbox 846 1947 1143 2006; x_wconf 87' lang='lat' dir='ltr'>applicandae</span> <span class='ocrx_word' id='word_1_188' title='bbox 1178 1948 1330 1991; x_wconf 85' lang='lat' dir='ltr'>forent</span> <span class='ocrx_word' id='word_1_189' title='bbox 1362 1958 1552 1989; x_wconf 91' lang='lat' dir='ltr'>normae</span> <span class='ocrx_word' id='word_1_190' title='bbox 1585 1942 1790 1998; x_wconf 88' lang='lat' dir='ltr'>sancitae</span> <span class='ocrx_word' id='word_1_191' title='bbox 1813 1957 1838 1986; x_wconf 89' lang='lat' dir='ltr'>a</span> <span class='ocrx_word' id='word_1_192' title='bbox 1863 1946 2000 1985; x_wconf 86' lang='lat' dir='ltr'>Bene-</span> 
     </span>
     <span class='ocr_line' id='line_1_23' title="bbox 218 2025 2001 2089; baseline -0.003 -15"><span class='ocrx_word' id='word_1_193' title='bbox 218 2030 340 2075; x_wconf 89' lang='lat' dir='ltr'>dicto</span> <span class='ocrx_word' id='word_1_194' title='bbox 375 2035 469 2075; x_wconf 80' lang='lat' dir='ltr'>xlv</span> <span class='ocrx_word' id='word_1_195' title='bbox 504 2032 549 2075; x_wconf 91' lang='lat' dir='ltr'>in</span> <span class='ocrx_word' id='word_1_196' title='bbox 585 2035 736 2077; x_wconf 89' lang='lat' dir='ltr'>Const.</span> <span class='ocrx_word' id='word_1_197' title='bbox 777 2033 1077 2089; x_wconf 55' lang='lat' dir='ltr'>aposcolicam</span> <span class='ocrx_word' id='word_1_198' title='bbox 1114 2033 1426 2075; x_wconf 65' lang='lat' dir='ltr'>ministeriam</span> <span class='ocrx_word' id='word_1_199' title='bbox 1461 2028 1581 2072; x_wconf 88' lang='lat' dir='ltr'>edita</span> <span class='ocrx_word' id='word_1_200' title='bbox 1606 2041 1685 2085; x_wconf 89' lang='lat' dir='ltr'>pro</span> <span class='ocrx_word' id='word_1_201' title='bbox 1709 2025 2001 2070; x_wconf 89' lang='lat' dir='ltr'>missionibus</span> 
     </span>
     <span class='ocr_line' id='line_1_24' title="bbox 222 2107 2003 2174; baseline -0.003 -17"><span class='ocrx_word' id='word_1_202' title='bbox 222 2115 425 2171; x_wconf 80' lang='lat' dir='ltr'>Angliae,</span> <span class='ocrx_word' id='word_1_203' title='bbox 466 2115 560 2159; x_wconf 66' lang='lat' dir='ltr'>limi</span> <span class='ocrx_word' id='word_1_204' title='bbox 596 2119 674 2159; x_wconf 84' lang='lat' dir='ltr'>PP.</span> <span class='ocrx_word' id='word_1_205' title='bbox 714 2115 1081 2174; x_wconf 79' lang='lat' dir='ltr'>respondendum</span> <span class='ocrx_word' id='word_1_206' title='bbox 1116 2116 1413 2158; x_wconf 87' lang='lat' dir='ltr'>censuerunt:</span> <span class='ocrx_word' id='word_1_207' title='bbox 1454 2111 1516 2157; x_wconf 73' lang='lat' dir='ltr'>Ad</span> <span class='ocrx_word' id='word_1_208' title='bbox 1550 2114 1580 2154; x_wconf 95' lang='grc' dir='ltr'>Ι.</span> <span class='ocrx_word' id='word_1_209' title='bbox 1612 2112 1833 2167; x_wconf 68' lang='lat' dir='ltr'>Neyative</span> <span class='ocrx_word' id='word_1_210' title='bbox 1855 2107 2003 2167; x_wconf 82' lang='lat' dir='ltr'>quoad</span> 
     </span>
     <span class='ocr_line' id='line_1_25' title="bbox 225 2191 2005 2257; baseline -0.004 -16"><span class='ocrx_word' id='word_1_211' title='bbox 225 2198 322 2242; x_wconf 68' lang='lat' dir='ltr'>lam.</span> <span class='ocrx_word' id='word_1_212' title='bbox 351 2203 544 2255; x_wconf 91' lang='lat' dir='ltr'>partem,</span> <span class='ocrx_word' id='word_1_213' title='bbox 570 2199 846 2243; x_wconf 84' lang='lat' dir='ltr'>affirmative</span> <span class='ocrx_word' id='word_1_214' title='bbox 864 2198 1011 2257; x_wconf 80' lang='lat' dir='ltr'>quoad</span> <span class='ocrx_word' id='word_1_215' title='bbox 1035 2199 1136 2242; x_wconf 43' lang='lat' dir='ltr'>egam·</span> <span class='ocrx_word' id='word_1_216' title='bbox 1165 2197 1282 2241; x_wconf 89' lang='lat' dir='ltr'>etad</span> <span class='ocrx_word' id='word_1_217' title='bbox 1307 2200 1528 2240; x_wconf 91' lang='lat' dir='ltr'>mentem.</span> <span class='ocrx_word' id='word_1_218' title='bbox 1556 2198 1687 2238; x_wconf 83' lang='lat' dir='ltr'>Mens</span> <span class='ocrx_word' id='word_1_219' title='bbox 1710 2197 1777 2237; x_wconf 88' lang='lat' dir='ltr'>est</span> <span class='ocrx_word' id='word_1_220' title='bbox 1800 2196 1850 2236; x_wconf 92' lang='lat' dir='ltr'>ut</span> <span class='ocrx_word' id='word_1_221' title='bbox 1874 2191 2005 2235; x_wconf 78' lang='lat' dir='ltr'>firmo</span> 
     </span>
     <span class='ocr_line' id='line_1_26' title="bbox 221 2273 2004 2338; baseline -0.004 -14"><span class='ocrx_word' id='word_1_222' title='bbox 221 2286 493 2326; x_wconf 88' lang='lat' dir='ltr'>remanente</span> <span class='ocrx_word' id='word_1_223' title='bbox 522 2283 565 2325; x_wconf 72' lang='grc'>4,</span> <span class='ocrx_word' id='word_1_224' title='bbox 606 2281 780 2326; x_wconf 81' lang='lat' dir='ltr'>Decreti</span> <span class='ocrx_word' id='word_1_225' title='bbox 815 2281 1024 2335; x_wconf 87' lang='lat' dir='ltr'>articulo,</span> <span class='ocrx_word' id='word_1_226' title='bbox 1060 2283 1386 2338; x_wconf 85' lang='lat' dir='ltr'>expungantur</span> <span class='ocrx_word' id='word_1_227' title='bbox 1427 2280 1465 2333; x_wconf 86' lang='lat' dir='ltr'>l,</span> <span class='ocrx_word' id='word_1_228' title='bbox 1493 2279 1518 2321; x_wconf 70' lang='lat'>⁶2</span> <span class='ocrx_word' id='word_1_229' title='bbox 1551 2282 1597 2322; x_wconf 93' lang='lat' dir='ltr'>et</span> <span class='ocrx_word' id='word_1_230' title='bbox 1620 2278 1645 2321; x_wconf 82' lang='lat'>5</span> <span class='ocrx_word' id='word_1_231' title='bbox 1679 2280 1725 2320; x_wconf 92' lang='lat' dir='ltr'>ct</span> <span class='ocrx_word' id='word_1_232' title='bbox 1749 2276 1847 2320; x_wconf 90' lang='lat' dir='ltr'>loco</span> <span class='ocrx_word' id='word_1_233' title='bbox 1882 2273 2004 2318; x_wconf 88' lang='lat' dir='ltr'>tertii</span> 
     </span>
     <span class='ocr_line' id='line_1_27' title="bbox 221 2358 2005 2422; baseline -0.004 -14"><span class='ocrx_word' id='word_1_234' title='bbox 221 2364 399 2408; x_wconf 87' lang='lat' dir='ltr'>articuli</span> <span class='ocrx_word' id='word_1_235' title='bbox 434 2368 665 2408; x_wconf 86' lang='lat' dir='ltr'>statuatur</span> <span class='ocrx_word' id='word_1_236' title='bbox 697 2369 830 2422; x_wconf 87' lang='lat' dir='ltr'>prout</span> <span class='ocrx_word' id='word_1_237' title='bbox 863 2363 1092 2422; x_wconf 85' lang='lat' dir='ltr'>sequitur:</span> <span class='ocrx_word' id='word_1_238' title='bbox 1134 2361 1406 2408; x_wconf 72' lang='lat' dir='ltr'>Missionarii</span> <span class='ocrx_word' id='word_1_239' title='bbox 1440 2360 1679 2406; x_wconf 86' lang='lat' dir='ltr'>Societatis</span> <span class='ocrx_word' id='word_1_240' title='bbox 1712 2363 1810 2403; x_wconf 89' lang='lat' dir='ltr'>Iesu</span> <span class='ocrx_word' id='word_1_241' title='bbox 1844 2358 2005 2402; x_wconf 90' lang='lat' dir='ltr'>imme·</span> 
     </span>
     <span class='ocr_line' id='line_1_28' title="bbox 221 2439 2004 2506; baseline -0.005 -14"><span class='ocrx_word' id='word_1_242' title='bbox 221 2448 343 2492; x_wconf 91' lang='lat' dir='ltr'>diate</span> <span class='ocrx_word' id='word_1_243' title='bbox 377 2448 691 2505; x_wconf 87' lang='lat' dir='ltr'>gubernentur</span> <span class='ocrx_word' id='word_1_244' title='bbox 723 2448 780 2491; x_wconf 92' lang='lat' dir='ltr'>ab</span> <span class='ocrx_word' id='word_1_245' title='bbox 811 2447 963 2506; x_wconf 86' lang='lat' dir='ltr'>aliquo</span> <span class='ocrx_word' id='word_1_246' title='bbox 997 2447 1234 2505; x_wconf 87' lang='lat' dir='ltr'>Superiore</span> <span class='ocrx_word' id='word_1_247' title='bbox 1271 2443 1479 2502; x_wconf 85' lang='lat' dir='ltr'>Regulari</span> <span class='ocrx_word' id='word_1_248' title='bbox 1513 2442 1767 2488; x_wconf 88' lang='lat' dir='ltr'>secundum</span> <span class='ocrx_word' id='word_1_249' title='bbox 1803 2439 2004 2485; x_wconf 88' lang='lat' dir='ltr'>Instituti</span> 
     </span>
     <span class='ocr_line' id='line_1_29' title="bbox 220 2522 2007 2590; baseline -0.006 -14"><span class='ocrx_word' id='word_1_250' title='bbox 220 2533 341 2590; x_wconf 88' lang='lat' dir='ltr'>leges</span> <span class='ocrx_word' id='word_1_251' title='bbox 373 2545 396 2575; x_wconf 93' lang='lat' dir='ltr'>a</span> <span class='ocrx_word' id='word_1_252' title='bbox 436 2531 693 2588; x_wconf 87' lang='lat' dir='ltr'>Praeposito</span> <span class='ocrx_word' id='word_1_253' title='bbox 727 2529 935 2575; x_wconf 88' lang='lat' dir='ltr'>Generali</span> <span class='ocrx_word' id='word_1_254' title='bbox 971 2528 1223 2574; x_wconf 91' lang='lat' dir='ltr'>constituto</span> <span class='ocrx_word' id='word_1_255' title='bbox 1265 2532 1311 2572; x_wconf 90' lang='lat' dir='ltr'>et</span> <span class='ocrx_word' id='word_1_256' title='bbox 1342 2527 1400 2571; x_wconf 90' lang='lat' dir='ltr'>ab</span> <span class='ocrx_word' id='word_1_257' title='bbox 1442 2526 1601 2571; x_wconf 90' lang='lat' dir='ltr'>eodem</span> <span class='ocrx_word' id='word_1_258' title='bbox 1635 2522 1907 2583; x_wconf 47' lang='lat' dir='ltr'>,revocabilh</span> <span class='ocrx_word' id='word_1_259' title='bbox 1945 2523 2007 2566; x_wconf 92' lang='lat' dir='ltr'>ita</span> 
     </span>
     <span class='ocr_line' id='line_1_30' title="bbox 222 2606 2009 2673; baseline -0.006 -14"><span class='ocrx_word' id='word_1_260' title='bbox 222 2619 275 2659; x_wconf 87' lang='lat' dir='ltr'>ut</span> <span class='ocrx_word' id='word_1_261' title='bbox 306 2615 352 2659; x_wconf 91' lang='lat' dir='ltr'>in</span> <span class='ocrx_word' id='word_1_262' title='bbox 387 2613 442 2659; x_wconf 91' lang='lat' dir='ltr'>iis</span> <span class='ocrx_word' id='word_1_263' title='bbox 473 2628 589 2673; x_wconf 86' lang='lat' dir='ltr'>quae</span> <span class='ocrx_word' id='word_1_264' title='bbox 623 2627 747 2658; x_wconf 88' lang='lat' dir='ltr'>mere</span> <span class='ocrx_word' id='word_1_265' title='bbox 781 2613 835 2657; x_wconf 90' lang='lat' dir='ltr'>ad</span> <span class='ocrx_word' id='word_1_266' title='bbox 873 2612 1015 2656; x_wconf 85' lang='lat' dir='ltr'>vitam</span> <span class='ocrx_word' id='word_1_267' title='bbox 1052 2611 1307 2669; x_wconf 88' lang='lat' dir='ltr'>religiosam</span> <span class='ocrx_word' id='word_1_268' title='bbox 1344 2608 1578 2668; x_wconf 90' lang='lat' dir='ltr'>pertinent</span> <span class='ocrx_word' id='word_1_269' title='bbox 1609 2608 1743 2651; x_wconf 92' lang='lat' dir='ltr'>unice</span> <span class='ocrx_word' id='word_1_270' title='bbox 1777 2606 2009 2664; x_wconf 90' lang='lat' dir='ltr'>pendeant</span> 
     </span>
     <span class='ocr_line' id='line_1_31' title="bbox 223 2689 2010 2754; baseline -0.006 -12"><span class='ocrx_word' id='word_1_271' title='bbox 223 2698 280 2742; x_wconf 89' lang='lat' dir='ltr'>ab</span> <span class='ocrx_word' id='word_1_272' title='bbox 313 2698 399 2742; x_wconf 88' lang='lat' dir='ltr'>hoc</span> <span class='ocrx_word' id='word_1_273' title='bbox 433 2696 702 2754; x_wconf 88' lang='lat' dir='ltr'>Superiore;</span> <span class='ocrx_word' id='word_1_274' title='bbox 741 2696 786 2739; x_wconf 92' lang='lat' dir='ltr'>in</span> <span class='ocrx_word' id='word_1_275' title='bbox 822 2695 874 2739; x_wconf 89' lang='lat' dir='ltr'>iis</span> <span class='ocrx_word' id='word_1_276' title='bbox 908 2709 1018 2739; x_wconf 78' lang='lat' dir='ltr'>vero</span> <span class='ocrx_word' id='word_1_277' title='bbox 1051 2708 1166 2753; x_wconf 83' lang='lat' dir='ltr'>quae</span> <span class='ocrx_word' id='word_1_278' title='bbox 1213 2693 1416 2738; x_wconf 87' lang='lat' dir='ltr'>totaliter</span> <span class='ocrx_word' id='word_1_279' title='bbox 1459 2696 1567 2737; x_wconf 91' lang='lat' dir='ltr'>sunt</span> <span class='ocrx_word' id='word_1_280' title='bbox 1610 2689 1854 2735; x_wconf 90' lang='lat' dir='ltr'>Ministerii</span> <span class='ocrx_word' id='word_1_281' title='bbox 1898 2691 2010 2747; x_wconf 81' lang='lat' dir='ltr'>Apo-</span> 
     </span>
    </p>
   </div>
   <div class='ocr_carea' id='block_1_5' title="bbox 223 2771 2013 2836">
    <p class='ocr_par' dir='ltr' id='par_1_6' title="bbox 223 2771 2013 2836">
     <span class='ocr_line' id='line_1_32' title="bbox 223 2771 2013 2836; baseline -0.006 -10"><span class='ocrx_word' id='word_1_282' title='bbox 223 2780 388 2836; x_wconf 90' lang='lat' dir='ltr'>stolici‚</span> <span class='ocrx_word' id='word_1_283' title='bbox 424 2779 629 2824; x_wconf 89' lang='lat' dir='ltr'>totaliter</span> <span class='ocrx_word' id='word_1_284' title='bbox 660 2782 880 2836; x_wconf 87' lang='lat' dir='ltr'>regantur</span> <span class='ocrx_word' id='word_1_285' title='bbox 912 2792 935 2822; x_wconf 87' lang='lat' dir='ltr'>a</span> <span class='ocrx_word' id='word_1_286' title='bbox 972 2777 1151 2822; x_wconf 88' lang='lat' dir='ltr'>Vicario</span> <span class='ocrx_word' id='word_1_287' title='bbox 1185 2775 1456 2835; x_wconf 77' lang='lat' dir='ltr'>Apostolico.</span> <span class='ocrx_word' id='word_1_288' title='bbox 1490 2779 1619 2819; x_wconf 89' lang='lat' dir='ltr'>Hanc</span> <span class='ocrx_word' id='word_1_289' title='bbox 1643 2777 1797 2818; x_wconf 90' lang='lat' dir='ltr'>autem</span> <span class='ocrx_word' id='word_1_290' title='bbox 1829 2771 2013 2816; x_wconf 89' lang='lat' dir='ltr'>ordina-</span> 
     </span>
    </p>
   </div>
   <div class='ocr_carea' id='block_1_6' title="bbox 225 2855 2012 3085">
    <p class='ocr_par' dir='ltr' id='par_1_7' title="bbox 225 2855 2012 3085">
     <span class='ocr_line' id='line_1_33' title="bbox 225 2855 2008 2919; baseline -0.006 -11"><span class='ocrx_word' id='word_1_291' title='bbox 225 2864 400 2908; x_wconf 90' lang='lat' dir='ltr'>tionem</span> <span class='ocrx_word' id='word_1_292' title='bbox 434 2865 567 2907; x_wconf 90' lang='lat' dir='ltr'>Sacra</span> <span class='ocrx_word' id='word_1_293' title='bbox 600 2861 899 2919; x_wconf 84' lang='lat' dir='ltr'>Congregatio</span> <span class='ocrx_word' id='word_1_294' title='bbox 931 2860 994 2905; x_wconf 88' lang='lat' dir='ltr'>ita</span> <span class='ocrx_word' id='word_1_295' title='bbox 1028 2859 1372 2917; x_wconf 89' lang='lat' dir='ltr'>intelligendam</span> <span class='ocrx_word' id='word_1_296' title='bbox 1417 2871 1515 2903; x_wconf 87' lang='lat' dir='ltr'>esse</span> <span class='ocrx_word' id='word_1_297' title='bbox 1562 2855 1840 2901; x_wconf 89' lang='lat' dir='ltr'>declaravit:</span> <span class='ocrx_word' id='word_1_298' title='bbox 1877 2858 2008 2899; x_wconf 91' lang='lat' dir='ltr'>Prae·</span> 
     </span>
     <span class='ocr_line' id='line_1_34' title="bbox 225 2937 2010 3006; baseline -0.007 -14"><span class='ocrx_word' id='word_1_299' title='bbox 225 2946 399 3006; x_wconf 91' lang='lat' dir='ltr'>positus</span> <span class='ocrx_word' id='word_1_300' title='bbox 431 2944 667 2992; x_wconf 89' lang='lat' dir='ltr'>Generalis</span> <span class='ocrx_word' id='word_1_301' title='bbox 698 2944 774 3003; x_wconf 91' lang='lat' dir='ltr'>qui</span> <span class='ocrx_word' id='word_1_302' title='bbox 811 2947 994 3001; x_wconf 86' lang='lat' dir='ltr'>propter</span> <span class='ocrx_word' id='word_1_303' title='bbox 1026 2942 1110 2987; x_wconf 89' lang='lat' dir='ltr'>loci</span> <span class='ocrx_word' id='word_1_304' title='bbox 1143 2941 1410 2986; x_wconf 90' lang='lat' dir='ltr'>distantiam</span> <span class='ocrx_word' id='word_1_305' title='bbox 1429 2939 1754 2984; x_wconf 86' lang='lat' dir='ltr'>auctoritatem</span> <span class='ocrx_word' id='word_1_306' title='bbox 1773 2950 1903 2982; x_wconf 91' lang='lat' dir='ltr'>suam</span> <span class='ocrx_word' id='word_1_307' title='bbox 1927 2937 2010 2980; x_wconf 91' lang='lat' dir='ltr'>im-</span> 
     </span>
     <span class='ocr_line' id='line_1_35' title="bbox 226 3017 2012 3085; baseline -0.006 -11"><span class='ocrx_word' id='word_1_308' title='bbox 226 3028 425 3074; x_wconf 91' lang='lat' dir='ltr'>mediate</span> <span class='ocrx_word' id='word_1_309' title='bbox 457 3041 674 3073; x_wconf 86' lang='lat' dir='ltr'>exercere</span> <span class='ocrx_word' id='word_1_310' title='bbox 708 3025 883 3085; x_wconf 88' lang='lat' dir='ltr'>nequit,</span> <span class='ocrx_word' id='word_1_311' title='bbox 918 3024 1072 3070; x_wconf 90' lang='lat' dir='ltr'>audita</span> <span class='ocrx_word' id='word_1_312' title='bbox 1109 3024 1231 3083; x_wconf 86' lang='lat' dir='ltr'>prius</span> <span class='ocrx_word' id='word_1_313' title='bbox 1273 3022 1504 3068; x_wconf 90' lang='lat' dir='ltr'>sententia</span> <span class='ocrx_word' id='word_1_314' title='bbox 1550 3020 1720 3067; x_wconf 86' lang='lat' dir='ltr'>Vicarii</span> <span class='ocrx_word' id='word_1_315' title='bbox 1770 3017 2012 3077; x_wconf 78' lang='lat' dir='ltr'>Apostolici</span> 
     </span>
    </p>
   </div>
   <div class='ocr_carea' id='block_1_7' title="bbox 1447 0 2176 256">
    <p class='ocr_par' dir='ltr' id='par_1_8' title="bbox 1447 0 2176 256">
     <span class='ocr_line' id='line_1_36' title="bbox 1447 0 2176 256; baseline 0 3130"><span class='ocrx_word' id='word_1_316' title='bbox 1447 0 2176 256; x_wconf 95' lang='lat' dir='ltr'> </span> 
     </span>
    </p>
   </div>
  </div>
 </body>
</html>
