2176 3386
11 2929 157 3386 ss

247 308 594 371 flUQuaestionos
617 323 768 371 aliquae
790 298 916 373 quoad
938 323 1092 363 Latinos
1115 327 1153 362 et
1177 301 1400 369 orientales,
1424 323 1471 363 in
1486 324 1582 403 loeis
1605 325 1831 366 missionum
1868 280 1956 378 Pua.
1980 328 2053 368 512

232 382 267 402 ÷
259 393 323 433 w.
347 392 403 432 De
427 403 584 434 munere
607 395 745 443 patrini
791 423 1579 436 ..............
1592 390 1616 414 ⁶
1629 426 1880 438 .....
1929 391 2053 440 »516

239 466 303 504 *V.
328 465 382 504 De
407 466 699 505 confirmatione
728 495 738 505 .
787 496 797 505 .
847 481 858 504 .-
907 495 1216 505 ......
1243 494 1276 505 -.
1327 495 1338 506 .
1387 496 1396 505 .
1449 497 1458 506 .
1507 444 1532 506 .⁰
1567 484 1946 509 .......
1999 471 2048 510 ib.

257 536 320 576 VI.
346 537 478 582 Quoad
501 538 653 576 modum
677 537 903 576 conficiendi
927 547 1063 586 panem
1087 548 1156 586 pro
1180 537 1416 577 Eucharistia
1444 569 1878 580 ........
1923 554 1944 595 ‚⁸
1997 542 2048 582 ib.

257 608 339 647 VII.
365 608 496 653 Quoad
519 609 657 647 Missae
683 609 912 647 binationem
970 636 1878 652 ................
1928 627 1944 646 »
1976 612 2047 651 517

232 695 234 697 ’
256 679 359 719 VIII.
387 680 517 724 Quoad
542 680 830 728 applicationem
855 681 992 719 Missae
1016 690 1087 728 pro
1111 681 1252 728 populo
1269 697 1945 722 ............
1997 684 2048 723 ih-

258 749 323 788 IX.
349 751 457 796 Quod
481 751 634 789 modum
659 750 876 789 asservandi
899 736 1174 789 Eucharistiam
1208 777 1875 794 ............
1929 769 1944 787 »
1976 755 2049 794 520

257 821 302 858 X.
328 821 435 859 Circa
460 821 613 860 modum
637 821 825 859 deferendi
850 820 1124 858 Eucharistiam
1150 839 1942 864 ..............
1975 826 2044 864 521

256 892 322 928 XI.
349 893 403 929 De
429 893 523 931 falsa
547 891 833 930 denunciatione
864 891 1100 929 sollicitantis
1151 918 1876 932 .............
1928 910 1943 929 ι
1975 897 2046 935 522

256 949 339 1000 xn.
363 965 417 1001 De
441 962 688 1009 Indulgentiis
727 987 1873 1002 ....................
1923 981 1938 999 .
1991 967 2046 1005 η),

254 1035 355 1071 XIII.
382 1035 436 1072 De
461 1034 696 1072 Matrimonio
725 1060 735 1070 .
783 1057 793 1068 .
845 1061 853 1069 .
905 1059 915 1069 .
964 1059 972 1068 .
1024 1060 1034 1070 .
1084 1059 1094 1070 .
1142 1059 1152 1069 .
1205 1062 1213 1070 .
1265 1061 1273 1069 .
1324 1061 1333 1076 ‚
1384 1062 1394 1070 .
1446 1063 1454 1072 .
1506 1064 1514 1072 .
1565 1064 1574 1074 .
1626 1062 1637 1073 .
1687 1065 1695 1073 .
1747 1065 1756 1074 .
1806 1063 1816 1078 .,
1867 1066 1875 1074 .
1925 1053 1940 1071 ι
1972 1039 2043 1077 525

253 1105 352 1144 XIV.
378 1105 484 1143 circa
509 1107 888 1144 communicationem
913 1106 952 1143 in
977 1106 1114 1144 divinis
1148 1125 1941 1147 ..............
1972 1111 2044 1149 526

253 1176 333 1214 XV.
358 1177 411 1213 De
437 1177 629 1223 sepultura
653 1177 906 1214 ecclesiastica
907 1202 1872 1217 .................
1923 1195 1938 1214 »
1970 1179 2042 1220 529
