2176 3386
822 209 953 239 Lmen
980 210 1004 238 1.
1042 209 1098 238 DE
1126 209 1319 239 cni-:mas
1883 201 1964 241 389

179 322 455 365 personatus
486 322 556 364 est
581 318 947 377 praeeminentia
971 318 1069 363 sine
1094 317 1423 364 iurisdictione.
1446 319 1659 369 Officium
1680 319 1867 364 tandem
1893 325 1963 365 est

177 402 372 460 simplex
397 416 551 447 rerum
573 401 995 448 ecclesiasticarum
1031 401 1372 447 administratio
1403 402 1573 461 absque
1598 403 1965 462 praeeminentia

178 489 224 530 et
255 484 586 530 iurisdictione.

301 568 575 625 Praecipuae
602 567 899 612 ecclesiarum
935 566 1267 612 cathedralium
1300 566 1565 625 dignitates,
1591 571 1642 611 ut
1675 567 1965 614 Archidiaco-

178 665 281 707 nus,
302 651 680 709 Archipresbyter
705 651 854 705 hodie,
882 655 1099 696 revocata
1123 651 1178 695 ad
1201 650 1470 708 Episcopum
1495 651 1621 696 omni
1643 652 1736 696 lere
1754 651 1964 697 ecclesia-

178 734 290 780 stica
325 733 656 790 iurisdictione,
695 739 875 792 praeter
908 734 1078 792 primas
1103 734 1148 778 in
1184 734 1324 779 choro
1347 735 1476 779 sedes
1498 735 1679 795 aliaque
1712 735 1965 781 honorifica

178 818 293 875 iura,
329 818 371 863 id
405 822 489 874 est,
526 819 572 863 in
606 817 749 863 sacris
773 818 988 863 omnibus
1006 819 1278 877 praecedere
1302 818 1635 875 functionibus,
1662 820 1797 865 horas
1828 834 1964 865 cano-

179 902 307 947 nicas
339 901 572 957 inchoare,
599 901 854 947 Canonicos
877 902 934 947 ad
959 901 1149 947 consilia
1176 916 1343 948 vocare
1366 907 1475 959 etc.‚
1502 903 1626 948 nulla
1650 902 1965 949 iurisdictione

182 986 449 1045 potiuntur,
486 985 594 1031 hinc
627 992 841 1031 ventosae
882 991 928 1030 et
973 986 1135 1031 inanes
1167 985 1417 1045 dignitates
1457 1001 1481 1031 a
1524 986 1778 1032 canonistis
1809 988 1959 1046 appel·

179 1071 347 1116 lantur.
382 1073 439 1115 At
471 1070 659 1116 nomine
693 1075 740 1115 et
773 1084 820 1115 re
855 1070 1001 1116 officia
1035 1075 1143 1115 sunt
1177 1071 1249 1115 illa
1284 1071 1374 1116 duo
1397 1071 1607 1130 Theologi
1643 1077 1688 1116 el.
1725 1072 1964 1117 Poeniten-

180 1154 316 1207 tiarii,
350 1168 468 1214 quae
501 1154 761 1199 introducta
798 1154 997 1212 primum
1032 1168 1056 1199 a
1092 1154 1305 1199 Conciliis
1332 1155 1715 1201 Lateranensibus
1738 1159 1794 1201 Ill
1818 1160 1863 1202 et
1888 1160 1962 1214 IV,

181 1238 460 1283 stabiliorem
494 1237 658 1282 deinde
692 1240 891 1283 formam
927 1242 1210 1296 acceperunt
1242 1252 1266 1282 a
1300 1238 1504 1283 Concilio
1537 1238 1820 1285 Tridentino.

298 1323 400 1367 494.
428 1325 638 1367 Iamvero
661 1322 880 1368 Canonici
901 1322 1182 1380 Theologalis
1214 1325 1283 1367 est
1315 1336 1493 1367 sacram
1519 1323 1799 1382 Scripturam
1828 1324 1965 1369 inter-

180 1404 363 1463 pretari.
393 1404 434 1448 Si
454 1404 730 1462 theologiam
749 1418 828 1448 seu
846 1405 1154 1462 dogmaticam
1179 1418 1257 1450 sen
1284 1406 1506 1451 moralem
1526 1406 1717 1451 arbitrio
1735 1406 1965 1452 Ordinarii

178 1487 356 1543 doceat,
396 1492 498 1533 Ben.
524 1492 621 1533 xlv
643 1489 655 1512 ²
690 1502 772 1533 suo
795 1489 942 1534 officio
966 1489 1230 1535 satisfacere
1254 1491 1344 1547 ait3
1381 1489 1459 1535 sed
1483 1494 1583 1548 post
1604 1490 1777 1535 editam
1803 1505 1828 1535 a
1857 1493 1964 1536 Gre-

179 1570 303 1628 gorio
328 1574 424 1615 xvi
457 1586 531 1615 an.
573 1571 684 1616 1842
708 1572 1013 1630 encyclicam,
1041 1576 1139 1618 Sao.
1166 1576 1329 1631 Congr.
1363 1576 1501 1619 Conc.
1538 1587 1563 1618 a
1599 1573 1744 1630 prisca
1781 1577 1965 1618 senten-

179 1653 241 1698 tia
275 1668 299 1698 a
336 1655 499 1699 Bened.
539 1657 635 1699 xlv
669 1655 878 1714 exposita
914 1656 1101 1701 recessit
1133 1661 1179 1701 et
1213 1658 1377 1702 iterato
1412 1657 1654 1702 mandavit
1687 1661 1738 1701 ut
1769 1656 1963 1703 Canoni-

181 1752 261 1784 cus
293 1738 544 1797 Theologus
578 1752 757 1784 sacram
802 1739 1083 1798 scripturam
1117 1739 1316 1798 explicet
1339 1740 1370 1783 ².
1409 1741 1594 1785 Sacram
1630 1753 1741 1784 vero
1773 1738 1966 1797 scriptu·

182 1838 279 1869 ram
314 1823 605 1882 interpretari
639 1824 775 1869 debet
808 1823 999 1882 singulis
1031 1823 1189 1868 (liebus
1223 1824 1367 1879 festis,
1403 1838 1489 1868 nec
1513 1823 1667 1868 minus
1698 1824 1968 1883 quadragies

183 1921 261 1963 per
292 1920 486 1962 annum,
521 1921 610 1966 quo
634 1907 750 1963 loco,
785 1921 873 1967 qua
910 1908 1020 1952 hora
1054 1911 1101 1952 et
1133 1920 1269 1966 super
1300 1921 1388 1966 qua
1426 1912 1552 1966 parte
1593 1907 1692 1952 eius
1734 1907 1967 1953 censuerit

181 1990 441 2049 Episcopus.
482 1993 543 2035 Ac
576 1991 763 2036 demum
799 2006 880 2050 per
912 2005 959 2036 se
985 2006 1078 2036 non
1114 2005 1193 2049 per
1226 1991 1384 2046 alium,
1422 1991 1508 2035 nisi
1545 1991 1842 2049 permittente
1870 1991 1965 2051 Epi-

181 2087 316 2133 scopo
349 2075 466 2119 iusta
500 2076 554 2120 de
587 2088 738 2119 causa.
778 2075 819 2120 Si
855 2077 972 2120 forte
1007 2075 1102 2134 ipse
1137 2076 1196 2120 sit
1238 2075 1454 2121 iubilatus
1486 2081 1567 2121 aut
1598 2077 1856 2136 decrepitus
1888 2082 1968 2121 aut

182 2157 408 2213 infirmus,
452 2158 696 2216 Episcopus
739 2158 779 2203 ei
820 2159 961 2204 alium
1002 2159 1266 2204 substituet.
1315 2158 1670 2205 substituendus
1705 2164 1861 2205 autem
1899 2164 1968 2204 est

182 2243 393 2287 sacerdos
425 2243 688 2297 saecularis,
715 2257 860 2302 eoque
886 2243 1145 2300 deficiente,
1175 2244 1393 2302 regularis
1418 2245 1448 2289 ³.
1486 2248 1587 2289 Non
1612 2245 1722 2289 item
1756 2245 1791 2288 si
1827 2245 1965 2303 impe-

183 2324 305 2370 ditus
338 2325 476 2370 fuerit
508 2326 563 2370 ad
602 2326 741 2371 breve
784 2331 981 2385 tempus.
1028 2327 1163 2372 Cavit
1203 2332 1360 2372 autem
1395 2328 1514 2372 Trid.
1564 2328 1774 2386 Synodus
1808 2332 1858 2371 ut
1890 2327 1964 2372 ubi

183 2408 306 2453 nulla
341 2408 447 2453 huic
480 2409 626 2454 officio
660 2410 878 2468 deputata
905 2411 1161 2468 praebenda
1188 2411 1459 2469 reperiatur,
1486 2412 1744 2470 praebenda
1777 2426 1965 2471 quomo·

183 2491 458 2552 domnique,
502 2497 681 2550 praeter
712 2507 852 2552 quam
898 2508 956 2538 ex
989 2507 1126 2539 causa
1162 2494 1503 2553 resignationis,
1539 2495 1686 2553 primo
1725 2500 1964 2550 vacatura,

187 2573 281 2631 ipso
316 2575 436 2619 facto
469 2576 524 2620 ad
557 2590 663 2620 eum
701 2590 833 2622 usum
874 2581 1094 2636 perpetuo
1127 2576 1380 2622 constituta
1413 2582 1459 2622 et
1490 2578 1708 2636 deputata
1743 2578 1967 2636 intelliga-

184 2661 274 2701 tur.
311 2659 616 2711 Quamobrem
642 2673 700 2704 ex
724 2659 975 2704 redditibus
1011 2661 1298 2719 praebendae
1321 2661 1574 2718 separanda
1597 2665 1667 2705 est
1699 2660 1832 2705 tertia
1865 2673 1967 2719 pars

185 2741 438 2796 fructuum,
472 2756 588 2800 quae
612 2742 802 2800 singulis
825 2742 1098 2788 lectionibus
1123 2757 1201 2801 pro
1227 2748 1322 2788 rata
1344 2743 1561 2787 tribuitur
1587 2746 1657 2788 vel
1691 2743 1962 2788 detrahitur.

183 2826 279 2877 Qua
315 2824 423 2868 hora
448 2838 575 2879 vero,
610 2825 775 2884 quibus
798 2825 956 2870 diebus
981 2826 1226 2870 lectionem
1251 2825 1451 2881 habebit,
1487 2826 1523 2869 si
1548 2825 1664 2871 nolit
1695 2826 1835 2870 choro
1859 2840 1964 2871 cum

305 2943 314 2962 ¹
342 2944 395 2980 De
421 2945 504 2990 Syn.
524 2944 547 2981 l.
565 2945 664 2988 XIII,
683 2955 719 2981 11.
737 2945 769 2988 9,
791 2946 847 2982 17.

306 3015 319 3032 ¹
345 3014 395 3052 Cf.
410 3014 564 3053 eonem.
582 3016 735 3053 Lacens.
757 3016 826 3052 vol.
845 3016 872 3062 1,
891 3027 925 3063 p.
943 3017 1024 3054 550.

305 3086 319 3105 ⁸
343 3086 378 3123 S.
397 3086 530 3133 Congr.
544 3087 654 3124 Cone.
675 3087 718 3124 10
735 3088 827 3125 iunii
848 3087 948 3126 1876.
969 3088 1087 3135 (Acta,
1107 3089 1177 3125 vol.
1197 3089 1241 3134 X,
1263 3098 1296 3135 p.
1316 3088 1412 3135 250).
