2176 3386
791 190 921 219 Lusi-:n
950 191 974 218 1.
1005 189 1062 217 DE
1091 189 1287 218 CLEmms
1880 177 1930 217 91

146 301 293 344 turale
325 300 593 359 ceteroquin
625 297 770 355 exigit
801 303 852 342 ut
884 297 1078 342 alicuius
1109 286 1218 354 legis
1255 295 1470 354 obligatio
1501 302 1775 352 perseveret,
1813 306 1932 348 neve

147 396 268 427 nova
301 381 516 440 obligatio
548 381 809 435 inducatur,
846 380 931 425 nisi
966 384 1147 425 constet
1179 382 1260 424 aut
1283 379 1486 436 leyict'me
1517 381 1764 436 praesumi
1793 379 1933 438 possit

147 468 292 524 legem
327 467 465 511 latam
499 480 524 511 a
560 466 833 523 Legislatore
867 465 1150 522 abrogatam,
1185 467 1266 508 aut
1290 477 1459 507 novam
1479 463 1623 520 legem
1649 462 1790 508 latam
1814 454 1927 508 esse.

264 549 378 603 Quia
412 554 567 593 autem
603 563 694 592 non
729 561 890 593 omnes
933 546 1292 592 consuetudines
1325 560 1349 590 a
1392 545 1606 604 Principe
1648 559 1932 603 cognoscun-

145 637 235 690 tur,
267 633 416 691 quoad
439 632 520 677 has
542 632 899 677 consuetudines
931 644 1044 690 quas
1069 631 1288 688 princeps‘
1304 630 1499 687 ignorat,
1525 644 1583 674 ex
1610 634 1738 688 parte
1762 629 1931 675 Princi-

149 715 216 774 pis
237 729 490 760 consensus
511 721 842 772 praesumptus
873 729 952 760 sea
976 714 1141 770 leyalis
1163 713 1346 769 sufficit,
1371 726 1425 757 eo
1447 713 1552 772 quia
1588 713 1635 757 in
1661 713 1757 758 iure
1790 713 1928 758 etiam

147 800 373 842 canonico
416 811 578 842 omues
623 797 868 842 rationales
917 797 1276 863 consuetudines
1318 797 1523 853 leye'cimo
1559 803 1764 854 tempore
1794 812 1931 854 prae-

144 883 343 938 scriptas
377 881 592 939 Princeps
625 880 846 938 adprobat
882 881 909 924 ¹.

263 967 474 1009 Ceterum
518 964 693 1008 clarum
743 968 811 1008 est
860 963 980 1008 illius
1028 963 1249 1022 Principis
1301 977 1577 1009 consensum
1630 968 1827 1031 tacitam,
1859 967 1931 1011 vel

140 1054 500 1104 praesumptam
535 1047 670 1105 exigi,
707 1047 782 1106 qui
818 1048 866 1091 in
902 1062 953 1091 ea
988 1046 1325 1092 communitate
1359 1049 1479 1105 leges
1522 1048 1697 1092 ferendi
1735 1052 1930 1106 potesta·

148 1136 239 1174 tem
285 1130 433 1175 babet.
480 1130 596 1175 Hinc
637 1145 682 1175 v.
726 1145 767 1188 g.
823 1131 867 1175 in
917 1131 1330 1175 consuetudinibus
1381 1132 1609 1176 Ecclesiae
1654 1132 1932 1178 universalis

146 1214 187 1257 S.
228 1213 459 1258 pontilicis
491 1228 739 1258 consens-ecs
774 1214 1035 1273 requiritur,
1065 1214 1109 1258 in
1134 1215 1546 1259 consuetudinibus
1576 1215 1796 1261 dioecesis
1833 1218 1931 1276 Epi-

144 1299 282 1354 scopi.
323 1302 417 1342 lmo
451 1297 810 1357 uniuscuiusque
844 1297 1191 1342 consuetudinis
1228 1298 1295 1341 vis
1328 1298 1383 1342 ad
1417 1313 1467 1342 ea
1499 1312 1597 1343 sese
1619 1300 1847 1356 extendit,
1874 1302 1929 1346 ad

143 1393 260 1437 quae
295 1380 653 1439 uniuscuius‹31ue
690 1381 957 1438 legislatoris
992 1386 1192 1440 potestas
1227 1381 1409 1438 legifera
1435 1396 1482 1426 se
1502 1384 1747 1440 protendit.
1786 1386 1826 1440 b)
1866 1389 1932 1430 Ex

143 1470 279 1519 parte
313 1465 662 1509 consuetudinis
693 1464 893 1522 exigitur
926 1470 976 1508 ut
1009 1466 1294 1509 consuetudo
1328 1466 1386 1510 sit
1410 1467 1614 1521 leqitime
1635 1472 1929 1526 praescripta

145 1551 374 1606 quatenus
406 1562 572 1605 nempe
606 1554 809 1605 tempore
841 1562 864 1592 a
915 1549 1008 1605 lege
1040 1550 1294 1607 praefinito
1334 1549 1678 1606 perduraverit:
1727 1557 1774 1595 et
1806 1567 1930 1597 com-

147 1631 350 1675 muniter
381 1632 660 1676 decennium
696 1646 775 1689 pro
807 1646 1097 1691 quacumque
1122 1632 1455 1676 consuetudine
1490 1633 1750 1690 assignatur
1774 1634 1806 1678 2'.
1847 1639 1930 1680 Ve-

146 1728 245 1758 rum
282 1715 394 1759 haec
440 1715 641 1760 conditio
682 1720 751 1759 est
798 1714 1104 1773 hypothetica.
1152 1718 1266 1759 Nam
1302 1715 1514 1760 decennii
1549 1716 1838 1762 continuatio
1871 1733 1929 1762 ex

146 1804 272 1856 parte
306 1799 653 1843 consuetudinis
689 1799 935 1858 requiritur
968 1801 1012 1842 in
1050 1799 1162 1853 iure,
1198 1800 1253 1842 ad
1290 1798 1558 1856 legislatoris
1591 1801 1790 1856 bessalem
1824 1815 1929 1844 eorn-

143 1896 329 1926 sensum
361 1882 785 1938 praeswnemlum‚·
820 1882 970 1938 agitur
995 1881 1181 1939 proinde
1205 1883 1259 1926 de
1285 1883 1619 1928 consuetudine
1643 1898 1782 1942 quam
1808 1884 1927 1942 prin-

144 1979 250 2022 ceps
283 1964 478 2022 ignorat.
515 1971 665 2019 Quare
698 1965 734 2009 si
769 1969 877 2009 ante
920 1965 1200 2009 decennicmz
1245 1966 1460 2024 Princeps
1504 1968 1686 2024 cognita
1738 1980 1929 2012 consue-

145 2048 306 2092 tudine
339 2048 477 2093 tacite
510 2049 747 2104 assentiat,
774 2049 1073 2104 consuetudo,
1103 2048 1148 2092 ni
1182 2048 1304 2092 aliud
1338 2049 1503 2104 obstet,
1538 2053 1696 2095 statim
1722 2051 1816 2095 vim
1852 2051 1928 2096 ha-

145 2131 250 2176 bere
285 2136 432 2190 potest
465 2132 494 2176 ³.
542 2137 663 2177 llaec
708 2146 766 2176 ex
811 2136 939 2189 parte
972 2131 1080 2189 legis
1115 2145 1205 2176 non
1251 2131 1567 2190 requiruntur,
1604 2147 1709 2177 cum
1746 2133 1791 2178 in
1830 2134 1927 2193 lege

145 2215 365 2273 Principis
387 2230 602 2273 expressa
638 2216 852 2260 voluntas
884 2229 1065 2272 semper
1100 2215 1343 2259 manifesta
1377 2216 1449 2259 sit.

263 2302 300 2354 e)
345 2303 410 2344 Ex
428 2306 567 2356 parte
588 2300 938 2344 communicatis
962 2312 1089 2354 vero,
1115 2312 1221 2343 cum
1240 2299 1525 2343 consuetudo
1548 2313 1607 2343 ex
1631 2299 1772 2357 ipsius
1803 2314 1927 2346 com·

146 2383 385 2428 munitatis
411 2384 532 2428 facto
565 2383 757 2437 oriatur,
789 2382 1053 2441 requiritur,
1081 2391 1129 2425 ut
1152 2381 1464 2426 communitas
1487 2396 1567 2426 sua
1591 2384 1925 2428 consuetudine

224 2474 246 2497 Ο

265 2553 272 2571 ¹
303 2553 388 2598 Cap.
427 2553 489 2588 ult.
528 2553 572 2588 de
612 2552 889 2596 consuetudine;
928 2552 949 2588 l.
977 2552 1022 2587 52
1054 2557 1089 2588 et
1115 2551 1161 2587 55
1187 2551 1221 2588 ff.
1249 2552 1293 2588 de
1323 2553 1401 2595 LL.‚·
1442 2552 1463 2587 l.
1493 2553 1555 2588 ult.
1583 2552 1728 2589 Codicis
1760 2561 1853 2597 quae
1881 2553 1927 2588 sit

145 2623 258 2669 longa
283 2634 385 2661 cons.

263 2695 275 2713 ²
301 2696 436 2732 Bened.
463 2696 560 2740 XIV,
587 2696 631 2732 de
658 2695 794 2741 Synod.
822 2695 919 2738 XIII,
946 2695 1002 2731 54.
1038 2697 1092 2732 Ex
1119 2700 1194 2732 toto
1216 2696 1306 2732 titul.
1329 2696 1415 2747 Cod.
1443 2705 1537 2741 quae
1565 2696 1610 2731 sit
1638 2695 1751 2741 longa
1776 2704 1928 2732 consue-

144 2767 229 2808 tud„
257 2766 348 2803 l.10.
376 2767 407 2803 si
434 2767 557 2804 servit.
586 2767 680 2804 vind.
709 2767 778 2810 Qui
807 2767 961 2812 exigunt
987 2767 1145 2813 spatium
1173 2767 1220 2804 40
1244 2777 1427 2803 annorum
1454 2777 1496 2803 ex
1526 2777 1605 2812 cap.
1625 2766 1667 2802 21
1689 2766 1733 2802 de
1761 2772 1925 2803 consuet.

143 2842 246 2874 notat
275 2838 514 2875 D’ANNIBALE
539 2844 704 2875 consuet.
731 2848 815 2876 cum
843 2839 1130 2884 praescriptione
1157 2839 1399 2875 contundunt.
1431 2839 1575 2875 Suanaz
1604 2838 1682 2880 Vll,
1712 2837 1765 2880 18,
1792 2837 1849 2873 24.

266 2908 278 2928 ³
304 2909 389 2945 Can.
417 2910 451 2948 7.
477 2910 559 2946 dist.
588 2910 642 2946 12.
668 2910 757 2956 Arg.
783 2921 827 2947 ex
857 2911 878 2946 l.
908 2910 920 2945 1
954 2910 992 2947 C.
1020 2920 1113 2955 quae
1140 2911 1188 2947 sit
1214 2910 1314 2956 long.
1341 2920 1455 2952 cons.;
1482 2914 1495 2949 Ξ
1525 2911 1541 2945 1
1571 2909 1661 2946 Inst.
1687 2909 1731 2945 de
1762 2918 1926 2954 usucap.;

146 2981 165 3018 l.
196 2981 249 3018 11.
277 2981 421 3017 Codicis
460 2982 504 3018 de
535 2982 748 3027 praescript.
787 2982 885 3028 long.
916 2987 1024 3028 temp.
1058 2982 1126 3018 Cfr.
1165 2981 1325 3019 Macrin
1352 2992 1411 3027 op.
1440 2991 1469 3018 o.
1496 2982 1541 3018 de
1569 2986 1733 3018 consuet.
1761 2985 1829 3018 etc.
1857 2985 1926 3016 ele.

143 3053 198 3089 Ex
225 3062 303 3099 cap.
329 3052 351 3088 5
376 3053 420 3089 de
447 3059 592 3098 cognat.
618 3054 734 3099 spirit.
761 3054 802 3090 D.
823 3054 952 3091 Thom.
984 3054 1036 3090 1².
1062 3053 1138 3090 2³⁶³.
1163 3052 1220 3096 97,
1248 3054 1269 3089 5
1295 3053 1340 3090 ad
1365 3053 1398 3090 5.
1426 3054 1578 3089 Ramrr.
1605 3053 1631 3095 Ι,
1658 3052 1720 3097 IV,
1746 3051 1802 3088 95.
