2176 3386
71 0 98 26 τι]

268 179 348 220 200
912 193 1022 223 PARS
1050 194 1074 223 1.
1112 194 1168 222 DE
1197 194 1409 223 pensoms

268 298 438 343 abusus
471 299 542 343 vel
575 300 795 345 delictum
830 301 950 359 quod
983 301 1038 345 ad
1071 315 1178 346 eum
1211 302 1417 346 defertur
1459 316 1569 347 vere
1610 302 1781 348 existat
1818 318 1871 349 ac
1918 305 2049 351 cuius

270 387 463 446 naturae
496 387 542 427 et
574 382 814 441 gravitatis
845 384 920 439 sit,
956 389 1007 428 ut
1041 383 1085 427 in
1121 383 1404 429 conscientia
1440 384 1848 444 iudicare'possit,
1894 391 2047 433 utrum

270 465 358 509 ulla
392 466 583 510 omnino
616 470 662 510 et
693 480 809 525 quae
843 466 1040 510 remedia
1076 467 1290 512 adhibere
1322 467 1499 512 debeat.
1539 467 1792 527 Inquisitio,
1817 484 1954 528 quam
1982 469 2049 514 in-

269 547 445 602 stituet,
471 549 559 593 erit
581 554 660 593 aut
683 550 907 606 generalis
929 555 1008 593 aut
1031 550 1264 608 specialis:
1301 550 1541 608 generalis,
1569 553 1752 610 quando
1775 553 1942 597 abusus
1979 555 2048 599 xel

268 630 486 675 delictum
521 636 703 676 tantum
739 633 836 677 sine
869 633 1181 691 delinquentis
1205 633 1393 678 nomine
1417 634 1472 678 ad
1500 634 1704 692 Episcopi
1732 636 1945 697 notitiam
1973 651 2046 681 ve·

269 715 364 771 nit,
391 715 616 774 specialis,
641 717 823 774 quando
849 731 937 760 una
963 730 1067 760 cum
1093 717 1235 761 abusu
1263 718 1335 761 vel
1359 718 1525 763 delicto
1549 718 1688 763 etiam
1715 733 1883 764 nomen
1908 720 2048 765 delin-

267 798 451 855 quentis
483 797 537 841 ad
572 812 676 841 euin
713 798 914 841 delatum
952 803 1034 841 est.
1077 797 1323 856 Episcopus
1366 799 1484 843 lianc
1527 799 1871 858 inquisitionem
1920 801 2046 845 insti-

267 879 356 923 tuit
393 880 460 923 vel
500 881 590 937 ipse
627 895 704 938 per
735 895 799 935 se,
839 881 908 924 vel
958 896 1035 938 per
1074 881 1214 925 alium
1258 882 1406 925 viruin
1450 882 1809 927 ecclesiasticum
1854 885 1911 927 al)
1953 883 2049 942 ipso

267 963 552 1020 deputatum.
591 964 631 1007 si
669 968 807 1007 testes
840 964 1137 1008 examinandi
1174 969 1306 1019 sunt,
1354 979 1431 1009 eos
1477 970 1654 1010 secreto
1698 971 1744 1010 et
1782 966 2048 1023 singillatim

267 1047 519 1091 examinet.
556 1050 768 1092 Celerum
807 1061 916 1091 vero
949 1052 1095 1101 curet,
1133 1052 1182 1091 ut
1215 1053 1313 1092 tum
1350 1049 1536 1093 testium
1571 1048 1905 1107 depositiones,
1952 1054 2047 1092 tum

269 1129 619 1173 informationes
652 1130 858 1189 aliaeque
894 1131 1152 1175 huiusmodi
1190 1131 1481 1189 probationes
1515 1132 1683 1190 scripto
1719 1133 1974 1187 tradantur,
2001 1137 2048 1177 et

267 1210 311 1254 iu
347 1213 478 1256 Curia
512 1219 773 1267 serventur,
811 1219 860 1257 ut
892 1213 927 1256 si
961 1227 1074 1272 opus
1097 1213 1154 1258 sit
1177 1214 1231 1258 ad
1258 1213 1470 1259 ulteriora
1498 1215 1740 1272 procedere
1766 1215 1905 1273 possit
1927 1221 1973 1259 et
1996 1221 2046 1259 ut

266 1297 528 1340 auctoritati
562 1298 899 1343 ecclesiasticae
933 1297 1181 1355 superioris
1205 1298 1384 1355 gradus,
1412 1298 1456 1342 in
1482 1312 1587 1343 casu
1615 1299 1803 1356 legitimi
1839 1313 2068 1365 recursus

266 1379 407 1423 totius
443 1380 502 1424 rei
541 1381 765 1424 rationem
804 1381 975 1425 reddat.

395 1465 495 1507 ⁶259.
533 1467 626 1507 Hae
662 1464 958 1522 inquisitione
983 1470 1182 1522 peracta,
1214 1465 1456 1523 Episcopus
1491 1465 1676 1521 iudicat,
1704 1470 1857 1510 utrum
1895 1467 2050 1525 proba-

267 1546 430 1602 tiones,
454 1547 523 1590 vel
549 1548 710 1592 saltem
739 1547 904 1593 iudicia
931 1548 974 1591 in
999 1548 1151 1607 aliquo
1175 1549 1319 1607 pretio
1343 1549 1550 1593 habenda
1574 1548 1854 1594 sufficienter
1876 1549 2042 1605 adsint,

265 1645 381 1689 quae
414 1645 519 1674 euin
555 1631 608 1675 ad
645 1632 834 1676 ulterius
867 1632 1206 1690 procedendum
1241 1637 1400 1676 contra
1438 1631 1705 1690 inquisitum
1741 1632 1941 1690 adigant.
2003 1633 2044 1677 Si

266 1715 456 1758 ulterius
491 1716 734 1772 procedere
767 1716 917 1771 debet,
942 1720 988 1760 et
1012 1721 1175 1760 natura
1199 1729 1252 1759 ac
1275 1715 1477 1773 gravitas
1510 1715 1678 1759 abusus
1701 1717 1772 1760 vel
1805 1715 1959 1760 delicti
1991 1715 2046 1760 de

264 1811 353 1856 quo
389 1798 637 1857 inquiritur
670 1798 795 1853 sinit,
834 1812 924 1843 non
960 1798 1117 1842 statim
1150 1799 1207 1842 ad
1240 1812 1501 1856 processum
1538 1797 1795 1843 iudicialem
1823 1802 2042 1854 transeat,

265 1881 340 1924 sed
376 1881 509 1925 modo
544 1882 878 1926 extraiudiciali
917 1882 1063 1926 media
1098 1882 1311 1926 adhibeat
1347 1881 1710 1939 praevenientia,
1735 1895 1851 1940 qnae
1877 1882 2044 1939 praeci·

266 1977 350 2021 pue
384 1969 519 2008 sunt:
561 1964 788 2010 Exercitia
822 1965 1092 2023 spiritualia,
1133 1964 1410 2009 Monitiones
1443 1970 1488 2009 et
1516 1969 1828 2022 Praeceptum.
1866 1968 2046 2009 Secreto

265 2048 403 2105 igitur
434 2048 705 2107 inquisitum
740 2050 794 2093 ad
828 2063 875 2094 se
909 2055 1135 2105 arcessat;
1171 2064 1287 2109 quae
1321 2054 1480 2094 contra
1517 2064 1616 2093 euni
1653 2054 1840 2094 exstant
1861 2063 2047 2095 accusa·

264 2131 413 2175 tiones
447 2131 528 2189 ipsi
563 2133 748 2190 pandat,
785 2133 860 2192 qui
899 2138 1052 2178 lamen
1087 2133 1311 2191 originem
1348 2132 1538 2178 notitiae
1580 2137 1627 2177 et
1664 2133 1946 2191 deponentes
1985 2132 2046 2177 ei-

263 2214 366 2258 dem
402 2220 535 2259 notos
569 2216 731 2270 taciat3
770 2216 903 2260 modo
938 2221 1154 2274 paternae
1187 2216 1489 2274 correptionis
1512 2218 1524 2239 ¹
1559 2230 1663 2260 eum
1690 2219 1892 2271 moneat,
1918 2221 1969 2260 ut
1990 2217 2045 2261 ad

264 2309 424 2340 sensus
459 2296 667 2341 meliores
701 2298 871 2343 redeat.
910 2298 951 2342 si
989 2313 1097 2342 vero
1131 2313 1236 2343 eum
1271 2312 1501 2343 arcessere
1538 2300 1666 2353 nolit,
1695 2313 1773 2356 per
1805 2298 2040 2358 epistolam

265 2381 337 2424 vel
374 2395 452 2437 per
485 2381 801 2438 interpositam
830 2395 1071 2438 personam
1100 2381 1379 2425 monitiones
1403 2385 1616 2438 paternas
1640 2380 1720 2438 ipsi
1746 2381 1917 2436 mittat,
1947 2380 2045 2425 sine

264 2463 351 2506 ulla
391 2468 543 2507 tamen
578 2463 942 2508 comminatione
978 2478 1164 2521 poenae.
1204 2463 1244 2508 Si
1281 2463 1525 2522 inquisitus
1557 2464 1743 2508 accedat
1768 2469 1813 2507 et
1835 2464 1890 2508 ad
1913 2477 2044 2509 accu-

263 2548 489 2593 sationem
523 2549 848 2593 destruendam
886 2548 1164 2607 perxenerit,
1205 2547 1274 2591 vel
1307 2547 1446 2591 etiam
1481 2546 1515 2590 si
1541 2547 1598 2590 ab
1621 2547 1805 2605 incepto
1827 2546 2044 2591 desistere

265 2630 504 2689 promittat
537 2636 583 2675 et
618 2631 789 2675 malum
825 2644 1053 2688 reparare,
1088 2644 1142 2675 ac
1176 2643 1332 2687 reapse
1366 2634 1544 2687 satagat
1577 2632 1628 2673 ut
1667 2629 1886 2687 promissa
1936 2643 2042 2673 exe·
2100 2647 2102 2650 ’

262 2721 446 2774 quatur,
484 2714 596 2758 nitiil
632 2714 749 2758 ultra
783 2719 851 2758 est
884 2713 1131 2771 agendum.
1171 2715 1226 2756 At
1259 2712 1292 2755 si
1330 2726 1421 2756 non
1455 2712 1659 2768 accedat,
1697 2713 1771 2757 vel
1794 2712 1927 2756 aliter
1949 2725 2042 2756 mo-

264 2797 464 2843 nitiones
507 2803 719 2863 paternas
763 2802 972 2854 spernat,
1022 2796 1264 2854 Episcopus
1308 2795 1586 2840 monitiones
1630 2795 1878 2840 canonicas
1919 2794 2042 2839 adhi-

262 2882 400 2927 bebit.

382 3065 390 3084 ¹
420 3065 521 3101 Mati.
547 3064 682 3107 XVIII,
704 3064 829 3100 15-17.
