2176 3386
226 156 282 196 42
875 163 984 192 PARS
1015 164 1038 191 1.
1074 163 1130 191 DE
1161 161 1370 191 PERSONIS

228 275 437 334 apprime
469 272 766 318 attendenda.
805 272 883 316 His
917 270 1095 338 positis,
1132 268 1461 327 expendendae
1493 273 1602 313 sunt
1641 268 1761 326 leges
1801 267 2008 326 propriae

232 363 332 402 tum
366 356 514 415 quoad
547 356 785 409 electores,
820 359 918 398 tum
952 353 1100 412 quoad
1133 351 1380 409 eligendos,
1416 355 1516 396 tum
1539 350 1736 407 denique
1758 350 1906 409 quoad
1923 350 2011 395 ele-

229 439 400 486 ctionis
434 441 646 484 formam.

354 523 424 567 52.
461 520 618 575 Quoad
650 521 887 574 electores,
925 517 1005 563 vix
1045 522 1115 562 est
1157 517 1276 576 quod
1318 530 1343 561 a
1388 516 1484 561 iure
1525 514 1764 561 communi
1811 515 2007 560 recedat.

234 608 350 649 Nam
384 604 504 663 quod
536 602 686 648 clerici
725 603 770 646 in
804 601 945 646 sacris
978 614 1071 645 non
1111 598 1349 645 constituti
1385 602 1616 658 nequeant
1648 598 1869 643 electores
1895 610 2009 652 esse,

233 688 340 732 licet
373 686 561 745 professi
595 686 704 740 sint,
747 685 981 743 multoque
1015 683 1169 728 minus
1201 682 1303 727 laici
1338 681 1567 738 conversi,
1606 681 1645 725 id
1682 681 1919 726 conforme
1943 684 2013 724 est

235 771 321 816 iuri
355 769 609 815 communi.
648 770 775 822 Quod
801 782 911 813 vero
934 767 990 811 ab
1013 766 1235 811 eiusmodi
1271 767 1367 823 lege
1399 764 1594 810 Ordines
1627 764 1910 818 eximantur,
1935 761 2012 821 qui

231 853 457 898 obeundis
489 851 818 910 temporalibus
854 850 1122 895 ministeriis
1145 854 1254 893 sunt
1276 847 1475 893 instituti
1500 847 1716 906 laicisque
1742 848 1884 891 ferme
1906 859 2012 890 con-

235 940 376 989 stant,
414 935 456 979 id
492 935 572 993 ipsi
606 934 830 980 Ordinum
867 939 1059 978 naturae
1093 937 1160 977 est
1194 931 1397 990 apprime
1432 934 1813 975 consentaneum.

355 1021 424 1064 55.
462 1019 620 1073 Quoad
643 1018 892 1076 eligendos,
919 1017 1031 1061 haec
1057 1015 1160 1060 unix
1175 1029 1274 1060 erse
1299 1013 1589 1071 Regularium
1614 1015 1722 1057 sunt
1744 1008 1939 1070 propria,
1963 1015 2015 1055 ut

235 1118 401 1161 nempe
425 1103 526 1160 eligi
548 1106 747 1161 nequeat
771 1101 856 1145 nisi
874 1100 951 1159 qui
974 1100 1033 1144 sit
1050 1114 1107 1144 ex
1132 1099 1291 1144 eodem
1308 1096 1495 1151 Ordine,
1518 1096 1563 1140 in
1582 1096 1742 1140 eodem
1768 1096 2009 1153 professus.

289 1190 292 1192 ’
354 1187 425 1231 54.
462 1185 619 1239 Quoad
654 1184 893 1239 moniales,
929 1183 972 1228 id
1006 1182 1245 1241 speciatim
1279 1180 1543 1240 requiritur,
1571 1184 1621 1223 ut
1642 1193 1695 1224 ea
1717 1192 1833 1238 quae
1858 1177 1904 1221 in
1930 1177 2013 1221 Ab-

235 1270 452 1314 batissam
487 1269 669 1326 eligitur
701 1267 1100 1327 quadragesimum
1135 1266 1300 1310 aetatis
1341 1278 1534 1320 annum,
1585 1269 1632 1308 et
1663 1267 1879 1308 octavum
1916 1274 2014 1318 pro·

236 1353 445 1398 fessionis
478 1351 696 1409 exegerit.
735 1351 863 1405 Quod
897 1350 933 1395 si
967 1351 1091 1394 nulla
1126 1349 1380 1408 reperiatur
1414 1347 1481 1392 bis
1515 1346 1717 1406 praedita
1741 1343 2013 1391 conditioni-

235 1437 334 1490 bus,
373 1434 655 1492 permittitur
688 1432 956 1492 prudentiae
991 1431 1243 1490 Superioris
1274 1431 1350 1490 qui
1384 1428 1597 1475 electioni
1632 1432 1809 1488 praeest
1841 1431 1891 1470 ut
1925 1430 2014 1470 sta·

236 1522 352 1573 tuat,
388 1522 544 1562 utrum
578 1532 636 1561 ex
670 1517 830 1562 eodem
866 1515 1146 1560 monasterio
1178 1514 1385 1572 eligenda
1423 1513 1482 1558 sit
1513 1511 1662 1571 aliqua
1694 1524 1810 1570 quae
1852 1510 2014 1554 saltem

233 1599 486 1645 excesserit
521 1598 709 1657 triginta
749 1612 895 1643 annos
927 1598 984 1642 ab
1016 1603 1136 1652 ortu,
1173 1601 1218 1641 et
1260 1596 1461 1655 quinque
1505 1610 1529 1639 a
1573 1594 1852 1652 professione
1893 1596 2016 1635 recte

238 1682 424 1738 vixerit,
452 1683 524 1726 vel
559 1687 714 1725 utrum
739 1680 840 1738 eligi
864 1681 1027 1725 debeat
1050 1694 1107 1725 ex
1132 1680 1220 1725 alio
1243 1678 1447 1723 eiusdem
1476 1676 1659 1722 Ordinis
1685 1673 1962 1720 monasterio
1982 1674 2011 1716 ².

234 1765 279 1809 si
325 1768 409 1811 boc
450 1766 645 1810 alterum
691 1764 786 1809 lieri
835 1764 1073 1822 expediat,
1109 1763 1357 1808 obtinenda
1401 1765 1470 1806 est
1508 1762 1700 1806 facultas
1734 1757 2016 1816 Apostolicae

235 1849 362 1895 Sedis
396 1855 445 1893 ut
486 1850 629 1893 electa
676 1848 815 1906 possit
848 1847 1021 1905 regredi
1055 1862 1079 1892 a
1113 1860 1194 1891 suo
1230 1844 1508 1890 Monasterio
1531 1846 1562 1886 ².
1599 1843 1726 1897 Quod
1760 1841 1795 1886 si
1829 1843 2014 1885 demum

237 1948 323 1979 nec
356 1933 461 1978 alibi
495 1933 737 1992 quaepiam
781 1931 1036 1991 reperiatur
1067 1945 1183 1990 quae
1227 1928 1548 1988 praestitutum
1582 1925 1745 1971 aetatis
1779 1923 2016 1983 professio·

239 2016 399 2075 nisqu'e
434 2020 614 2073 tempus
647 2013 920 2070 expleverit,
946 2019 1058 2057 tunc
1093 2012 1362 2071 postulanda
1397 2011 1484 2054 erit
1516 2009 1572 2054 ab
1596 2006 1850 2066 Apostolica
1885 2006 2011 2050 Sede.

359 2100 622 2144 Abbatissae
659 2098 908 2143 triennium
943 2098 1258 2156 praefecturae
1294 2109 1384 2139 non
1419 2094 1588 2138 debent
1631 2091 1853 2136 excedere
1888 2091 2016 2134 iuxta

234 2183 428 2229 Constit.
467 2182 668 2240 Gregorii
705 2186 801 2228 xm
841 2184 1048 2239 Exposcit
1081 2181 1297 2224 debitum.
1338 2178 1416 2222 Ubi
1442 2191 1552 2222 vero
1575 2191 1633 2220 ex
1657 2175 1800 2234 gratia
1824 2175 1880 2218 ab
1904 2176 2016 2231 Apo-

236 2267 395 2312 stolica
430 2267 540 2311 Sede
565 2267 808 2324 impetrata
843 2266 899 2310 ad
932 2265 1185 2310 seeundum
1222 2261 1474 2307 triennium
1509 2259 1707 2318 eligitur,
1734 2273 1827 2303 non
1851 2257 2018 2316 poterit

235 2350 389 2395 denuo
422 2364 447 2394 a
482 2350 757 2394 monialibus
798 2348 901 2407 eligi
943 2349 998 2392 ad
1043 2348 1231 2392 tertium
1277 2345 1530 2398 triennium
1570 2343 1738 2402 absque
1774 2355 1894 2386 nova
1927 2340 2016 2384 dis-

239 2434 524 2492 pensatione.
579 2437 749 2477 Exacto
784 2431 1010 2483 triennio,
1047 2432 1082 2476 si
1119 2432 1235 2476 forte
1268 2430 1505 2486 contingat
1539 2432 1590 2471 ut
1624 2440 1748 2480 nova,
1780 2423 2016 2471 Abbatissa

241 2531 332 2562 non
366 2516 575 2574 eligatur,
613 2516 773 2575 nequit
807 2516 880 2560 illa
913 2530 1030 2575 quae
1065 2513 1318 2559 triennium
1352 2511 1602 2570 complevit
1635 2523 1768 2555 suum
1814 2508 2018 2565 regimen

235 2599 512 2643 continuare
546 2598 678 2642 titulo
715 2598 935 2643 praesidis
977 2598 1050 2642 vel
1092 2596 1295 2657 quolibet
1336 2595 1449 2651 alio,
1486 2595 1562 2639 sed
1607 2591 1810 2649 regimen
1849 2588 2019 2635 seniori

237 2681 427 2726 moniali
462 2682 767 2725 demandetur
799 2685 978 2739 oportet
1002 2681 1032 2725 ³.

361 2891 367 2908 ¹
399 2891 533 2927 Concil.
562 2891 658 2927 Trid.
687 2891 782 2926 Ses‹.
810 2890 865 2933 ⁶25,
893 2900 972 2935 cap.
1002 2890 1019 2924 7
1049 2891 1092 2926 de
1122 2891 1210 2935 Reg.

360 2962 371 2979 ²
399 2962 556 2998 Ginxbm
584 2961 674 3005 Exp.
706 2961 796 2997 luris
825 2961 926 2996 Pont.
955 2961 993 2996 P.
1021 2960 1041 2995 2
1069 2966 1158 2997 sect.
1190 2960 1266 2998 162.

359 3034 371 3052 ³
399 3035 496 3071 Sacr.
517 3034 649 3076 Congr.
678 3033 848 3078 Episcop.
877 3036 911 3068 et
941 3032 1066 3077 Regul.
1096 3033 1133 3067 in
1161 3032 1354 3067 Mazarien.
1381 3033 1403 3067 8
1430 3030 1544 3066 Martii
1575 3030 1678 3066 170οε
