2176 3386
219 151 297 193 120
859 165 969 195 PARS
998 167 1022 195 1.
1059 167 1115 195 DE
1144 160 1355 196 PERSONIS

174 315 178 319 ,
217 270 382 328 pellata
415 275 484 316 est
515 271 714 315 collectio
750 273 920 316 Isidori
951 275 1238 329 Mercatoris,
1273 274 1346 318 vel
1378 274 1444 318 uti
1471 274 1678 320 nonnulli
1703 277 1867 323 volunt
1890 282 1997 325 Pec-

214 356 400 399 catoris.
438 353 582 398 Huius
613 354 898 400 collectionis
931 359 1094 399 auctor
1116 369 1207 400 non
1243 357 1549 414 cognoscitur.
1594 361 1780 404 Certum
1815 365 1884 406 est
1915 376 1994 407 au·

216 440 391 481 ctorem
435 437 754 482 collectionem
789 437 1023 482 nonnullis
1055 437 1259 495 Gregorii
1305 438 1457 497 Magni
1499 440 1803 488 decretalibus
1842 445 1996 502 exple·

217 518 355 575 visse,
391 520 457 564 uti
490 520 584 578 ipse
617 520 682 564 ait
715 520 761 564 in
802 520 1110 579 praefatione3
1146 524 1193 565 et
1224 522 1345 580 quod
1374 522 1574 580 pertinet
1589 523 1646 568 ad
1663 538 1866 570 canones
1887 541 1995 572 con·

216 601 427 647 ciliorum
461 602 507 647 in
553 603 626 648 illa
667 603 936 648 collectione
983 603 1214 659 collectos,
1255 609 1417 649 auctor
1457 619 1558 650 eam
1602 607 1807 664 explevit
1847 609 1894 653 in
1927 623 1994 655 se-

217 686 369 730 cundo
412 686 606 732 concilio
646 686 900 743 Hispalensi
950 700 1074 731 anno
1121 688 1230 743 619,
1266 687 1331 732 uti
1371 692 1568 733 testatur
1606 689 1858 736 Cardinalis
1906 695 1994 737 An·

218 768 383 826 guirre.
421 772 630 815 Canones
661 770 784 814 enim
821 770 1015 815 aliorum
1050 770 1357 816 Conciliorum
1391 786 1508 831 quae
1547 786 1690 832 usque
1736 774 1790 818 ad
1840 788 1995 820 saecu-

218 852 309 896 lurn
345 856 563 897 octavum
602 853 829 898 celebrata
877 857 1003 907 sunt,
1051 867 1135 898 nec
1180 868 1271 898 non
1312 854 1564 900 decretales
1610 856 1884 902 Pontificum
1917 858 1994 917 qui

218 939 318 993 post
350 934 617 993 Gregorium
655 940 874 993 Magnum
907 940 1229 982 successerunt
1260 937 1335 982 alii
1375 937 1663 983 addiderunt.
1707 944 1829 985 Haec
1861 941 1994 985 colle·

216 1018 307 1063 ctio
342 1032 420 1077 per
453 1019 581 1077 plura
615 1019 794 1063 saecula
830 1022 871 1063 S.
898 1019 1068 1064 Isidoro
1103 1020 1354 1078 Hispalensi
1378 1020 1548 1066 tributa
1572 1021 1673 1077 fuit3
1710 1023 1840 1067 cuius
1872 1024 1994 1068 fama

216 1099 385 1144 eximia
418 1105 518 1144 erat
549 1106 661 1145 tunc
694 1101 931 1159 temporis,
967 1116 1021 1146 eo
1055 1101 1128 1147 vel
1163 1102 1307 1160 magis
1338 1103 1457 1162 quod
1480 1106 1614 1149 iaxta
1637 1107 1883 1163 antiquam
1909 1107 1997 1150 col·

215 1184 452 1227 lectionem
493 1184 808 1229 Isidoriaiiam
842 1185 897 1229 de
930 1199 1019 1244 qua
1053 1199 1186 1244 supra
1222 1185 1396 1231 dictum
1432 1192 1501 1232 est
1533 1186 1663 1232 cuius
1697 1188 1873 1246 integra
1909 1190 1994 1233 fra·

217 1272 401 1323 gmenta
437 1268 717 1322 referuntur,
756 1269 868 1312 haec
901 1268 1109 1313 collectio
1143 1270 1262 1314 facta
1298 1269 1398 1314 fuit.
1437 1272 1606 1314 Verum
1643 1271 1831 1329 quinam
1858 1272 1995 1317 fuerit

215 1355 377 1395 auctor
408 1355 532 1395 certe
566 1351 662 1395 crui
697 1351 873 1410 nequit,
910 1351 1091 1396 etiamsi
1136 1352 1432 1412 probabiliter
1467 1357 1704 1399 auctorem
1747 1355 1992 1413 quemdam

221 1435 518 1478 Beneficium
553 1438 760 1479 Levitam
797 1438 1128 1493 Moyunttnum
1164 1436 1373 1480 nonnulli
1397 1436 1554 1481 dicant
1578 1442 1762 1495 propter
1782 1437 1993 1483 similitu-

215 1517 370 1564 dinem
405 1517 539 1561 huius
572 1518 855 1564 collectionis
886 1532 993 1563 cum
1027 1519 1111 1564 alia
1137 1519 1339 1564 eiusdem
1375 1519 1604 1565 Benedicti
1629 1521 1990 1566 elucubratione.

215 1605 337 1645 Haec
370 1601 577 1646 collectio
611 1606 794 1660 propter
827 1604 954 1660 plura
989 1603 1267 1647 documenta
1301 1603 1562 1660 apocrypha
1598 1603 1688 1647 iam
1724 1608 1849 1658 nota,
1886 1618 1993 1650 con-

218 1684 332 1728 tinet
365 1697 568 1729 canones
599 1686 871 1742 apostolicos
905 1686 976 1740 59,
1013 1685 1226 1743 epistolas
1258 1686 1511 1730 decretales
1548 1685 1817 1731 Pontificum
1852 1702 1876 1732 a
1900 1689 1993 1733 Cle-

217 1772 371 1811 mente
404 1768 459 1812 ad
485 1767 786 1813 Melcbiadem
810 1769 1096 1826 apocryphas
1121 1769 1134 1792 ¹
1159 1782 1212 1813 ac
1230 1769 1411 1814 diversa
1436 1769 1629 1814 concilia
1653 1770 1881 1828 supposita
1902 1775 1989 1816 etc.

216 1855 310 1895 {mo
345 1851 471 1908 plura
504 1852 672 1896 adsunt
703 1852 981 1896 documenta
1017 1852 1291 1910 interpolata
1324 1852 1489 1911 quibus
1523 1852 1719 1898 Isidorus
1744 1867 1823 1913 pro
1847 1854 1992 1898 lubitu

214 1933 403 1987 addidit,
440 1935 511 1978 vel
546 1935 758 1992 dempsit.

336 2015 530 2060 Isidorus
564 2017 753 2074 proinde
789 2030 895 2062 usus
927 2021 997 2062 est
1029 2017 1321 2062 documentis
1373 2018 1433 2073 10)
1470 2020 1692 2075 qenuinis
1731 2025 1868 2077 atquc
1898 2021 1993 2062 sin-

213 2100 332 2143 ceris
364 2098 429 2142 uti
462 2103 571 2143 sunt
603 2099 819 2157 epistolae
853 2100 1106 2145 decretales
1127 2114 1184 2145 ex
1213 2100 1494 2157 Dionysiano
1517 2101 1674 2145 codice
1697 2101 1989 2159 desumptae3
2034 2116 2037 2119 ·

215 2181 279 2237 2⁰)
305 2180 605 2238 supposititiis
636 2195 753 2240 quae
780 2181 874 2241 ipse
899 2182 1148 2228 fabricatus
1171 2187 1255 2240 est;
1294 2185 1356 2240 5⁰)
1383 2183 1663 2242 apocryphis
1684 2183 1741 2227 ab
1762 2183 1862 2227 aliis
1886 2187 1995 2228 ante

216 2263 436 2309 Isidorum
473 2266 700 2322 procusis;
736 2267 799 2321 40)
828 2267 1120 2322 interpolatis
1151 2280 1267 2325 quae
1293 2266 1386 2324 ipse
1409 2266 1627 2323 corrupit.
1666 2268 1880 2310 Attamen
1906 2266 1993 2323 pri·

217 2360 318 2391 mus
349 2347 426 2407 qui
460 2347 514 2391 de
558 2347 693 2392 huius
735 2349 1019 2393 collectionis
1060 2349 1347 2405 genuinitate
1396 2349 1605 2394 dubitare
1653 2348 1870 2407 coeperit.
1908 2348 1994 2393 fnit

218 2431 435 2474 Nicolaus
472 2431 741 2476 Cardinalis
780 2433 990 2476 Coscinus
1021 2431 1189 2477 saeculi
1219 2433 1270 2476 15
1306 2432 1551 2477 medietate
1571 2431 1600 2474 ‘·'.
1640 2431 1901 2476 Notandum
1927 2435 1993 2476 ta·

217 2527 322 2558 rnen
346 2517 414 2557 est
444 2514 502 2569 1⁰)
531 2513 576 2557 in
601 2514 686 2558 hac
710 2514 979 2559 collectione
1004 2515 1124 2559 nillil
1146 2522 1312 2560 contra
1335 2515 1472 2573 sidem
1502 2514 1712 2572 reperiri;
1745 2514 1809 2569 20)
1837 2517 1995 2559 insciis

214 2598 439 2641 Romanis
466 2597 761 2654 Pontificibus
784 2597 919 2641 falsas
940 2597 1192 2642 decretales
1215 2598 1450 2642 confectas
1475 2596 1635 2653 fuisse3
1670 2597 1734 2652 3⁰)
1763 2596 1995 2641 Pontificis

214 2678 312 2723 iura
348 2678 420 2722 illa
454 2678 724 2724 collectione
759 2679 900 2723 veluti
938 2680 1240 2724 fundamento
1274 2694 1369 2724 non
1411 2682 1570 2736 inniti,
1596 2680 1674 2724 sed
1709 2682 1802 2737 ipso
1835 2679 1994 2724 divino

214 2764 345 2815 iurc;
379 2762 446 2817 4⁰)
471 2761 835 2806 substantialiter
857 2762 942 2806 hac
975 2762 1244 2807 collectione
1267 2761 1491 2807 Ecclesiae
1513 2761 1801 2820 disciplinam
1828 2764 1994 2806 immit-

334 2950 341 2969 ¹
372 2950 422 2986 Cf.
451 2950 622 2986 WALTER
649 2958 708 2994 op.
734 2959 779 2991 c.‚
807 2953 829 2984 t.
861 2949 889 2990 l,
919 2958 1001 2994 pag.
1031 2948 1107 2984 168.

330 3021 343 3040 ²
371 3022 412 3058 In
438 3031 505 3058 sua
523 3030 635 3066 opera
659 3020 704 3056 dc
730 3020 996 3056 concordantia
1022 3020 1117 3056 cath.
1142 3019 1163 3055 l.
1190 3021 1223 3062 5,
1249 3031 1280 3057 c.
1307 3020 1339 3057 2.
