2176 3386
1342 0 1354 19 θ
1369 0 1540 29 ἿΉῘἮΓῙῚῩ»

255 163 337 203 238
932 175 1043 205 PARS
1073 176 1113 204 11.
1139 174 1202 205 *DE
1230 176 1368 206 REBus

256 282 361 326 dem
386 282 569 340 pollere,
591 287 638 327 et
659 282 844 342 quidem
869 282 964 341 ipsa
988 282 1035 327 vi
1059 283 1266 328 muneris
1287 296 1418 329 secus
1438 297 1493 329 ac
1515 285 1653 345 aliqui
1678 285 1830 345 inepte
1853 299 2037 346 prorsus

256 364 544 420 sentierunt,
579 365 679 410 sine
714 365 975 411 temeritate
1025 380 1117 411 non
1165 366 1428 425 ambigitur)
1475 367 1560 412 nisi
1607 367 1673 413 eis
1709 367 1756 413 in
1787 368 2035 428 apostolico

257 447 433 492 indulto
481 449 602 493 facta
650 447 788 494 fuerit
836 453 1036 507 potestas
1075 449 1253 507 legendi
1295 454 1342 497 et
1375 449 1603 497 retinendi
1645 451 1782 498 libros
1813 467 1839 496 a
1871 453 2035 512 quovis

255 531 520 588 damnatos;
565 533 602 588 c)
640 532 815 590 possint
846 537 1003 577 tamen
1041 532 1242 591 Episcopi
1276 533 1442 594 aliique
1484 534 1691 593 praelati,
1722 534 2034 587 iurisdictione

254 614 382 673 quasi
416 615 658 673 episcopali
703 615 951 673 pollentes,
990 630 1069 674 pro
1100 616 1405 675 singularibus
1450 617 1576 663 libris
1607 621 1744 677 atque
1777 617 1823 662 in
1857 617 2035 663 casibus

254 698 524 756 urgentibus
558 698 792 744 licentiam
817 699 1134 745 huiuscemodi
1168 700 1420 759 impertire,
1446 701 1494 746 ni
1516 701 1762 761 ampliores
1794 701 2034 746 facultates

255 783 340 827 hac
373 782 419 826 in
456 798 502 827 re
535 782 837 839 obtinuerint,
873 798 963 844 quo
996 785 1043 829 in
1076 798 1184 829 casu
1218 784 1453 830 licentiam
1487 785 1696 830 eamdem
1720 784 1904 830 nonniSi
1928 797 2034 828 cum

254 866 433 912 delectu
477 872 611 912 etex
655 867 772 912 iusta
821 881 957 912 causa
1005 868 1256 913 concedere
1301 873 1545 927 poterunt3
1595 869 1640 925 d)
1676 868 1886 927 praeviae
1928 881 2033 912 cen-

254 963 386 994 surae
433 949 767 995 ecclesiasticae
819 951 936 996 illius
984 951 1069 996 loci
1103 952 1176 996 ubi
1224 952 1390 1011 publici
1425 952 1535 996 iuris
1579 951 1730 996 liunt¹
1765 949 2032 996 subiiciendi

255 1037 363 1076 sunt
395 1033 557 1078 saltem
593 1033 721 1089 libri,
758 1034 833 1093 qui
869 1037 910 1078 S.
932 1034 1239 1092 Scripturam,
1275 1035 1574 1094 theologiam,
1610 1034 1848 1080 historiam
1891 1035 2033 1079 eccle·

254 1115 502 1169 siasticam,
531 1116 598 1159 ius
622 1115 916 1171 canonicum,
938 1116 1212 1174 theologiam
1238 1119 1515 1173 naturalem,
1540 1117 1740 1162 ethicam
1765 1116 2030 1174 respiciunt,

253 1212 306 1243 ac
339 1198 594 1256 generatim
628 1199 795 1257 scripta
830 1199 1012 1255 omnia,
1049 1199 1096 1244 in
1131 1200 1294 1259 quibus
1325 1201 1557 1259 religionis
1593 1206 1639 1245 et
1673 1215 1851 1245 morum
1892 1201 2030 1245 hone-

251 1280 382 1326 statis
417 1281 631 1339 peculiari
667 1282 842 1326 ratione
886 1282 1093 1340 intersit;
1141 1283 1187 1327 ni
1220 1289 1383 1341 agatur
1423 1285 1478 1328 de
1511 1284 1686 1329 clericis
1726 1284 2033 1328 saecularibus

251 1363 306 1408 de
338 1364 502 1423 quibus
535 1369 743 1419 cavetur,
780 1369 830 1408 nt
863 1380 921 1409 ne
953 1365 1065 1410 alios
1098 1365 1282 1425 quidem
1317 1366 1453 1411 libros
1477 1366 1748 1412 inconsultis
1780 1367 1873 1411 suis
1904 1365 2030 1412 Ordi-

253 1448 692 1506 nariispublicent,
728 1453 774 1492 et
805 1449 971 1508 quibus
1003 1450 1096 1494 imo
1134 1449 1423 1494 interdicitur
1466 1450 1712 1510 quominus
1753 1449 1922 1509 absque
1956 1450 2032 1494 ho-

252 1545 354 1576 rum
389 1532 542 1587 venia,
578 1530 719 1577 diaria
756 1533 827 1576 vel
862 1532 967 1578 folia
1003 1533 1229 1591 periodica
1265 1533 1543 1578 moderanda
1567 1533 1846 1591 suscipiant;
1882 1537 1962 1577 aut
1986 1531 2031 1575 ni

252 1629 402 1660 sermo
434 1615 492 1659 sit
524 1615 577 1660 de
610 1615 909 1674 regularibus,
934 1616 1010 1675 qui
1035 1622 1214 1675 praeter
1241 1616 1442 1675 Episcopi
1476 1616 1729 1671 licentiam,
1764 1618 2031 1661 facultatem

251 1713 431 1758 quoque
465 1713 489 1743 a
523 1698 615 1744 suis
649 1699 861 1757 praelatis
894 1700 1101 1744 obtinere
1134 1700 1325 1758 debent3
1361 1702 1399 1757 e)
1423 1700 1586 1745 edendi
1622 1701 1813 1745 facultas
1844 1714 1869 1744 a
1902 1713 2031 1758 supe-

251 1782 445 1826 rioribus
477 1796 570 1826 non
612 1784 891 1828 concedatur
925 1783 971 1827 ni
1008 1784 1194 1843 praevio
1236 1783 1477 1840 examine,
1514 1785 1559 1829 in
1604 1784 1784 1841 scriptis
1815 1787 1860 1828 et
1892 1783 2031 1841 gratis

251 1865 474 1920 omnino,
511 1870 556 1909 et
588 1880 637 1910 ea
674 1866 757 1910 sub
791 1868 884 1925 lege
920 1872 969 1910 ut
1003 1867 1048 1910 in
1085 1867 1307 1926 princ-ipio
1342 1869 1414 1912 vel
1450 1869 1494 1911 in
1530 1867 1620 1912 fine
1653 1868 1802 1926 operis
1840 1868 1912 1913 illa
1948 1869 2028 1914 im·

254 1947 500 2005 primatur3
537 1948 581 2005 f)
622 1950 771 1993 nullus
803 1950 917 1994 liber
949 1964 1169 1996 censurae
1202 1951 1537 1996 ecclesiasticae
1570 1951 1801 1997 subiectus
1832 1953 2029 1997 excuda-

250 2035 342 2083 tur,
370 2031 455 2075 nisi
490 2031 535 2075 in
562 2032 783 2091 principio
817 2047 985 2078 nomen
1011 2038 1057 2078 et
1080 2048 1337 2092 cognomen
1363 2040 1460 2079 tum
1483 2034 1683 2079 auctoris
1712 2039 1811 2079 tum
1845 2035 2030 2080 editoris

252 2114 494 2171 praeferat,
531 2114 680 2159 locum
717 2115 902 2173 insuper
933 2121 979 2160 et
1010 2131 1186 2161 annum
1222 2117 1533 2175 impressionis
1565 2121 1610 2162 et
1634 2117 1872 2163 editionis:
1909 2118 2028 2177 quod

251 2196 285 2240 si
311 2197 461 2256 aliquo
485 2197 529 2241 in
555 2211 663 2243 casu
687 2198 829 2244 iustas
851 2200 908 2244 ob
930 2213 1089 2245 causas
1114 2215 1282 2245 nomen
1306 2201 1505 2246 auctoris
1528 2201 1774 2246 tacendum
1801 2200 2025 2257 videatur,

250 2280 294 2324 id
329 2281 622 2339 permittendi
660 2297 799 2341 penes
821 2283 1115 2328 Ordinarium
1151 2288 1351 2342 potestas
1383 2285 1466 2341 sit3
1502 2286 1548 2342 9)
1573 2298 1723 2330 novae
1756 2284 1904 2341 operis
1937 2284 2027 2329 iam

250 2365 487 2423 approbati
527 2366 751 2412 editiones
791 2368 992 2427 itemque
1037 2368 1237 2413 eiusdem
1274 2368 1509 2414 versiones
1547 2383 1667 2413 nova
1700 2368 2027 2428 approbatione

251 2446 515 2506 indigeant3
552 2449 597 2506 Ιῑ)
631 2449 848 2494 librorum
883 2450 1147 2495 venditores
1171 2450 1307 2495 libros
1331 2450 1580 2509 prohibitos
1614 2451 1800 2495 venales
1822 2465 1914 2495 non
1949 2450 2026 2495 ha-

211 2592 213 2595 ·
250 2528 405 2586 beant,
441 2531 527 2576 nisi
561 2547 585 2576 a
620 2534 661 2576 S.
697 2534 743 2578 C.
782 2532 947 2578 Indicis
979 2533 1165 2577 veniam
1202 2547 1279 2591 per
1311 2533 1606 2578 Ordinarium
1639 2533 2022 2592 impetraverint;

369 2687 378 2706 ¹
409 2689 507 2724 Bene
534 2688 831 2725 animadversum
861 2688 1054 2731 volumus,
1082 2689 1185 2725 iuxta
1209 2699 1285 2734 reg.
1313 2689 1344 2724 X
1373 2689 1450 2725 Ind.
1476 2698 1633 2726 examen
1659 2693 1694 2725 et
1720 2689 2026 2735 approbationem

248 2762 436 2804 spectasse
461 2759 508 2795 ad
534 2759 599 2805 Ep.
628 2759 684 2795 vel
711 2760 848 2806 Inquis.
877 2760 959 2802 loci,
987 2761 1024 2795 in
1051 2770 1125 2806 quo
1153 2760 1349 2806 impressio
1377 2759 1498 2803 fiebat,
1523 2760 1595 2796 nisi
1621 2765 1792 2806 ageretur
1816 2760 1861 2796 de
1880 2759 2025 2806 scriptis

248 2829 320 2866 alio
348 2829 602 2875 imprimendis
631 2831 857 2867 transmissis
884 2842 930 2868 ex
957 2831 1056 2869 Urbe
1082 2831 1140 2867 vel
1167 2831 1259 2868 locis
1279 2831 1490 2868 immediate
1515 2835 1578 2868 aut
1603 2831 1760 2868 mediate
1779 2831 1813 2868 S.
1834 2831 1918 2868 sedi
1944 2830 2028 2868 sub·

250 2901 365 2944 jectis,
392 2910 466 2946 quo
491 2902 537 2938 ad
564 2911 658 2948 quae
687 2903 943 2948 requirebatur
980 2903 1183 2949 respective
1220 2912 1399 2949 expressa
1435 2903 1651 2949 approbatio
1685 2902 1789 2939 Card.
1816 2903 1857 2939 U.
1885 2901 1966 2941 Vic.
1990 2906 2025 2938 et

249 2973 346 3019 Mag.
367 2974 400 3010 S.
428 2973 502 3010 Pal.
532 2974 588 3010 vel
616 2974 798 3011 Ordinarii
827 2974 1100 3021 praedictorum
1139 2974 1317 3011 locorum.
1358 2974 1521 3011 lamvero
1547 2975 1640 3011 haec
1677 2974 1800 3010 omnia
1832 2974 2026 3010 immutata

247 3051 334 3083 sunt
353 3050 496 3093 praeter
522 3056 632 3093 quam
660 3047 865 3093 dispositio,
891 3056 986 3093 quae
1012 3047 1132 3093 tangit
1157 3049 1326 3084 auctores
1342 3047 1477 3083 Romae
1503 3046 1676 3093 deqentes.

2156 1020 2169 1070 ,ἓ
