2176 3386
244 193 323 233 280
550 228 554 230 ,
914 204 1023 234 PARS
1053 206 1094 233 11.
1124 204 1182 233 DE
1211 205 1348 234 REBUS
1386 207 1387 210 ¹

244 313 291 356 in
326 312 565 370 sepulchro
597 325 785 357 suorum
825 310 1079 367 maiorum,
1115 313 1162 355 et
1193 310 1229 355 si
1262 310 1351 355 duo
1383 297 1575 366 habeat,
1609 309 1804 358 alterum
1839 287 2015 355 heredi·

242 393 446 449 tarium,
481 393 678 439 alterum
728 393 952 439 familiare
978 394 1009 449 ¹,
1046 394 1131 438 hoc
1180 393 1465 451 praefertur„
1503 391 1546 436 Si
1577 392 1823 437 defunctus
1863 397 2019 443 careat

246 476 472 522 maiorum
514 478 778 536 sepulchro,
817 478 888 522 vel
924 480 1127 536 nequeat
1163 475 1268 520 illuc
1304 475 1504 530 deferri,
1540 475 1824 534 sepeliendus
1865 478 1934 520 est
1971 475 2020 522 in

244 573 324 604 sua
357 559 589 618 parochia,
615 560 662 604 in
686 574 774 619 qua
797 560 1023 605 decedens
1055 552 1336 603 domicilium
1361 560 1434 603 vel
1457 558 1585 617 quasi
1618 557 1901 603 domicilium
1927 557 2020 607 iam

244 643 533 702 acquisierat.
571 643 613 688 Si
646 643 780 688 aedes
812 643 978 687 habeat
1010 642 1055 687 in
1090 641 1288 686 confinio
1311 641 1505 686 duarum
1539 642 1872 699 paroeciarum,
1898 641 1943 686 in
1969 655 2021 686 ea

245 724 546 782 sepeliendus,
584 725 630 768 in
663 738 752 784 qua
784 714 936 770 aditus
966 724 1152 769 aedibus
1187 727 1335 782 patet;
1372 728 1418 769 et
1450 724 1485 768 si
1521 724 1566 768 in
1600 728 1793 783 utraque
1828 729 1951 782 patet
1975 724 2020 769 in

245 821 295 852 ea
331 808 376 852 in
410 822 498 867 qua
534 808 826 866 principalior
873 807 1061 864 existit,
1095 809 1203 853 licet
1234 807 1337 852 alibi
1389 811 1597 852 mortuus
1634 808 1693 852 sit
1725 811 1771 852 et
1801 808 1938 852 etiarn
1974 807 2020 852 in

245 891 396 950 aliquo
430 893 733 950 monasterio;
770 897 815 936 et
848 891 883 936 si
918 891 1078 950 nequit
1109 892 1165 936 ad
1198 905 1299 936 eam
1335 890 1517 946 deferri,
1554 890 1839 949 sepeliendus
1865 891 1951 935 erit
1974 891 2021 936 in

246 975 477 1032 parochia,
513 975 589 1018 ubi
623 975 815 1021 decedit.
857 975 1058 1035 Denique
1090 975 1341 1030 Canonici‚
1378 988 1628 1033 omnesque
1661 972 1882 1018 beneficia
1916 973 2022 1022 resi-

245 1058 459 1104 dentialia
510 1060 759 1114 habentes,
794 1058 830 1103 si
864 1058 1120 1114 decedant,
1156 1059 1387 1116 sepultura
1421 1073 1513 1103 non
1547 1059 1722 1112 electa,
1757 1060 1803 1101 et
1835 1060 2024 1101 careant

245 1143 484 1200 sepulchro
509 1142 752 1198 maiorum,
778 1141 1024 1200 sepeliendi
1049 1146 1156 1186 sunt
1181 1141 1224 1185 in
1251 1142 1441 1186 ecclesia
1466 1139 1671 1185 beneficii
1695 1138 2019 1198 residentialis.

371 1227 495 1271 1248.
533 1231 582 1271 In
619 1240 834 1285 praesens
869 1239 978 1270 vero
1011 1239 1117 1270 cum
1152 1225 1317 1284 ubique
1351 1223 1627 1270 coemeteria
1662 1222 1927 1268 communia
1949 1222 2024 1266 ad-

245 1311 353 1367 sint,
391 1311 611 1355 nonnulla
645 1310 793 1370 quoad
826 1310 940 1355 haec
973 1310 1172 1354 notanda
1207 1311 1330 1354 sunt.
1371 1312 1424 1352 Et
1458 1307 1502 1351 in
1538 1306 1696 1365 primis
1734 1305 2024 1349 animadver-

245 1394 435 1439 tendum
460 1399 529 1439 est
551 1409 607 1439 ex
634 1395 784 1452 regula
809 1393 1008 1464 generali
1033 1407 1123 1437 non
1159 1392 1312 1447 licere,
1341 1390 1522 1435 mixtim
1556 1389 1745 1448 sepelire
1778 1387 2026 1434 catholicos

246 1493 350 1523 cum
403 1478 676 1534 haereticis,
712 1477 1018 1522 schismaticis
1050 1481 1096 1521 et
1128 1475 1417 1530 infidelibus,
1452 1479 1572 1519 esset
1604 1473 1729 1517 enim
1769 1471 2025 1517 communi-

246 1562 366 1607 catio
400 1562 446 1607 in
474 1561 663 1616 divinia-
699 1565 744 1606 et
777 1560 1051 1605 mandantes
1092 1558 1209 1604 tradi
1254 1557 1588 1604 ecclesiasticae
1620 1556 1881 1614 sepulturae
1920 1555 2024 1599 hae-

247 1645 428 1702 reticos,
465 1644 894 1690 excommunicatos
927 1649 972 1688 et
1005 1643 1290 1697 interdictos,
1327 1639 1809 1686 excommunicantur.

371 1729 497 1772 1249.
537 1733 583 1772 ln
625 1741 732 1772 casu
771 1741 878 1771 vero
927 1725 1213 1771 necessitatis
1260 1723 1474 1769 catholici
1522 1722 1711 1768 omnino
1760 1721 1940 1780 passive
1978 1734 2024 1765 se

247 1811 413 1856 habere
447 1811 630 1855 debent.
668 1810 783 1854 Hinc
815 1809 849 1854 si
885 1809 1143 1854 haereticus
1175 1807 1288 1853 velit
1313 1808 1527 1852 tumulari
1562 1807 1608 1850 in
1643 1804 1920 1851 coemeterio
1953 1817 2026 1848 ca-

247 1894 433 1951 tholico,
470 1908 724 1953 numquam
749 1893 855 1938 licet
886 1892 1038 1937 active
1073 1891 1331 1937 huiusmodi
1364 1889 1660 1935 tumulationi
1694 1887 1943 1946 cooperari.

371 1978 497 2022 1250.
534 1976 615 2021 Ubi
650 1991 760 2022 vero
794 1991 851 2021 ex
886 1978 981 2033 lege
1015 1975 1239 2034 parochus
1261 1975 1417 2019 adesse
1440 1973 1574 2018 debet
1605 1970 1899 2016 tumulationi
1923 1971 2027 2014 hae·

248 2060 514 2116 reticorum,
549 2061 732 2106 assistet
764 2073 855 2104 non
888 2063 1128 2118 tamquam
1178 2057 1389 2102 minister
1437 2055 1772 2100 ecclesiasticus
1814 2067 1920 2098 cum
1959 2066 2026 2097 sa·

247 2144 553 2189 cerdotalibus
587 2143 805 2200 x·estibUS‚
832 2142 909 2187 sed
932 2143 1077 2187 solum
1104 2147 1339 2200 tamquam
1364 2139 1569 2199 publicus
1601 2137 1819 2183 officialis.
1857 2136 2029 2181 Pariter

248 2226 283 2270 si
317 2225 571 2271 catholicus
605 2225 716 2270 velit
748 2224 930 2269 humari
965 2225 1011 2269 iu
1046 2223 1323 2269 coemeterio
1348 2222 1595 2276 haeretico,
1620 2235 1714 2265 non
1747 2221 1854 2265 licet
1886 2219 1929 2263 id
1952 2233 2026 2278 po-

248 2310 384 2355 sitive
417 2315 463 2354 et
495 2309 646 2354 active
681 2308 972 2367 permittere:
1007 2313 1054 2353 et
1086 2307 1122 2352 si
1146 2312 1359 2366 parentes
1391 2306 1437 2351 in
1461 2306 1559 2351 loco
1583 2304 1813 2350 haeretico
1847 2301 2027 2348 humari

249 2393 645 2450 consanguineum
681 2391 843 2447 velint,
879 2391 1120 2450 parochus,
1157 2390 1350 2448 expletis
1381 2388 1623 2447 suffragiis,
1660 2388 1917 2446 relinquere
1955 2399 2026 2430 ca-

370 2573 379 2591 ¹
409 2573 651 2619 Sepulchrum
680 2572 735 2608 vel
763 2571 940 2608 familiare
967 2576 1023 2608 est
1041 2568 1302 2616 (gentilitium),
1322 2569 1380 2605 vel
1398 2567 1674 2605 hereditarium.
1701 2567 1913 2609 Familiare,
1930 2565 2028 2611 quod

249 2645 331 2691 quis
358 2645 549 2681 constituit
575 2644 645 2680 sibi
672 2647 707 2680 et
734 2643 894 2679 familiae
920 2652 1026 2686 suae;
1057 2641 1341 2683 hereditarium,
1368 2639 1466 2687 quod
1492 2639 1562 2676 sibi
1588 2642 1624 2675 et
1650 2638 1859 2690 heredibus.
1898 2637 2028 2683 sepul·
2092 2637 2096 2646 ¹

250 2719 402 2759 chrum,
431 2716 529 2763 quod
556 2717 638 2763 quis
668 2717 736 2753 sibi
761 2720 796 2752 et
823 2716 901 2752 suis
927 2715 1198 2759 consanyuineis
1233 2717 1296 2749 aut
1323 2713 1390 2749 sibi
1417 2716 1453 2748 et
1473 2711 1688 2758 parentibus
1711 2711 1789 2747 suis
1828 2709 2027 2751 constituit,
2096 2718 2097 2722 ¹

250 2788 428 2825 familiare
454 2792 509 2824 est
535 2792 570 2824 et
596 2787 771 2833 competit
797 2786 970 2823 omnibus
997 2785 1142 2832 agnatis
1170 2789 1205 2821 et
1232 2784 1411 2830 cognatis,
1437 2784 1490 2819 Da
1517 2783 1616 2819 Lunx
1645 2782 1687 2818 de
1712 2782 1831 2828 ίαν-ορ.
1857 2780 1946 2817 disc.
1972 2779 2029 2825 28,

249 2870 283 2896 n.
310 2860 342 2903 4,
369 2869 445 2896 non
472 2860 559 2896 item
587 2858 772 2902 affinibus,
801 2859 835 2895 S.
862 2858 995 2904 congr.
1022 2858 1115 2903 Epp.
1141 2862 1176 2893 et
1202 2857 1277 2892 RR.
1308 2855 1354 2891 50
1378 2864 1463 2900 aug.
1491 2854 1593 2890 1878.

370 2932 430 2968 Ius
457 2931 644 2977 sepulchri
672 2932 707 2966 in
734 2930 901 2966 Ecclesia
927 2928 1099 2965 constitui
1127 2937 1203 2964 non
1230 2931 1351 2973 potest
1380 2927 1460 2963 sine
1487 2925 1635 2962 licentia
1661 2923 1860 2960 Ordinarii.
1887 2921 2029 2959 Consti-

250 3007 367 3040 tutum
397 3002 435 3038 in
462 3003 703 3045 coemeteriis,
731 3002 769 3037 in
795 3001 904 3038 bonis
930 3004 985 3038 est
1013 3004 1122 3046 atque
1148 2999 1239 3036 adeo
1267 2998 1304 3034 in
1329 2997 1421 3034 alios
1448 2995 1634 3033 transferri
1660 2998 1781 3041 potest
1806 2998 1864 3036 et,
1890 2991 2030 3029 familia

250 3074 424 3117 extincta,
441 3073 482 3111 fit
507 3073 781 3110 hereditarium.
809 3072 894 3109 Non
919 3072 970 3108 ila
987 3070 1228 3108 constitutum
1255 3069 1293 3105 in
1321 3067 1489 3105 ecclesia,
1508 3066 1545 3103 S.
1565 3066 1602 3104 C.
1618 3066 1726 3103 Cone.
1748 3064 1789 3101 17
1812 3067 1902 3110 sept.
1923 3061 2026 3100 1867.
