2176 3386
176 0 491 37 ’ff‘fflnmvsssf
535 0 611 18 Ἤν,
1130 0 1170 7 ·-
1222 0 1227 2 -
1630 0 1633 1 γ
1889 0 1895 10 ,

3 0 22 231 Ι
829 188 961 218 LIBER
990 188 1046 216 111.
1077 187 1134 216 DE
1163 187 1301 217 LAicls
1881 177 1959 217 471

166 302 394 358 exceptae
441 298 639 352 fuerint,
674 299 732 341 ab
767 295 984 354 Episcopo
1033 294 1349 340 iurisdictione
1387 295 1581 340 omnino
1624 295 1844 354 pendent,
1883 294 1962 355 qui

165 380 306 426 sicuti
340 381 407 425 eis
438 379 564 425 dedit
595 378 835 424 iuridicam
868 377 1243 437 personalitatem
1279 377 1342 422 ita
1370 377 1512 423 etiam
1546 360 1645 423 illas
1676 378 1962 438 supprimere

171 463 296 508 valet
327 463 364 508 si
401 462 626 508 Ecclesiae
660 462 831 507 bonum
866 461 927 506 ita
961 466 1194 520 exposcat.

900 654 1133 683 Alimentus
1166 655 1223 684 iv.

724 761 789 803 De
822 760 1139 804 Ecclesiarum
1178 760 1397 805 Fabricis.

288 878 389 922 609.
431 881 552 922 Bona
596 877 910 923 Ecclesiastica
945 892 1062 938 quae
1105 878 1162 923 ad
1207 865 1551 926 conservandas
1587 894 1640 926 ac
1683 882 1961 940 reparandas

168 959 392 1006 Ecclesias
423 960 651 1006 destinata
692 965 800 1006 sunt
831 961 1124 1006 constituunt
1160 981 1180 1002 α
1212 963 1460 1009 Fabricam
1486 981 1526 1007 n.
1565 963 1962 1009 Administrantur

166 1044 280 1088 haec
302 1046 421 1089 bona
443 1058 469 1088 a
492 1044 707 1089 Parochis
734 1044 806 1089 vel
832 1043 1137 1090 Ecclesiarum
1165 1045 1419 1090 rectoribus
1452 1046 1535 1091 sibi
1566 1047 1802 1093 nonnullis
1834 1047 1961 1093 laicis

164 1126 367 1172 adscitis.
405 1129 574 1172 Verum
609 1127 711 1172 laici
735 1127 885 1186 potius
918 1127 984 1172 uti
1019 1129 1328 1174 Parochorum
1364 1129 1611 1175 consiliarii
1645 1144 1698 1176 ac
1728 1131 1960 1176 adiutores

162 1208 544 1267 considerantum
582 1223 745 1255 omnes
767 1224 877 1254 vero
910 1210 1311 1256 administratores
1335 1212 1434 1257 sive
1459 1214 1699 1271 parochus,
1725 1213 1823 1258 sive
1856 1213 1958 1259 laici

169 1291 388 1350 Episcopo
435 1292 746 1337 subiiciuntur
769 1293 800 1349 ¹,
837 1292 910 1337 cui
943 1293 1133 1352 singulis
1179 1294 1315 1339 annis
1347 1300 1501 1353 gestae
1544 1295 1960 1341 administrationis

166 1374 395 1419 rationem
430 1375 619 1420 reddere
651 1380 885 1421 tenentur.
923 1379 1094 1422 Verum
1127 1391 1263 1436 opera
1316 1378 1586 1437 praesertim
1621 1379 1770 1424 civilis
1802 1384 1958 1424 aucto-

165 1457 315 1502 ritatis
349 1471 420 1503 res
452 1458 700 1504 immutata
733 1464 818 1505 est.
854 1459 1140 1506 Gubernium
1176 1461 1301 1506 enim
1342 1462 1587 1521 aliquando
1621 1463 1765 1522 exigit
1798 1468 1849 1508 ut
1882 1464 1958 1508 ad-

167 1540 506 1587 ministratores
552 1546 762 1587 actorum
811 1542 1213 1588 confirmationem
1263 1559 1288 1589 a
1338 1544 1463 1590 civili
1496 1547 1729 1592 Gubernio
1777 1553 1955 1607 petant,

166 1624 260 1669 imo
311 1638 408 1670 sese
442 1625 673 1670 immiscet
715 1626 760 1670 in
796 1625 891 1685 ipsa
940 1627 1272 1672 constitutione
1320 1628 1737 1676 administrationis
1783 1631 1958 1677 scilicet

164 1707 424 1764 fabriceria,
461 1723 547 1754 nec
570 1710 731 1754 nonin
767 1710 903 1755 modo
936 1724 1026 1770 quo
1060 1710 1178 1755 bona
1215 1716 1325 1756 sunt
1357 1712 1739 1759 administranda.
1777 1718 1874 1769 Qua
1908 1714 1954 1759 in

165 1805 213 1836 re
263 1792 459 1837 Ecclesia
502 1793 558 1837 ad
604 1794 778 1838 maiora
813 1793 932 1839 mala
968 1794 1156 1839 vitanda
1199 1795 1326 1853 plura
1373 1797 1541 1841 tolerat
1586 1811 1702 1856 quae
1753 1799 1957 1856 profecto

164 1874 295 1920 iuxta
329 1875 439 1920 iuris
471 1876 769 1922 ecclesiastici
802 1876 1124 1935 dispositiones
1156 1878 1278 1923 haud
1311 1883 1435 1924 sunt.

286 2042 294 2060 ¹
324 2042 484 2080 Trident.
513 2043 610 2080 Sess.
638 2043 755 2087 XXII,
781 2053 861 2090 cap.
889 2043 923 2080 9.
