2176 3386
156 0 193 20 ·..-
214 0 273 12 w·-
307 0 941 41 2-c5wf25-*2-msswffw„

729 35 732 39 '
769 31 774 34 Ι
842 35 846 42 ¹
932 40 937 47 x

215 149 296 190 212
894 163 1004 193 PARS
1034 165 1074 193 11.
1105 165 1162 195 DE
1191 143 1329 196 nunus

217 278 357 324 penes
389 265 664 325 delegatum,
692 268 763 313 vei
788 269 825 314 si
857 269 914 314 ad
946 269 1134 328 longum
1166 275 1349 330 tempus
1374 272 1648 319 dissimulat.
1684 278 1896 322 Ceterum
1930 291 1998 322 re-

218 348 455 394 nunciatio
488 362 585 394 esse
618 355 767 409 potest
791 352 863 396 vel
884 353 1119 411 explicita,
1146 354 1219 399 vel
1252 354 1393 400 etiam
1422 357 1651 414 implicita
1683 362 1735 403 ut
1765 358 1802 404 si
1833 339 1915 405 ex.⁴
1929 374 1994 418 gr.

216 431 405 476 obtenta
447 431 788 489 dispensatione
821 434 878 478 ab
910 434 1243 494 impedimento
1291 438 1736 497 consanguinitatis,
1772 455 1878 487 cum
1910 443 1997 488 hoc

215 515 575 573 consanguineo,
602 521 755 562 orator
787 530 959 563 novam
981 519 1371 576 dispensationem
1396 527 1521 580 petat
1553 537 1693 582 penes
1720 526 1844 569 Sum.
1884 529 1998 570 Pon-

216 595 388 641 tificem
423 603 473 641 ut
504 598 750 643 contrahat
783 613 889 644 cum
922 600 1010 646 alio
1043 603 1402 661 consanguineo.
1451 608 1575 658 Quae
1614 605 1902 651 renunciatio
1929 613 1995 653 ta·

214 682 307 724 cita
343 680 414 724 vel
447 681 674 738 implicita
718 695 809 727 non
849 683 1096 729 haberetur
1132 686 1168 730 si
1206 688 1535 733 contrahentes
1580 689 1657 749 qui
1697 689 1998 736 obtinuerunt

216 763 622 822 dispensationem,
659 767 940 812 contrahant
961 783 1138 814 novum
1165 770 1512 817 matrimonium
1545 774 1664 832 quod
1698 788 1791 819 non
1826 773 1998 833 indiget

215 848 571 907 dispensatione.
608 850 650 895 Si
684 851 808 896 enim
843 866 900 897 ex
934 853 1176 911 hypothesi
1210 856 1417 900 solvatur
1448 871 1607 902 eorum
1647 857 1996 903 matrimonium

220 939 370 978 morte
402 934 591 978 alterius
622 935 846 993 coniugis,
886 942 1078 995 possunt
1115 939 1264 984 adhuc
1299 939 1418 984 inter
1455 954 1502 985 se
1536 942 1808 987 contrahere
1843 941 1888 986 vi
1921 943 1997 988 ob·

215 1020 372 1061 tentae
406 1016 774 1076 dispensationis.
2150 1015 2176 1076 ’ἑ

340 1101 467 1145 1081.
501 1102 544 1157 4)
585 1101 895 1146 Revocatione
929 1103 1239 1147 concedentis.
1277 1129 1334 1137 —-
1369 1107 1535 1149 Verum
1564 1109 1611 1149 R.
1642 1105 1882 1150 Pontifices
1903 1119 1995 1151 non
2154 1066 2176 1173 ξ

216 1185 365 1229 solent
399 1199 617 1230 revocare
650 1185 1037 1243 dispensationem
1072 1186 1171 1231 sine
1205 1188 1333 1246 gravi
1367 1202 1516 1234 causa.
1561 1190 1810 1235 Revocatio
1842 1195 1996 1236 autem
2155 1191 2176 1245 ζ.

217 1282 333 1328 quae
367 1283 391 1313 a
429 1273 635 1314 Romano
684 1269 905 1314 Pontitice
944 1269 1023 1314 fiat
1055 1274 1163 1315 ante
1212 1273 1416 1316 matrim.
1451 1272 1806 1318 celebrationem
1855 1273 1996 1319 etiam

219 1349 319 1395 sine
355 1351 471 1396 insta
505 1365 658 1407 causa,
699 1353 781 1397 etsi
822 1352 978 1397 illicita
1012 1359 1079 1398 est
1113 1359 1269 1399 tamen
1307 1354 1471 1400 valida.
1522 1356 1650 1408 Quod
1691 1355 1727 1400 si
1763 1357 1996 1402 revocatio

218 1434 297 1480 fiat
328 1450 351 1480 a
386 1436 535 1480 iudice
570 1436 786 1481 inferiore
818 1438 965 1496 quoad
999 1438 1388 1496 dispensationem
1429 1454 1565 1499 quam
1601 1440 1694 1498 ipse
1726 1455 1781 1484 ex
1812 1441 1995 1498 deleya-

216 1523 339 1565 tione
370 1519 614 1575 concessit,
650 1520 684 1564 si
718 1520 817 1565 sine
851 1520 967 1565 iusta
1002 1535 1156 1578 causa,
1187 1536 1278 1567 non
1315 1523 1448 1568 modo
1482 1524 1715 1568 revocatio
1747 1528 1867 1569 esset
1913 1523 1995 1569 illi·

216 1602 305 1646 cita
338 1602 415 1646 sed
439 1606 485 1646 et
517 1603 751 1648 invalida.

339 1684 465 1729 1082.
495 1688 690 1728 Notatur
719 1687 764 1742 α)
790 1688 922 1731 iuxta
948 1690 1291 1744 responsionem
1318 1690 1360 1731 S.
1386 1690 1560 1732 Poenit.
1585 1687 1657 1732 die
1680 1689 1734 1732 27
1760 1687 1854 1732 iun.
1884 1688 1994 1732 1885

215 1782 341 1826 appr.
380 1767 542 1812 Leonis
575 1771 685 1813 XIII.
720 1769 988 1813 ordinarius
1011 1769 1176 1829 exequi
1202 1774 1348 1828 potest
1380 1770 1787 1829 dispensationem,
1812 1771 1992 1816 etiamsi

215 1864 274 1894 ex
307 1864 460 1895 errore
495 1855 644 1908 partes
676 1856 784 1896 ante
817 1850 915 1896 eius
946 1851 1269 1897 executionem
1302 1852 1622 1897 contraxerint
1660 1852 1862 1897 matrim.
1904 1853 1994 1897 for·

216 1947 291 1978 ma
325 1933 577 1978 Tridentini
611 1938 810 1979 servata.
849 1938 904 1979 At
937 1949 1123 1980 necesse
1156 1940 1224 1980 est
1257 1940 1307 1980 ut
1340 1949 1496 1981 rursus
1527 1950 1682 1981 coram
1716 1936 1918 1981 Parocho
1948 1941 1994 1980 et

216 2017 410 2063 testibus
433 2023 658 2064 renovato
690 2032 914 2063 consensu
952 2025 1103 2078 partes
1135 2020 1403 2065 consistant.

334 2104 373 2159 b)
411 2103 452 2147 Si
486 2103 719 2161 delegatus
751 2103 797 2148 in
831 2103 934 2161 foro
966 2111 1155 2148 externo
1177 2111 1364 2150 servata
1386 2107 1460 2149 sui
1493 2105 1712 2150 mandati
1732 2104 1904 2162 forma,
1934 2117 1993 2149 ex

215 2201 368 2232 errore
401 2189 582 2232 censuit
614 2202 706 2232 non
741 2201 838 2232 esse
887 2187 1267 2246 dispensandum,
1303 2187 1486 2245 cognito
1528 2202 1680 2233 errore
1726 2187 1887 2248 nequit
1917 2187 1993 2232 de-

215 2273 394 2314 eretum
429 2275 708 2327 retractare3
745 2270 975 2328 excipitur
1006 2270 1042 2315 si
1077 2270 1281 2315 mandati
1314 2270 1383 2316 sui
1417 2273 1613 2316 formam
1662 2285 1755 2315 non
1787 2270 1993 2316 servavit

214 2352 319 2412 quia
353 2356 466 2398 tunc
497 2367 577 2398 sua
612 2367 703 2398 non
738 2367 846 2398 usus
877 2358 947 2398 est
980 2353 1308 2398 iurIsdictione.
1359 2356 1496 2399 Secus
1536 2354 1779 2400 dicendum
1817 2354 1871 2399 de
1909 2357 1992 2398 Or-

215 2438 407 2483 dinario
440 2442 520 2483 aut
551 2439 606 2482 de
638 2439 847 2496 delegato
883 2441 932 2482 in
966 2437 1070 2495 foro
1103 2441 1312 2483 interno.
