2176 3386
1048 0 1051 7 ,
1106 0 1318 33 ..Ἰυῖψ
1322 0 1410 26 ⁸324,
1467 15 1480 24 ,‚
1506 22 1514 27 „
1649 19 1658 26 Ἰ.
1706 20 1718 26 v.

1237 26 1254 38 ·’
1311 31 1318 34 ”
1343 26 1349 29 “
1370 27 1374 34 ’
1411 0 1471 35 ..ἦ
1540 46 1547 51 ,
1598 29 1603 49 ῐ
1624 24 1738 53 ’“’“’”“Ᾰ
1782 27 1901 58 Ἰ”’·“’”ι
1978 51 1987 63 v

1819 62 1823 71 ⁸
1955 68 1962 75 ι
2011 67 2016 74 1

262 186 316 226 50
938 196 1047 225 PARS
1075 196 1115 224 11.
1147 196 1203 224 DE
1233 195 1371 225 nanus

383 307 484 352 696.
519 310 571 351 ln
605 307 838 366 sequelam
886 292 1219 350 resolutionum
1265 304 1630 364 praedictarum,
1656 304 1771 351 ‘bina
1815 306 2048 365 proposita

267 395 376 435 sunt
408 390 543 435 dubia
577 403 689 435 seu:

385 477 417 518 l.
455 475 523 518 An
558 472 714 517 illicite
747 476 888 529 agant
921 471 967 527 ii,
1002 471 1087 531 quis
1112 485 1217 516 cum
1247 485 1340 516 non
1373 471 1468 516 sint
1499 470 1766 529 bibliopolae
1809 485 1895 517 nec
1928 485 2051 523 mer·

264 563 460 613 catores,
497 559 570 602 vel
603 557 738 602 aliter
771 555 1014 602 missarum
1049 555 1428 601 celebrandarum
1462 554 1760 614 quaesitores,
1787 569 1949 600 verum
1974 568 2050 599 ec·-

264 640 506 688 clesiastici
540 639 646 696 viri,
681 639 845 699 quibus
883 643 1044 696 sponte
1077 653 1102 682 a
1136 637 1343 682 fidelibus
1376 637 1619 683 missarum
1667 637 2048 683 celebrandarum

263 727 586 782 eleemosynae
621 724 879 778 traduntur,
915 721 1082 782 quique
1115 722 1170 766 ad
1205 721 1347 766 bonos
1379 721 1516 766 libros
1549 721 1621 766 vel
1654 721 1794 766 diaria
1838 719 2047 779 religiosa

263 808 538 866 evulganda,
574 820 651 852 eas
683 806 977 851 celebrandas
1019 805 1219 850 offerunt
1251 803 1587 860 sacerdotibus,
1625 808 1674 848 ut
1706 804 1811 849 inde
1849 803 1893 848 hi
1927 803 2042 849 acci-

263 891 392 950 piant
423 890 637 951 stipendii
673 890 797 945 loc0,
834 890 970 934 libros
1004 890 1076 934 vel
1119 888 1463 947 ephemerides?
1503 891 1556 932 Il.
1594 890 1659 932 An
1705 887 1860 932 illicite
1906 891 2045 945 agant

263 975 521 1021 huiusmodi
556 974 830 1029 sacerdotes,
866 973 941 1032 qui
980 972 1051 1017 vel
1085 972 1137 1017 iis
1170 972 1344 1017 oblatas
1367 985 1391 1016 a
1415 971 1687 1029 supradictis
1720 970 2051 1016 ecclesiasticis

263 1058 427 1103 missas
458 1060 719 1115 acceptant,
747 1056 817 1100 vel
854 1055 959 1114 ipsis
992 1069 1069 1100 eas
1103 1059 1265 1113 petunt
1297 1054 1609 1109 celebrandas,
1636 1056 1687 1096 ut
1714 1053 1818 1098 inde
1851 1058 2046 1112 queant,v

262 1154 344 1199 pro
377 1140 526 1184 missis
574 1138 663 1183 iam
714 1137 979 1192 celebrstis,
1015 1151 1174 1182 earum
1214 1135 1426 1194 stipendii
1465 1135 1591 1190 loco,
1627 1134 1764 1179 libros
1796 1135 1868 1179 vel
1901 1133 2046 1178 diaria

261 1229 501 1283 acceptare
536 1223 609 1268 vel
643 1227 813 1281 petere,
840 1236 944 1266 cum
971 1220 1050 1279 ipsi
1084 1220 1268 1265 aliunde
1302 1220 1466 1274 sciant,
1497 1223 1577 1263 aut
1608 1217 1691 1262 sibi
1720 1218 2047 1276 persuadeant,

261 1308 394 1353 aliter
426 1321 518 1352 non
552 1309 822 1351 obtenturos
854 1305 1036 1350 easdem
1074 1304 1232 1348 missas
1266 1317 1344 1361 pro
1389 1302 1601 1347 effectiva
1645 1301 1938 1359 eleemosyna
1971 1314 2042 1345 ce-

264 1391 534 1436 lebrandas?
566 1390 738 1444 Quibus
770 1389 918 1433 dubiis
951 1391 992 1433 S.
1019 1386 1318 1445 Congregatio
1342 1386 1386 1430 in
1417 1385 1703 1444 generalibus
1735 1385 1933 1430 comitiis
1967 1386 2044 1429 ha·

264 1475 367 1519 bitis
385 1474 456 1519 die
475 1475 531 1519 '⁹24
549 1473 703 1533 aprilis
725 1473 835 1518 1875
859 1472 1118 1530 respondit:
1146 1470 1369 1529 Negative
1391 1469 1437 1514 in
1462 1469 1674 1514 omnibus
1697 1469 1752 1514 ad
1777 1474 2043 1527 utrumque,

982 1704 1212 1735 ARTICULUS
1256 1705 1315 1734 111.

873 1812 935 1854 De
968 1811 1136 1854 Missae
1169 1810 1429 1853 iteratione.

380 1946 480 1990 697.
521 1947 584 1988 Ex
619 1942 770 1999 regula
805 1939 1003 1998 generali
1040 1940 1169 1983 iuxta
1205 1938 1440 1993 vigentem
1479 1934 1703 1979 Ecclesiae
1732 1933 2041 1991 disciplinam,

260 2029 400 2074 semel
436 2032 617 2072 tantum
653 2025 699 2069 in
733 2024 804 2068 die
838 2022 945 2067 licet
978 2020 1290 2066 sacerdotibus
1336 2018 1611 2064 sacrificium
1662 2019 1824 2062 missae
1857 2016 2043 2072 offerre,

261 2116 455 2171 excepto
487 2110 558 2155 die
582 2107 847 2154 Nativitatis
875 2105 1069 2151 Domini.
1109 2107 1324 2148 Attamen
1352 2101 1651 2148 Missionariis
1682 2101 1800 2159 apud
1836 2100 2047 2144 infideles
2144 2121 2176 2157 ξς

261 2201 306 2240 et
339 2194 644 2239 heterodoxos
676 2190 963 2249 degentibus,
999 2190 1133 2233 datur
1167 2187 1358 2232 facultas
1390 2186 1447 2230 ab
1483 2184 1734 2244 Apostolica
1786 2183 1897 2229 Sede
1934 2183 2037 2227 mis·
2140 2164 2176 2181 '-

261 2292 357 2324 Sam
390 2276 595 2322 binandi.
632 2275 758 2320 Circa
792 2274 911 2325 hanc
948 2272 1213 2316 facultatem
1254 2272 1294 2314 S.
1333 2272 1494 2326 Congr.
1535 2267 1652 2312 Fidei
1688 2271 1818 2325 l’rop.
1857 2281 1935 2325 per
1966 2271 2037 2312 In-

260 2362 562 2409 structionem
586 2360 739 2404 datam
763 2357 834 2402 die
858 2357 915 2402 24
939 2355 1043 2400 maii
1071 2355 1181 2399 1870
1202 2355 1213 2377 ¹
1240 2353 1416 2411 regulas
1438 2367 1491 2397 ac
1513 2350 1735 2410 principia
1761 2350 2036 2410 praestituit,

259 2446 444 2506 quaein
480 2447 762 2489 memoratae
806 2439 1035 2486 facultatis
1067 2452 1151 2483 usu
1184 2437 1241 2481 ob
1272 2437 1426 2481 oeulos
1467 2434 1673 2480 habenda
1717 2437 1840 2478 sunt.
1892 2435 2037 2491 Atque

260 2530 306 2574 in
341 2528 499 2587 primis
531 2524 808 2580 declaravit,
844 2523 962 2582 quod
995 2521 1179 2581 quando
1213 2520 1257 2563 in
1292 2532 1399 2564 casu
1434 2516 1720 2563 necessitatis
1757 2514 2040 2574 permittitur

260 2611 573 2657 sacerdotibus
609 2608 791 2653 iteratio
826 2606 1015 2662 missae,
1051 2604 1094 2648 id
1128 2602 1317 2660 intelligi
1352 2602 1487 2647 debet
1517 2601 1572 2645 de
1608 2599 1742 2644 venia
1783 2598 1895 2643 duas
1937 2601 2036 2642 tan-

259 2700 359 2739 tum
397 2694 557 2739 missas
589 2690 865 2746 celebrandi,
900 2687 1115 2749 quamvis
1147 2699 1310 2745 graves
1343 2686 1674 2731 concurrerent
1705 2694 1885 2735 causae,
1921 2693 2044 2739 quae

2130 2663 2138 2666 ι
2137 2581 2142 2626 „y
2138 2533 2143 2541 ,

2164 2483 2176 2624 61...ἢῆ-
2167 2417 2176 2424 n
2169 2382 2176 2389 ι

261 2779 482 2823 maiorem
518 2775 760 2820 missarum
795 2786 1042 2818 numerum
1076 2783 1322 2829 exposcere
1355 2768 1624 2812 viderentur
1646 2765 1677 2810 ².

379 2932 388 2951 ¹
418 2931 566 2969 Collect.
592 2942 628 2968 n.
655 2930 735 2967 792.

378 3003 390 3021 ²
418 3002 615 3039 Instructio
642 3011 663 3037 a
689 3001 723 3037 S.
746 3001 783 3038 R.
802 3000 838 3036 C.
867 2999 925 3035 die
946 2997 988 3035 12
1008 2997 1228 3043 septembris
1257 2995 1348 3032 1858
1364 2995 1462 3033 edita
1487 3004 1553 3040 pro
1577 2992 1764 3030 sacerdote
1782 2989 2040 3037 Apostolicam

259 3075 469 3111 facultatem
496 3073 657 3110 habente
684 3072 740 3108 bis
766 3070 917 3108 Missam
943 3069 1071 3106 eadem
1097 3068 1155 3104 die
1181 3065 1394 3104 celebrandi
1420 3069 1475 3102 est
1500 3073 1679 3110 sequens:
