2176 3386
764 197 895 226 LIBER
922 198 947 225 1.
982 197 1040 225 DE
1069 196 1262 226 CLERICIS
1827 186 1908 226 245

119 306 159 363 b)
184 305 262 365 qui
297 305 504 349 praelato
538 302 708 350 nullius
740 303 1015 359 subduntur,
1051 303 1183 348 cuius
1214 302 1499 348 territorium
1535 303 1606 353 sel
1640 302 1762 348 intra
1808 304 1907 362 Epi-

120 390 242 446 scopi
276 388 524 434 dioecesim
558 393 644 440 est,
683 388 753 433 vel
787 387 993 432 eiusdem
1026 387 1283 432 cathedrali
1315 390 1384 431 est
1416 386 1626 431 vicinum
1654 387 1682 431 ¹.

239 472 325 527 Qui
360 485 493 531 porro
525 471 581 516 ad
614 471 799 516 tertiam
834 470 1025 516 classem
1063 469 1312 528 pertinent,
1358 483 1437 514 seu
1481 469 1558 529 qui
1602 453 1907 528 praetermitti

119 554 304 614 quidem
340 559 547 613 possunt,
583 554 678 610 sed,
717 553 869 599 vocati
894 553 930 597 si
953 552 1144 608 fuerint,
1169 553 1326 597 adesse
1352 557 1572 598 tenentur
1592 557 1725 597 sunt:
1762 554 1807 607 α)
1837 551 1909 596 Vi-

120 637 231 682 carii
267 643 364 682 tum
398 637 632 694 generales
666 642 763 681 tum
791 636 966 682 foranei
991 635 1023 681 ².
1059 637 1098 692 b)
1125 637 1343 681 Canonici
1368 635 1720 693 collegiatarum
1744 636 1906 680 saltem

121 734 200 779 per
231 733 337 765 suos
368 721 626 779 deputatos,
662 721 697 765 si
733 725 864 764 extra
901 722 1050 764 locum
1087 724 1343 774 morentur,
1369 718 1445 764 ubi
1469 719 1673 777 synodus
1698 720 1905 763 habetur.

120 806 158 860 c)
184 804 401 850 Canonici
436 803 627 849 iubilati.
666 804 714 861 d)
739 803 824 848 Alii
858 803 1078 847 ecclesiae
1111 802 1392 847 Cathedralis
1424 801 1701 855 beneficiati,
1736 801 1813 860 qui
1837 815 1909 846 ca-

122 887 274 931 nonici
311 901 403 931 non
438 891 561 931 sunt.
605 885 744 943 <idem
780 886 864 930 loc.
902 885 979 930 cit.
1018 900 1063 930 n.
1100 886 1162 942 4).
1199 887 1236 939 e)
1266 884 1530 943 Superiores
1561 888 1907 938 Conventuum,

120 971 196 1029 qui
230 983 312 1014 sex
346 969 516 1015 babent
550 969 797 1027 religiosos,
833 970 1035 1029 adeoque
1074 968 1278 1027 Episcopi
1303 968 1608 1014 iurisdictioni
1632 969 1906 1013 subduntur.

121 1053 160 1111 f)
188 1054 385 1099 Abbates
409 1059 747 1110 conventuum,
773 1068 969 1113 quorum
997 1054 1330 1099 monasterium
1353 1053 1552 1112 capitulo
1575 1055 1774 1112 generali
1802 1054 1910 1098 alio—

123 1151 222 1182 rum
259 1137 650 1182 monasteriorum
674 1136 897 1182 eiusmodi
922 1137 1095 1181 ordinis
1119 1151 1209 1181 non
1235 1136 1445 1181 subditur
1462 1137 1492 1182 ⁸.
1528 1139 1574 1195 9)
1601 1137 1775 1192 Quibus
1803 1151 1910 1182 con-

121 1221 313 1266 suetudo
351 1222 438 1266 tale
477 1235 593 1267 onus
626 1220 894 1279 imposuits‘.
935 1221 1179 1280 Episcopus
1212 1236 1304 1267 non
1341 1226 1490 1279 potest
1523 1235 1683 1279 cogere
1706 1222 1762 1266 ad
1784 1235 1911 1266 acce-

120 1305 321 1349 dendum
355 1305 410 1349 ad
445 1304 685 1363 Synodum
722 1305 944 1349 habentes
976 1304 1194 1349 beneficia
1231 1305 1472 1363 simplicia,
1510 1305 1596 1351 nisi
1629 1320 1687 1350 ex
1720 1319 1911 1351 consue·

120 1388 279 1433 tudine
313 1388 435 1433 aliud
470 1389 766 1432 observatum
804 1388 990 1432 fuerit³.

241 1471 326 1524 Qui
362 1471 599 1516 nonnullis
633 1475 816 1516 tantum
854 1471 896 1515 in
933 1472 1113 1517 casibus
1136 1473 1345 1531 compelli
1370 1474 1426 1518 ad
1448 1474 1676 1531 synodum
1702 1477 1908 1532 possunt,

122 1554 237 1599 idest
269 1554 304 1599 si
339 1559 501 1612 agatur
537 1555 607 1599 vel
642 1555 698 1599 de
733 1570 779 1599 re
813 1556 868 1599 ad
902 1570 1064 1601 omnes
1098 1556 1287 1602 clericos
1320 1556 1598 1615 pertinente,
1637 1558 1706 1602 vel
1731 1557 1786 1601 de
1818 1571 1910 1601 mo-

122 1652 224 1682 rum
258 1638 517 1696 disciplina,
558 1637 717 1683 Clerici
752 1652 913 1683 omnes
946 1643 1070 1693 sunt,
1097 1640 1173 1698 qui
1202 1640 1272 1684 iel
1296 1639 1490 1698 simplex
1526 1645 1707 1685 tantum
1742 1639 1911 1684 benefi-

121 1721 242 1765 cium
277 1721 541 1766 obtinentfi.

240 1804 341 1848 280.
381 1804 444 1848 Ad
482 1803 789 1861 obligationes
815 1818 829 1847 x
846 1819 923 1848 ero
945 1806 1064 1864 quod
1088 1805 1256 1850 attinet
1288 1806 1452 1865 quibus
1474 1806 1518 1850 bi
1545 1811 1779 1861 tenentur,
1804 1821 1909 1851 cum

121 1887 176 1932 ad
200 1902 340 1932 unam
366 1887 488 1932 illam
519 1887 802 1944 redigantur,
831 1892 880 1931 ut
902 1888 958 1932 ad
984 1889 1213 1946 synodum
1239 1893 1463 1934 accedant
1486 1905 1634 1949 neque
1657 1891 1714 1935 ab
1735 1905 1786 1936 ea
1813 1891 1911 1934 sine

122 1970 257 2016 venia
297 1971 501 2029 Episcopi
539 1971 752 2016 recedere
785 1971 999 2027 debeant,
1037 1972 1143 2017 hinc
1176 1973 1264 2017 duo
1297 1977 1499 2029 tantum,
1543 1988 1660 2033 quae
1704 1974 1807 2018 inde
1847 1973 1911 2018 di-

124 2059 331 2108 manant,
367 2053 477 2098 satis
513 2058 581 2098 est
618 2054 717 2098 heic
740 2054 1153 2100 animadvertisse:
1192 2058 1236 2111 a)
1266 2057 1492 2101 Accedere
1517 2055 1816 2114 negligentes,
1842 2070 1912 2100 ar-

122 2135 255 2180 bitrio
282 2136 485 2195 Episcopi
514 2137 768 2194 puniendos
801 2151 915 2192 esse,
938 2138 1118 2183 etiamsi
1141 2139 1288 2197 quoad
1309 2144 1461 2184 cetera
1479 2140 1682 2197 exempti
1703 2139 1812 2195 sint,
1833 2155 1912 2184 ex-

123 2223 250 2277 cepta
289 2221 429 2264 multa
470 2220 734 2278 pecuniaria
759 2222 905 2280 quoad
942 2222 1217 2280 regulares⁷.
1255 2223 1293 2276 b)
1321 2223 1404 2276 Qui
1431 2222 1632 2281 legitima
1660 2237 1794 2267 causa
1829 2223 1910 2269 im-

242 2416 249 2434 ¹
268 2417 396 2460 Quoad
417 2426 593 2461 personas
615 2423 805 2464 exemptas
824 2418 1127 2464 distinguendum
1142 2423 1195 2455 est
1217 2419 1311 2455 inter
1327 2428 1390 2456 eas
1405 2420 1467 2465 qui
1487 2419 1659 2465 capitulis
1675 2420 1911 2465 generalibus

122 2488 273 2524 minime
292 2489 502 2526 subduntur
519 2490 565 2525 ab
585 2490 629 2526 iis
651 2490 715 2535 qui
742 2491 913 2536 capitulis
942 2492 1180 2537 generalibus
1206 2498 1291 2528 sunt
1317 2493 1491 2529 adstricti.
1519 2493 1631 2529 Primi
1658 2494 1704 2529 ad
1728 2494 1910 2539 synodum

121 2560 295 2596 accedere·
327 2566 497 2597 tenentur
530 2567 566 2597 et
585 2562 716 2608 synodi
745 2561 1023 2600 definitionibus
1049 2563 1267 2607 subduntur,
1293 2564 1446 2602 secundi
1473 2564 1517 2600 ad
1544 2565 1727 2611 synodum
1756 2565 1911 2602 vocandi

122 2636 206 2670 sunt
232 2637 268 2670 et
292 2633 470 2670 accedere
499 2638 673 2670 tenentur
698 2634 729 2670 si
758 2634 990 2680 parochiales
1011 2635 1066 2671 vel
1090 2635 1182 2671 alias
1206 2636 1416 2672 saeculares
1436 2636 1623 2674 Ecclesias
1640 2637 1910 2674 administrent.

239 2703 252 2722 ²
278 2704 366 2740 Ben.
393 2704 480 2740 XIV
507 2704 576 2741 loc.
602 2706 662 2741 cit.

238 2773 251 2794 ⁸
277 2775 373 2812 Trid.
403 2775 499 2812 Sess.
533 2775 668 2818 XXIV,
696 2775 732 2812 C.
760 2776 793 2811 II
821 2776 865 2812 de
893 2763 980 2821 Ref.;
1006 2777 1093 2813 Ben.
1121 2777 1208 2814 XIV
1235 2777 1305 2813 loc.
1333 2778 1391 2814 cit.
1420 2778 1456 2815 C.
1487 2778 1517 2820 1,
1545 2787 1579 2814 n.
1605 2779 1638 2814 8.
1666 2788 1742 2824 seq.

238 2843 251 2864 ⁵
277 2845 364 2881 Ben.
394 2845 480 2882 XIV
508 2845 577 2882 loc.
602 2846 661 2882 cit.
690 2846 730 2882 C.
758 2846 790 2889 6,
818 2855 851 2882 n.
878 2846 911 2883 5.
939 2857 1042 2893 seqq.

237 2916 251 2936 ⁸
278 2918 312 2953 S.
339 2916 473 2962 Congr.
501 2917 612 2955 Cone.
645 2918 766 2955 Tulen.
796 2919 838 2955 17
867 2919 971 2956 Mart.
1001 2919 1103 2956 1593.

238 2987 252 3007 ⁶
277 2987 367 3024 Ben.
395 2988 481 3025 XIV
507 2988 577 3025 loc.
604 2989 664 3026 cit.
692 2989 729 3026 C.
757 2989 789 3032 6,
817 2999 851 3025 n.
881 2989 911 3025 1.
938 2999 1039 3035 seqq.

239 3057 253 3077 '¹
280 3058 368 3095 Ben.
395 3059 483 3096 XIV
510 3059 579 3095 loc.
606 3060 668 3096 cil.
695 3060 735 3096 L.
760 3061 794 3105 5,
820 3061 858 3098 C.
887 3060 940 3103 12,
968 3071 1003 3096 n.
1037 3061 1066 3097 1.
