2176 3386
256 204 336 244 468
903 207 1012 236 PARS
1042 208 1066 235 1.
1103 206 1159 234 DE
1189 203 1400 234 PERSONJS

378 318 507 371 Quod
540 316 576 361 si
612 315 694 374 ipsi
726 313 894 368 desint,
920 313 1007 357 hoc
1039 309 1329 369 privilegium
1367 306 1619 353 Minoribus
1650 306 1705 351 de
1735 304 2040 350 observantia

261 400 540 447 devolvitur.
578 396 790 443 Sodalitia
834 394 956 440 sSfiii
994 392 1166 439 Rosarii
1211 390 1386 449 erigere
1417 389 1474 434 ad
1511 393 1664 434 Patres
1693 387 1878 433 Ordinis
1912 390 2041 431 Prae-

260 485 517 530 dicatorum
561 485 768 540 spectat;
815 479 1016 537 itemque
1058 477 1238 521 dicatur
1278 475 1332 518 de
1373 472 1636 530 corrigiatis
1677 475 1719 516 S.
1768 469 2038 528 Augustini,

261 566 580 625 scapularibus
613 565 653 607 S.
695 561 865 607 Mariae
897 561 952 604 de
985 559 1208 614 Carmelo,
1244 556 1431 616 aliisque
1479 554 1700 600 sodalitiis
1731 553 1923 599 alioruin
1961 557 2039 598 Re·

264 649 653 709 gulariumiuxta
689 644 925 705 privilegia
958 657 1075 703 quae
1107 658 1131 686 a
1167 642 1277 685 Sede
1314 639 1568 696 Apostolica
1605 651 1822 683 concessa
1855 640 1978 681 sunt.

380 733 508 787 Quod
531 732 567 775 si
590 726 944 775 confraternitas
966 727 1135 785 absque
1170 724 1436 768 interventu
1462 720 1714 780 Superioris
1745 717 2040 764 ecclesiastici

262 818 478 874 erigatur,
515 818 671 871 utpote
705 810 877 855 laicalis
908 808 1239 854 consideranda
1266 810 1351 851 est.

381 899 482 945 605.
511 902 558 942 ln
583 892 1048 941 Gonl'raternitatibus
1069 891 1296 948 erigendis
1318 888 1588 934 constitutio
1624 907 1643 927 a
1670 894 1992 945 Quaecumque
2021 903 2039 923 υ

263 981 510 1029 Clementis
530 983 627 1024 viu
651 980 673 1022 7
693 978 793 1021 dec.
819 977 930 1021 1604
947 975 1172 1020 servanda
1192 978 1277 1028 est,
1303 986 1509 1032 quaeque
1529 977 1578 1015 ut
1599 970 1800 1015 diximus
1822 984 1846 1013 a
1866 972 1906 1014 S.
1932 973 2043 1013 Pou-

264 1066 385 1109 tilice
421 1065 495 1108 l'io
531 1067 583 1107 lx
631 1062 815 1106 decreto
858 1063 898 1105 S.
936 1063 980 1103 C.
1021 1057 1378 1115 [ndiilgetiarum
1422 1057 1448 1100 8
1482 1056 1574 1100 ian.
1620 1055 1722 1099 1861
1772 1051 2042 1098 confirmata

264 1154 348 1193 est.
403 1151 532 1192 [uxta
578 1144 859 1204 praedictam
905 1141 1291 1188 Constitutionem
1343 1139 1716 1198 praedictumque
1768 1137 2039 1180 decretum:

269 1234 306 1288 l)
336 1245 425 1276 una
459 1234 641 1274 tantum
675 1226 1033 1273 confraternitas
1065 1224 1267 1268 ciusdem
1301 1222 1480 1281 generis
1513 1221 1689 1266 institui
1724 1223 1872 1278 potest
1904 1218 1950 1262 in
1974 1233 2043 1261 ec-

266 1315 415 1360 clesiis
451 1319 542 1358 tam
578 1311 881 1357 saecularium
928 1323 1067 1369 quarn
1109 1307 1404 1365 regularium,
1442 1306 1533 1350 imo
1580 1305 1674 1348 iure
1707 1301 1943 1347 communi
1978 1301 2044 1344 in-

266 1404 420 1458 specto
455 1403 503 1442 ut
527 1397 646 1441 nulla
682 1396 767 1439 alia
802 1394 962 1438 similis
985 1390 1348 1438 Conl'raternitas
1383 1389 1501 1434 intra
1537 1388 1621 1432 tria
1652 1386 1860 1432 milliaria
1893 1390 2045 1430 erecta

266 1484 326 1528 sit
358 1486 552 1540 oportet.
598 1484 661 1524 Ex
703 1479 887 1523 decreto
926 1479 967 1520 S.
1003 1481 1050 1521 C.
1086 1474 1478 1532 Indulgentiarum
1520 1477 1673 1516 tamen
1719 1469 1855 1514 unius
1892 1470 2046 1514 leucae

266 1566 485 1611 distantia
518 1563 685 1608 sufficit
709 1563 738 1606 ¹.
777 1565 819 1606 S.
858 1561 1069 1604 Pontifex
1106 1563 1192 1603 Leo
1227 1561 1325 1602 Xlll
1367 1555 1594 1600 concessit
1628 1559 1678 1598 ut
1711 1553 1754 1597 in
1802 1551 2046 1597 maioribus

268 1648 534 1695 civitatibus
556 1644 783 1691 ordinarii
819 1645 968 1703 plures
990 1640 1401 1687 Confraternitates
1433 1639 1634 1683 eiusdem
1672 1636 1871 1683 nominis
1902 1640 1949 1680 et
1982 1637 2046 1679 in-

268 1730 416 1776 stituti
441 1730 614 1786 erigere
639 1727 813 1788 possint
845 1732 1027 1771 servata
1051 1739 1209 1769 eorum
1234 1723 1423 1768 arbitrio
1445 1721 1744 1768 conxeuienti
1777 1721 1993 1765 distantia
2013 1720 2044 1763 ².

269 1818 510 1858 Caeterum
549 1810 790 1870 probibitio
813 1808 1100 1854 clementina
1138 1821 1283 1866 neque
1316 1808 1371 1851 ad
1405 1805 1842 1851 Confraternitatem
1877 1807 1949 1850 SS.
1975 1807 2047 1849 Sa-

269 1896 495 1942 cramenti
533 1908 677 1954 neque
725 1893 780 1937 ad
829 1892 1093 1937 sodalitates
1136 1889 1373 1934 doctrinae
1417 1888 1695 1932 christianae
1728 1902 1844 1947 quae
1879 1889 1970 1932 imo
2005 1891 2050 1933 in

270 1993 546 2039 unaquaque
580 1977 794 2023 Paroecia
836 1975 1078 2032 erigendae
1120 1978 1254 2029 sunt,
1289 1972 1558 2016 extenditur
1581 1971 1613 2016 ⁸.
1658 1973 1699 2028 2)
1737 1975 1784 2015 ln
1823 1973 2049 2031 praedicta

271 2062 557 2110 clementina
592 2060 922 2105 constitutione
955 2057 1173 2102 statuitur
1205 2056 1394 2115 quinam
1431 2055 1595 2100 habeat
1638 2055 1706 2099 ius
1741 2055 2050 2100 confraterni-

271 2152 390 2193 tates
432 2145 660 2203 erigendi,
696 2158 749 2188 ac
781 2142 900 2202 quod
938 2140 1141 2199 Episcopi
1185 2151 1437 2184 consensus
1484 2138 1744 2197 requiratur
1783 2139 1964 2183 etiamsi
1997 2139 2051 2183 de

277 2228 573 2288 Regularibus
619 2231 780 2284 agatur
814 2224 900 2268 nisi
934 2223 978 2268 hi
1014 2222 1241 2281 peculiare
1283 2222 1584 2280 apostolicum
1634 2223 1833 2266 habeant
1870 2221 2052 2280 privile·

273 2313 396 2371 gium
420 2312 452 2355 ⁴.
490 2313 532 2368 5>
562 2308 766 2368 Episcopi
799 2307 987 2352 arbitrio
1029 2306 1075 2351 in
1112 2319 1244 2350 usum
1278 2304 1403 2362 pium
1441 2304 1511 2348 vel
1549 2303 1773 2348 Ecclesiae
1806 2304 2051 2349 utilitatem

274 2397 599 2453 eleemosynae
640 2392 818 2451 aliaque
861 2390 1060 2434 subsidia
1109 2388 1441 2447 impenduntur
1478 2400 1594 2446 quae
1643 2387 1822 2430 iuxtam
1857 2388 2053 2444 formam

274 2480 331 2524 ab
367 2479 583 2538 Episcopo
618 2475 945 2536 praescriptam
979 2489 1003 2519 a
1037 2471 1502 2519 Confraternitatibus
1535 2469 1863 2529 percipiuntur.
1900 2472 1942 2525 4)
1971 2451 2053 2529 Agss

274 2563 477 2622 gregatio
511 2563 639 2606 iuxta
675 2562 921 2606 formulam
946 2559 991 2603 in
1022 2557 1253 2617 praedicta
1287 2555 1618 2600 constitutione
1646 2554 1933 2600 Clementina
1966 2560 2054 2599 sla-

276 2651 426 2691 tutam
472 2646 635 2690 saltem
685 2644 731 2688 in
778 2640 1157 2687 substantialibus
1197 2654 1254 2684 ex
1303 2637 1596 2696 dispositione
1638 2637 1700 2680 Pii
1737 2641 1790 2682 {X
1828 2636 2054 2681 serianda

397 2800 406 2818 ¹
432 2801 572 2836 Decrct.
601 2800 644 2836 15
671 2800 747 2835 Ian.
775 2798 879 2834 1895.

396 2872 407 2889 ²
436 2871 470 2907 S.
498 2872 535 2908 G.
562 2870 706 2915 Indulg.
734 2869 780 2906 20
805 2869 891 2906 Maii
920 2863 1038 2904 189ss

399 2939 412 2959 ³
437 2941 566 2976 Luclm
592 2939 637 2975 de
663 2939 770 2975 Visit.
797 2937 896 2975 Sacr.
922 2937 1013 2973 Lim.
1032 2936 1077 2979 ΙΙ,
1104 2944 1141 2971 ο.
1162 2936 1196 2978 7,
1221 2934 1282 2978 52,
1309 2944 1343 2970 n.
1365 2933 1454 2977 1263
1481 2933 1515 2969 S.
1534 2932 1572 2969 C.
1598 2932 1670 2968 EE.
1688 2935 1725 2969 et
1751 2932 1824 2968 RR.
1849 2931 1886 2966 in
1908 2929 2058 2966 Vercel-

278 3013 350 3049 len.
377 3012 399 3048 5
426 3011 532 3048 Febr.
561 3010 663 3046 1610.

396 3086 410 3105 ¹·
436 3085 504 3122 Cir.
531 3084 641 3121 etiam
668 3084 797 3120 Lucim
821 3083 868 3119 de
894 3081 972 3118 Vis.
999 3080 1034 3117 S.
1061 3080 1152 3116 Lim.
1180 3079 1223 3122 ΙΙ,
1250 3088 1280 3116 c.
1308 3078 1340 3122 7,
1366 3087 1405 3114 n.
1434 3076 1513 3113 150.
