2176 3386
203 191 293 254 ’260
888 203 998 233 PARS
1027 204 1068 232 11.
1098 204 1155 233 DE
1185 204 1323 233 Rssssus

212 309 339 369 sequi
371 323 465 355 non
498 314 664 368 potest,
700 324 786 355 nec
819 311 960 356 latina
994 325 1110 356 uxor
1145 312 1298 358 mariti
1332 313 1502 371 graeci.
1538 317 1742 360 Graecus
1763 329 1874 361 vero
1897 320 2004 362 ma-‘

211 393 326 437 ritus
372 397 537 451 potest,
572 393 609 437 si
642 393 770 449 velit,
805 394 947 439 ritum
981 395 1138 439 uxoris
1179 396 1348 441 IatInae
1382 396 1510 456 sequi
1543 401 1590 442 et
1632 411 1794 455 graeca
1834 398 1992 444 itidem

209 491 325 522 uxor
358 476 512 522 mariti
557 476 719 531 latini,
756 481 856 535 post
887 477 1016 521 cuius
1064 477 1238 522 obitum
1288 479 1342 523 ad
1395 478 1538 524 ritum
1587 493 1800 535 graecu-m
1846 481 1992 526 redire

209 559 386 619 nequit.

334 644 461 688 1185.
502 643 702 703 Denique
734 644 791 689 ad
833 644 1022 690 tertium
1069 645 1189 704 quod
1229 645 1429 701 attinet,
1465 659 1542 691 seu
1579 647 1636 692 ad
1669 648 1835 692 latinos
1872 648 1994 694 inter

214 741 398 784 graecos
431 728 663 785 degenteS,
699 727 781 786 ipsi
816 727 973 773 stricte
1005 732 1226 773 tene-ntur
1259 729 1386 788 sequi
1423 731 1654 789 proprium
1689 731 1830 777 ritum
1866 738 1913 778 et
1943 733 1991 777 in

214 825 268 855 eo
300 825 587 869 permanere,
622 814 758 870 atque
782 811 894 856 adeo
933 810 1203 856 Missionarii
1238 826 1263 857 a
1299 815 1339 857 S.
1368 814 1730 870 Congregatione
1753 815 1810 859 ad
1832 815 1991 860 Orien·

215 896 329 940 tales
361 895 576 940 destinati
599 896 767 940 debent
801 895 954 940 omnia
990 896 1237 941 latinorum
1262 896 1434 942 ieiunia
1469 910 1672 953 servare,
1697 899 1992 958 quemadmo-

214 979 321 1023 dum
355 983 402 1024 et
433 979 605 1038 reliqua
639 978 820 1033 omnia,
856 993 972 1038 quae
1006 979 1175 1024 latinae
1213 980 1439 1026 Ecclesiae
1473 981 1710 1040 disciplina
1756 983 1988 1043 praecipit.

950 1232 1181 1261 Ammonius
1207 1233 1261 1262 iv.

456 1350 516 1391 De
546 1350 969 1391 conmmn'e‘catz'one
1001 1350 1126 1392 inter
1160 1351 1399 1407 utriusque
1433 1352 1552 1394 ritas
1583 1350 1753 1408 fideles.

336 1477 463 1521 1184.
501 1479 797 1533 Superestut
827 1477 977 1536 aliqua
1011 1478 1329 1536 expendamus
1363 1479 1483 1524 circa
1521 1476 1991 1527 communicationem

215 1560 261 1604 in
295 1559 463 1604 divinis
497 1560 619 1605 inter
652 1560 818 1605 latinos
841 1566 887 1605 et
919 1575 1106 1618 graecos
1138 1562 1403 1607 catholicos.
1441 1563 1555 1608 Huic
1589 1564 1654 1608 rei
1689 1565 1992 1610 moderandae

214 1644 365 1702 plures
386 1647 551 1688 extant
583 1644 943 1688 Constitutiones
975 1645 1283 1703 apostolicae,
1320 1645 1444 1691 inter
1474 1660 1589 1706 quas
1621 1652 1887 1693 recensetur
1919 1648 1992 1693 illa

216 1727 474 1773 Innocentii
509 1731 563 1771 IV
598 1728 651 1771 de
684 1728 936 1773 catholicae
970 1728 1071 1773 fidei
1105 1729 1404 1787 professione,
1439 1730 1496 1775 ad
1535 1730 1802 1789 Episcopum
1827 1734 1992 1777 Tuscu-

215 1812 372 1856 lanum
406 1812 528 1866 data,
564 1811 640 1870 qui
688 1812 837 1869 Legati
873 1826 1064 1857 munere
1109 1814 1386 1871 fungebatur
1433 1814 1479 1858 in
1530 1828 1669 1873 regno
1716 1815 1883 1874 Cypri,
1919 1816 1993 1861 illa

216 1895 278 1940 Pii
315 1899 369 1941 IV
403 1898 645 1939 Romanus
689 1895 905 1953 Pontifex
945 1895 1017 1940 die
1060 1897 1112 1940 10
1145 1897 1257 1941 febr.
1300 1897 1436 1952 1554,
1473 1901 1571 1942 tum
1606 1898 1679 1943 illa
1715 1898 1778 1943 Pii
1813 1902 1848 1942 V
1883 1903 1994 1943 Pro-

213 1979 424 2023 videntia
457 1981 663 2023 Romani
713 1980 946 2038 Ponl‘ae'lz‘cis
996 1980 1012 2023 1
1056 1980 1301 2038 septembr.
1359 1981 1486 2035 1566,
1528 1981 1755 2040 denique,
1790 1987 1841 2026 ut
1883 1982 1994 2027 alias

214 2061 459 2117 omittam,
510 2062 757 2107 Clementis
800 2065 897 2107 VIII
946 2063 1190 2108 Instructio
1239 2063 1466 2122 publicata
1514 2074 1638 2110 anno
1683 2066 1810 2110 1599.
1863 2066 1993 2110 Plura

214 2145 354 2190 etiam
393 2145 575 2190 decreta
618 2145 738 2190 edita
779 2146 832 2190 de
875 2146 1036 2191 eadem
1070 2161 1118 2191 re
1150 2148 1278 2191 fuere
1311 2161 1336 2191 a
1373 2150 1413 2192 S.
1454 2149 1536 2192 Un.
1576 2148 1745 2207 Inquis.
1775 2149 1804 2192 ¹.
1859 2152 1995 2192 Extat

214 2227 354 2273 etiam
393 2232 634 2273 Decretum
669 2232 709 2274 S.
747 2232 908 2286 Congr.
947 2229 1068 2274 Fidei
1110 2230 1430 2287 Propagandae
1458 2230 1472 2253 ²
1508 2231 1651 2275 latum
1683 2231 1740 2275 ad
1763 2244 1927 2289 graves
1948 2234 1995 2276 et

215 2312 456 2357 diuturnas
488 2312 827 2358 controversias
858 2312 1152 2368 dirimendas,
1188 2328 1304 2373 quae
1346 2314 1393 2358 in
1428 2314 1667 2372 provincia
1704 2313 1992 2372 Leopolitana

215 2394 337 2440 inter
368 2394 701 2440 ecclesiastIcos
732 2395 863 2440 latini
895 2400 942 2440 et
974 2396 1123 2453 graeci
1157 2396 1271 2441 ritus
1303 2401 1494 2442 exortae
1530 2397 1728 2442 fuerant.

339 2479 464 2524 1185.
502 2483 640 2524 Porro
679 2479 725 2523 in
748 2479 908 2538 primis
939 2480 1096 2538 quaeri
1120 2485 1269 2538 potest
1292 2485 1447 2525 utrum
1482 2480 1530 2525 in
1558 2480 1770 2535 dioecesi,
1797 2480 1871 2524 ubi
1895 2495 1993 2539 per-

218 2562 351 2607 mixti
384 2568 493 2607 sunt
528 2562 672 2608 Latini
705 2577 812 2608 cum
844 2563 1028 2609 Graecis
1051 2564 1124 2609 vel
1159 2564 1318 2609 Graeci
1367 2578 1472 2609 cum
1513 2564 1614 2609 aliis
1647 2564 1815 2610 diversi
1859 2564 1990 2621 ritus,

216 2645 357 2704 possit
389 2646 577 2691 Latinus
608 2649 782 2692 Graeco
813 2651 860 2691 et
892 2650 1092 2692 Graecus
1125 2646 1327 2692 vicissim
1365 2647 1523 2693 Latino
1557 2652 1640 2692 aut
1669 2647 1858 2693 alterius
1880 2648 1995 2692 ritus

215 2730 440 2775 sacerdoti
467 2728 692 2775 confiteri.
731 2733 781 2774 In
804 2743 911 2774 casu
934 2729 1221 2775 necessitatis
1245 2732 1562 2788 presbyterum
1595 2743 1823 2790 quemque
1844 2742 1991 2788 posse,

217 2813 394 2858 fidelem
427 2813 597 2858 diversi
630 2813 744 2858 ritus
775 2813 1030 2869 absolvere,
1064 2818 1353 2872 compertum
1387 2817 1472 2858 est.
1509 2813 1677 2859 Graeci
1708 2817 1864 2858 autem
1897 2812 1994 2858 alii-

334 3002 343 3020 ¹
372 3002 473 3046 Quae
499 3002 708 3040 referuntur
732 3002 780 3039 ab
807 3002 960 3040 Ammo
987 3003 1039 3039 De
1062 3003 1209 3040 inconst.
1226 3003 1264 3039 in
1281 3003 1370 3040 Fide
1383 3003 1423 3039 P.
1444 3003 1470 3046 I,
1492 3012 1573 3049 cap.
1591 3002 1638 3040 50
1654 3012 1676 3039 a
1692 3012 1728 3039 n.
1755 3001 1824 3039 5ss
1851 3002 1897 3040 ad
1911 3001 1993 3061 378.

332 3076 345 3094 ¹
371 3076 438 3112 Die
464 3076 486 3113 6
511 3066 649 3113 octcihr.
677 3076 780 3113 1865.
808 3076 956 3113 collect.
982 3085 1017 3113 n.
1044 3075 1150 3113 2024.
