2176 3386
1247 0 1260 10 r
1284 0 1309 13 .·
1318 0 1332 9 .-
1341 0 1363 9 .-
1379 0 1545 21 ...w
1559 0 1561 3 -
1573 0 1610 35 ,ι

215 195 296 236 316
583 207 934 240 SUPPLEMENTUM
964 211 1242 246 QUORUMDAM
1270 212 1636 244 DOCUMENTORUM

218 314 331 360 haec
366 330 444 374 per
477 317 759 374 Apostolicos
794 319 1030 377 Delegatos
1061 319 1277 366 omnibus
1312 321 1602 378 patriarchis,
1637 323 1999 383 Archiepiscopis

217 402 264 443 et
298 398 529 458 Episcopis
562 400 736 445 rituum
769 401 1075 447 Orientalium
1111 402 1424 460 notificentur,
1459 419 1709 465 eorumque
1747 407 1999 454 memoriae

217 480 492 539 inculcetur,
519 482 617 528 illos
638 482 793 528 fideles
815 484 975 530 subiici
1000 485 1271 532 nominatim
1306 487 1474 532 nedum
1499 488 1723 545 censuris,
1747 490 1825 535 sed
1856 490 1997 536 etiam

216 564 477 623 apostolicis
500 566 891 613 reservationibus
913 568 1017 613 latis
1050 569 1096 614 in
1130 572 1284 615 Const.
1312 571 1477 616 Bened.
1506 574 1602 616 xlv
1636 574 1998 618 Sacramentum

221 652 541 695 Paenitentiae
572 654 618 694 et
651 650 697 695 in
731 652 1148 698 Constitutionibus
1181 659 1343 699 contra
1377 657 1535 700 Sectae
1570 656 1853 702 massonicae
1879 657 1998 702 aliis·

215 745 304 791 que
337 731 562 778 similibus
594 733 801 780 addictos
827 754 864 779 n.

1066 905 1151 958 IV.

803 1046 882 1100 De
923 1068 1159 1100 munere
1199 1051 1421 1121 patrini.

338 1187 528 1233 Admitti
563 1194 801 1248 nequeunt
833 1189 887 1233 ad
923 1203 1092 1234 munus
1124 1189 1292 1248 patrini
1326 1190 1402 1250 qui
1436 1190 1482 1235 in
1516 1190 1639 1235 civili
1673 1195 1857 1236 tantum
1907 1205 2001 1236 ma-

218 1270 437 1316 trimonio
471 1271 672 1327 vivunt,
708 1285 794 1316 nec
844 1272 1021 1330 publice
1070 1272 1461 1319 excommunicati
1500 1279 1582 1318 aut
1613 1273 1879 1329 interdicti,
1915 1273 2001 1319 nisi

219 1359 430 1413 reparato
462 1355 678 1400 scandalo
715 1354 941 1400 Ecclesiae
977 1356 1348 1402 reconcilientur.
1395 1360 1451 1402 At
1482 1356 1518 1401 si
1554 1355 1840 1402 reconciliari
1874 1371 2002 1402 recu·

218 1442 322 1482 sent
354 1442 401 1482 et
422 1452 480 1482 ex
504 1452 663 1482 eorum
701 1438 879 1497 repulsa
903 1439 1060 1496 gravia
1094 1442 1263 1484 damna
1298 1439 1568 1494 timeantur,
1595 1453 1667 1484 res
1694 1440 1750 1485 ad
1772 1439 2001 1484 Ordinarii

219 1521 440 1566 iudicium
474 1521 721 1566 deferatur.
760 1525 801 1567 S.
830 1521 1005 1567 Poenit.
1044 1536 1159 1581 resp.
1187 1523 1243 1567 ad
1275 1523 1381 1567 dub.
1412 1523 1481 1579 15,
1515 1523 1588 1568 die
1612 1524 1669 1568 20
1692 1523 1844 1568 martii
1872 1523 1998 1568 1885.

1081 1751 1141 1804 V.

830 1906 908 1959 De
949 1906 1402 1959 Confirmatione.

341 2062 602 2107 Curandum
636 2066 689 2106 ut
713 2062 758 2106 in
782 2060 975 2106 solemni
1001 2060 1136 2105 huius
1158 2059 1437 2106 sacramenti
1464 2059 1865 2105 administratione
1897 2074 2005 2105 con·

222 2145 436 2190 firmandi
470 2145 622 2190 adsint
655 2144 829 2204 primae
876 2158 1098 2190 manuum
1153 2143 1357 2203 Episcopi
1408 2141 1689 2201 impositioni
1731 2156 1810 2187 seu
1843 2145 2004 2187 exten-

221 2229 357 2284 sioni,
393 2228 458 2274 eis
491 2234 646 2273 tamen
680 2228 755 2288 qui
782 2229 900 2273 forte
924 2227 1158 2273 defuerint
1192 2240 1413 2272 manuum
1448 2226 1659 2271 extensio
1691 2225 1886 2284 suppleri
1911 2239 2002 2270 non

222 2313 374 2367 debet,
411 2312 531 2371 iique
564 2325 694 2357 sacro
726 2312 977 2357 chrismate
1009 2310 1199 2356 delibuti
1233 2311 1463 2354 habentur
1495 2314 1545 2354 ut
1578 2323 1687 2354 vere
1727 2307 2001 2354 confirmati.

224 2399 329 2455 Sup.
365 2395 502 2440 Univ.
542 2399 637 2454 inq.
675 2395 699 2439 7
732 2409 830 2454 apr.
872 2395 999 2439 1872.

1072 2597 1158 2650 VI.

299 2749 493 2804 Quoad
532 2750 764 2804 modum
802 2749 1135 2803 conficiendi
1180 2769 1386 2823 panem
1427 2769 1524 2823 pro
1565 2747 1935 2801 Eucharistia.

348 2924 368 2945 a
396 2908 445 2949 ln
481 2906 565 2949 liae
599 2904 840 2962 regione...
877 2903 1161 2948 consuetudo
1194 2906 1293 2948 orta
1332 2906 1455 2947 est...
1492 2914 1610 2959 pane
1643 2891 1917 2945 conficiendi
1948 2912 2006 2944 ex

225 2987 380 3046 granis
412 2987 640 3043 contritis,
675 2992 722 3032 et
755 3002 834 3046 per
864 2987 1041 3047 aliquas
1088 2988 1223 3032 horas
1255 2987 1302 3031 in
1334 2999 1452 3046 aqua
1490 2984 1679 3040 infusis,
1713 2997 1807 3028 non
1850 2989 2007 3028 tamen

228 3085 371 3131 usque
403 3072 457 3117 ad
492 3071 850 3131 corruptionem.
884 3077 1010 3126 Quae
1042 3085 1183 3130 grana
1218 3070 1431 3116 manibus
1472 3067 1809 3128 comprimunt,
1843 3070 1915 3125 et,
1949 3080 2008 3113 ex
2068 3102 2073 3106 «
