2176 3386
801 166 931 195 LIBER
959 166 984 194 1.
1014 165 1071 194 DE
1101 165 1296 195 CLEthls
1891 157 1944 197 15

159 271 294 316 Sedes
326 271 583 330 Apostolica
615 273 902 331 exploratam
935 271 1151 317 notitiam
1185 272 1352 317 habere
1386 272 1528 331 possit
1563 272 1838 318 meritorum
1871 286 1941 318 sa·

157 354 394 399 cerdotum
429 369 508 413 pro
539 356 704 414 quibus
736 355 1164 401 commendationes
1196 355 1455 401 afferuntur
1478 359 1527 400 ut
1550 356 1607 402 ad
1638 357 1840 416 aliquem
1863 355 1940 401 Hi-

158 437 344 482 berniae
378 437 698 496 Episcopatum
733 437 978 496 eligantur,
1014 438 1174 483 eadem
1211 440 1252 483 S.
1279 442 1327 484 C.
1354 443 1596 498 postquam
1615 439 1692 484 diu
1718 439 1939 484 multum-

154 532 243 578 que
275 519 330 564 de
362 533 415 565 ea
450 534 496 564 re
527 519 787 564 delinienda
820 520 1059 577 cogitavit,
1098 521 1142 565 in
1168 522 1367 579 generali
1393 521 1581 567 tandem
1605 526 1843 567 conventu
1866 522 1940 567 die

161 602 176 646 1
217 602 331 648 lunii
371 603 481 648 1829
517 604 744 647 referente
783 603 892 648 Emo
927 608 972 648 et
1009 604 1121 648 Rmo
1158 608 1206 648 1).
1245 608 1405 649 Mauro
1439 607 1478 649 S.
1516 609 1563 650 R.
1606 609 1652 650 E.
1687 604 1940 651 Cardinalis

154 687 401 745 Cappellari
437 690 478 733 S.
516 692 560 734 C.
598 689 848 744 Praefecto,
884 689 1066 734 censuit
1098 703 1151 734 ac
1185 689 1391 735 decrevit
1434 690 1704 735 methodum
1749 692 1796 735 in
1841 694 1939 735 toto

156 773 310 828 Regno
343 771 587 817 Hiberniae
620 785 756 829 super
788 786 841 816 ea
876 787 923 817 re
955 773 1234 818 servandam
1270 773 1315 818 in
1351 779 1603 831 posterum,
1639 787 1739 819 esse
1773 774 1939 819 debere

153 866 274 908 eam,
309 867 425 912 quae
459 854 532 898 hic
565 855 850 900 describitur.

270 937 380 981 Sede
413 937 563 996 aliqua
602 938 868 996 Episcopali,
909 941 1007 984 sive
1042 954 1120 998 per
1160 940 1391 986 Antistitis
1432 941 1626 995 obitum,
1672 940 1933 986 translatio-

154 1032 277 1074 nem,
311 1019 511 1064 aliamxe
544 1021 601 1065 ob
634 1035 822 1066 eausam
856 1022 901 1066 in
940 1028 1173 1081 posterum
1200 1028 1413 1079 vacante,
1450 1024 1659 1069 Vicarius
1693 1025 1822 1068 iuxta
1848 1025 1935 1068 for-

154 1116 277 1147 mam
309 1117 334 1147 a
367 1103 508 1149 sacris
541 1105 801 1150 canonibus
846 1106 1191 1164 praescriptam,
1243 1107 1570 1164 constituatur,
1606 1108 1683 1165 qui
1735 1106 1935 1151 Dioecesi

150 1186 382 1241 viduatae,
428 1187 623 1232 durante
665 1188 927 1244 vacatione,
975 1189 1158 1247 praesit.
1210 1189 1590 1247 Metropolitanus
1643 1187 1934 1243 Provinciae,

150 1268 225 1312 ubi
260 1270 441 1314 vacatio
474 1270 737 1328 contigerit,
764 1272 1056 1330 simulatque
1079 1272 1133 1315 de
1156 1273 1415 1326 vacatione,
1442 1274 1487 1315 et
1512 1269 1679 1315 Vicarii
1703 1268 1935 1314 electione

147 1352 317 1397 certior
348 1354 495 1398 factus
528 1354 682 1408 fuerit,
719 1354 884 1398 litteris
919 1353 1219 1399 mundatoriis
1257 1353 1434 1399 Vicario
1466 1352 1634 1408 edicat,
1661 1357 1711 1396 ut
1735 1351 1781 1395 in
1806 1349 1928 1395 diem

151 1436 423 1493 vigesimum
458 1451 482 1481 a
516 1439 622 1482 dato
655 1437 802 1483 edicto
839 1438 881 1481 in
919 1452 1062 1482 unum
1097 1442 1325 1483 convocet
1358 1450 1536 1491 omnes,
1572 1436 1628 1481 ad
1661 1448 1775 1495 quos
1799 1434 1935 1493 perti-

149 1518 274 1562 nebit
307 1523 495 1564 Summo
530 1519 737 1564 Pontifici
772 1521 1098 1565 commendare
1134 1525 1225 1564 tres
1257 1520 1418 1578 dignos
1440 1517 1736 1564 ecclesiastici
1760 1515 1934 1561 ordinis

151 1601 288 1658 viros,
322 1617 517 1662 quorum
553 1617 671 1647 unns
702 1618 727 1648 a
762 1607 950 1648 Summo
985 1603 1204 1648 Pontifice
1243 1603 1442 1647 Dioecesi
1481 1601 1665 1646 vacanti
1700 1599 1933 1659 praelicia-

150 1749 272 1785 adsint
299 1750 510 1786 sacerdotes
537 1750 744 1795 indigenae,
763 1755 796 1785 et
825 1759 918 1795 quae
948 1749 1084 1786 utililas
1104 1759 1149 1785 ex
1169 1749 1430 1794 cooperatione
1459 1748 1626 1793 ipsorum
1647 1746 1692 1782 ad
1721 1745 1830 1781 fidem
1849 1753 1934 1780 con-

146 1822 364 1858 servandam
392 1822 449 1858 vel
477 1822 752 1858 diffundendam
780 1822 918 1868 sperari
949 1822 1074 1867 possit.
1114 1822 1166 1857 16.
1198 1821 1254 1857 An
1281 1821 1403 1857 adsint
1435 1819 1685 1856 cathechistae
1719 1823 1754 1854 et
1780 1817 1932 1863 quidem

143 1904 187 1931 eo
214 1903 385 1937 numero,
411 1894 471 1940 qui
501 1893 657 1930 sufficiat
684 1894 730 1930 ad
756 1893 964 1930 subsidium
991 1893 1182 1930 ferendum
1218 1893 1473 1929 sacerdotibus
1501 1892 1540 1928 in
1567 1901 1655 1928 cura
1681 1890 1807 1937 populi
1835 1890 1932 1925 chri-

143 1965 265 2009 stiani,
292 1969 392 2000 etan
419 1965 629 2001 necessaria
655 1965 895 2001 instructione
927 1965 1080 2010 praediti
1113 1964 1196 2000 sint.
1237 1964 1291 2000 17.
1322 1965 1379 2000 An
1405 1962 1557 2008 aliquod
1584 1961 1752 2007 regulare
1781 1960 1928 1996 Institu-

144 2040 220 2073 tum
247 2036 325 2072 sive
352 2037 513 2073 virorum
540 2037 617 2072 sive
638 2036 834 2073 mulierum
862 2036 1110 2072 introductum
1138 2036 1243 2073 suerit
1270 2036 1308 2071 in
1327 2036 1529 2080 regionem,
1549 2034 1593 2069 de
1621 2041 1694 2078 qua
1720 2041 1841 2068 sermo
1855 2036 1933 2074 est;

142 2116 231 2143 num
260 2107 392 2144 babeat
419 2109 701 2144 convenientem
734 2108 905 2151 domum,
933 2109 1032 2154 quod
1058 2108 1304 2145 ministerium
1331 2111 1528 2144 exerceant
1557 2106 1720 2152 religiosi
1749 2104 1840 2147 viri,
1867 2104 1930 2151 qui

141 2180 187 2215 ad
215 2180 334 2225 ipsum
363 2180 555 2226 pertinent,
582 2186 618 2217 et
643 2189 690 2216 an
717 2180 928 2217 edocendae
957 2180 1135 2216 iuventuti
1162 2180 1248 2216 dent
1274 2189 1435 2226 operam.
1465 2179 1518 2215 18.
1549 2181 1606 2214 An
1625 2179 1705 2214 sine
1733 2178 1835 2222 gravi
1864 2177 1929 2213 dif-

143 2250 303 2287 ficultate
330 2251 567 2287 seminarium
594 2251 815 2288 clericorum
849 2251 953 2297 erigi,
981 2255 1016 2287 et
1043 2251 1252 2288 necessaria
1289 2250 1472 2297 praesidia.
1498 2250 1543 2286 ad
1571 2250 1723 2286 iuvenes
1764 2248 1931 2293 alendos,

142 2322 314 2368 religiose
340 2322 564 2365 educandos,
591 2327 627 2358 et
653 2322 860 2368 disciplinis
887 2322 1147 2359 esclesiasticis
1175 2322 1418 2359 instituendos
1445 2320 1651 2367 comparari
1679 2320 1840 2366 possint3
1872 2319 1928 2356 vel

142 2392 272 2429 s'altem
298 2393 472 2429 constitui
498 2392 616 2429 valeat
635 2393 739 2429 locus
765 2393 911 2440 aliquis,
932 2395 968 2429 in
988 2404 1061 2440 quo
1089 2394 1242 2430 iuvenes
1270 2393 1441 2429 idoneam
1471 2391 1741 2428 institutionem
1769 2389 1930 2425 babeant

142 2469 181 2500 ut
199 2464 404 2500 sacerdotio
437 2464 643 2509 initientur;
671 2469 732 2501 aut
759 2465 925 2510 demum,
953 2466 1086 2502 ceteris
1118 2465 1399 2507 deficientibus,
1427 2473 1475 2500 an
1505 2473 1590 2509 spes
1618 2463 1663 2498 sit
1691 2462 1845 2498 idoneos
1872 2461 1927 2496 iu-

140 2545 253 2572 venes
279 2536 446 2573 mittendi
474 2537 520 2573 ad
547 2537 785 2574 seminarium
813 2538 1030 2583 praesertim
1061 2538 1250 2574 vicinioris
1276 2537 1434 2574 alicuius
1461 2535 1662 2579 missionis,
1688 2540 1729 2571 ut
1754 2534 1929 2570 ecclesia-

141 2607 269 2643 sticam
295 2607 552 2644 educationem
580 2607 617 2643 in
642 2617 686 2644 eo
714 2608 905 2654 recipiant.
934 2607 985 2644 19.
1016 2608 1073 2645 An
1099 2609 1221 2645 adsint
1248 2607 1398 2644 scholae
1425 2606 1629 2644 catholicae
1650 2606 1706 2642 vel
1734 2606 1925 2642 convictus

140 2680 217 2717 sive
244 2680 489 2717 masculorum
527 2680 606 2716 sive
632 2680 850 2717 feminarum
880 2681 1096 2726 praesertim
1124 2680 1400 2726 indigenarum,
1428 2684 1463 2716 et
1491 2683 1611 2715 utrum
1643 2678 1681 2713 in
1717 2678 1771 2714 eis
1796 2678 1926 2714 admit-

140 2757 261 2789 tantur
288 2762 466 2798 personae
493 2752 658 2789 diversae
684 2753 956 2789 communionis
984 2753 1038 2789 vel
1072 2753 1214 2789 cultus:
1247 2752 1395 2788 demum
1422 2761 1469 2787 an
1495 2750 1532 2786 in
1568 2759 1675 2792 casu,
1702 2758 1775 2794 quo
1803 2748 1924 2784 adhuc

140 2825 289 2861 omnino
315 2824 454 2869 desint,
481 2834 528 2861 an
555 2824 660 2860 facite
687 2825 820 2869 aperiri
850 2825 1004 2870 possint.
1041 2823 1098 2860 20.
1127 2825 1305 2861 Innuatur
1329 2833 1376 2859 an
1404 2824 1441 2858 in
1470 2822 1654 2858 territorio
1680 2824 1823 2856 erectae
1850 2819 1923 2854 sint

139 2896 286 2943 aliquae
299 2895 634 2938 Confraternitates,
657 2895 873 2941 Hospitalia,
893 2896 1228 2942 orphanotrophia,
1248 2895 1593 2936 Cathecumenatus‚
1614 2893 1732 2929 aliave
1751 2892 1813 2937 pia
1832 2890 1924 2933 loca,

137 2979 187 3005 an
212 2969 264 3006 uti
291 2978 357 3014 par
387 2973 441 3004 est
469 2972 644 3014 regantur
669 2973 703 3005 et
730 2968 865 3014 quibus
892 2968 1087 3010 subsidiis,
1116 2974 1151 3004 et
1177 2977 1224 3004 an
1251 2968 1298 3004 ab
1332 2966 1583 3004 ecclesiastica
1617 2963 1834 3001 auctoritate
1861 2972 1923 2998 ex-

138 3039 279 3076 clusive
306 3039 548 3086 dependeant.
