2176 3386
806 879 1405 935 SUPPLEMENTUM

479 1078 1005 1144 QUORUMDAM
1047 1077 1738 1128 DOOUMENTORUM.

1094 1350 1130 1402 I.

674 1529 869 1582 Quoad
907 1529 1139 1583 modum
1178 1530 1556 1584 transferendi

513 1624 603 1676 vel
654 1624 983 1678 removendi
1035 1624 1304 1677 Rectores
1357 1624 1711 1679 Missionum.

339 1819 387 1860 In
432 1814 795 1873 Congregatione
838 1817 951 1860 Gen.
996 1813 1088 1858 Fid.
1134 1818 1262 1872 Prop.
1306 1813 1460 1858 habita
1501 1813 1573 1858 die
1613 1813 1668 1858 28
1705 1813 1855 1859 Martii
1896 1814 2004 1858 1887

223 1897 451 1957 proposita
485 1902 594 1942 sunt
626 1896 863 1956 sequentia
898 1897 1032 1941 dubia
1077 1910 1159 1955 pro
1204 1896 1406 1941 Slatibus
1441 1896 1572 1941 Foed.
1613 1895 1848 1941 Americae
1882 1899 2004 1955 Sept.

225 1983 262 2027 l.
302 1985 367 2026 An
418 1980 672 2026 necessaria
725 1980 783 2024 sit
823 1979 1053 2025 confectio
1104 1992 1341 2036 processus
1389 1979 1600 2024 canonici
1648 1994 1728 2038 pro
1769 1980 2007 2025 validitate

221 2069 368 2121 actus,
403 2079 493 2125 quo
534 2063 777 2123 Episcopus
822 2065 1097 2119 transferat,
1134 2068 1390 2119 removeat,
1427 2063 1500 2107 vel
1544 2064 1809 2118 translocet,
1850 2068 2009 2109 Recto·

223 2163 317 2194 rem
353 2148 552 2208 aliquem
600 2147 830 2193 Missionis
862 2148 917 2192 ad
951 2147 1150 2192 officium
1188 2146 1353 2192 Vicarii
1391 2147 1461 2191 vel
1495 2147 1616 2192 aliud
1665 2148 2006 2192 consideratum

222 2238 462 2292 tamquam
510 2232 777 2277 inferiorem
828 2232 968 2290 gradu
1002 2235 1048 2276 et
1085 2230 1344 2289 Dignitate‘?
1396 2234 1448 2275 Et
1491 2235 1720 2290 quatenus
1759 2231 2005 2287 negative;

224 2319 265 2362 2.
305 2320 372 2361 An
406 2321 452 2361 et
483 2315 530 2360 in
564 2316 730 2375 quibus
762 2330 821 2360 ex
856 2314 1100 2373 praedictis
1132 2314 1312 2358 casibus
1345 2318 1560 2358 teneatur
1596 2313 1840 2372 Episcopus
1862 2313 1917 2358 ad
1943 2327 2009 2357 re-

224 2399 487 2445 dactionem
524 2412 761 2458 processus
794 2399 923 2443 iuxta
958 2396 1311 2443 instructionem
1349 2396 1559 2441 ultimam
1603 2398 1722 2442 Sacr.
1758 2401 2009 2454 Congrega-

224 2483 381 2529 tionis.
420 2486 473 2527 Et
505 2487 733 2542 quatenus
766 2482 980 2540 negative
1015 2481 1061 2525 in
1095 2480 1247 2540 aliquo
1270 2495 1326 2524 ex
1352 2479 1597 2538 praedictis
1629 2480 1836 2536 casibus;
1873 2480 1913 2524 5.
1943 2483 2007 2523 An

226 2571 271 2611 et
303 2567 359 2611 ad
390 2580 507 2626 quae
542 2565 688 2610 media
729 2564 1002 2610 Missionarii
1038 2579 1274 2609 recurrere
1309 2563 1484 2622 possint
1517 2569 1676 2608 contra
1717 2563 1879 2621 agendi
1916 2577 2010 2607 mo-

225 2650 333 2694 dum
374 2647 608 2706 Episcopi?
642 2652 851 2692 Iamvero
879 2646 973 2692 Emi
999 2650 1156 2692 Patres
1190 2647 1539 2704 responderunt.
1575 2647 1639 2691 Ad
1677 2648 1730 2691 1¹¹¹
1759 2652 1806 2692 ln
1831 2646 2011 2691 casibus

226 2731 496 2777 remotionis
530 2731 814 2789 peragendae
848 2730 894 2774 in
931 2744 1126 2788 poenam
1161 2728 1370 2774 criminis
1404 2729 1476 2773 vel
1513 2734 1665 2774 reatus
1707 2728 2012 2787 disciplinaris

224 2815 517 2871 affirmative,
554 2813 600 2858 in
635 2813 821 2873 reliquis
854 2815 1086 2871 negative.
1123 2813 1207 2857 Sed
1241 2826 1354 2871 opus
1386 2826 1484 2857 esse
1518 2817 1569 2856 ut
1602 2813 1716 2857 fiant
1758 2825 1922 2870 graves
1955 2812 2012 2856 oh

225 2912 387 2944 causas
430 2903 476 2943 et
514 2897 668 2943 habita
718 2899 990 2942 meritorum
1042 2896 1219 2940 ratione
1269 2895 1398 2940 iuxta
1437 2896 1784 2954 dispositionem
1823 2894 2010 2941 Concilii

227 2982 351 3028 Plen.
389 2982 569 3028 Baltim.
609 2986 681 3037 ΙΙΙ,
717 2981 802 3026 Tit.
829 2983 872 3036 2,
908 2984 1012 3039 Cap.
1045 2981 1087 3036 5,
1124 2986 1148 3033 g·
1172 2980 1243 3024 502.
1284 2979 1326 3024 Si
1360 2979 1407 3024 in
1442 2993 1548 3026 casu
1584 2979 1901 3025 translationis
1934 2979 2014 3024 fiat

228 3079 439 3111 recursus
470 3066 527 3110 ad
560 3068 657 3111 Sac.
694 3064 1123 3123 Congregassonem,
1149 3064 1270 3109 Sacr.
1292 3063 1592 3122 congregatio
1626 3065 1834 3107 remittet
1861 3076 2012 3107 recur-
