2176 3386
239 167 319 206 280
883 177 992 207 PARS
1020 178 1045 206 1.
1080 178 1138 206 DE
1166 177 1378 207 Pl-:Rsoms

241 298 324 344 pus
342 283 572 329 recentior
595 284 652 328 sit
676 282 923 341 Episcopus
943 283 1168 328 Assistens
1191 282 1309 328 Solio
1333 282 1585 328 Pontificio.
1623 282 1835 342 Sequitur
1851 284 1895 342 4)
1918 284 2020 343 Epi·

240 381 399 427 scopos
423 369 629 412 titulares
651 367 880 411 subiectos
897 380 994 412 esse
1013 366 1277 411 immediate
1297 365 1578 423 Apostolicae
1597 366 1697 410 Sedi
1721 371 1766 410 et
1783 371 2023 424 exemptos

240 466 262 495 a
289 451 601 496 iurisdictione
623 449 869 505 Ordinarii,
906 449 991 493 nisi
1026 450 1081 493 ‹le
1114 448 1307 506 negotiis
1338 453 1500 506 agatur
1520 448 1756 506 dignitatis
1777 454 1858 494 aut
1887 449 2022 494 officii

239 534 358 593 quod
378 534 423 578 in
447 532 642 578 dioecesi
666 531 785 576 illius
809 533 924 576 forte
949 531 1164 576 babeant.
1191 535 1240 575 In
1261 531 1410 575 causis
1425 530 1739 575 criminalibus
1756 531 2020 588 maioribus,

239 632 355 678 quae
372 617 702 676 depositionem
730 620 967 660 merentur
989 620 1069 660 aut
1093 615 1417 673 privationem,
1438 618 1484 658 et
1505 614 1604 659 aliis
1628 614 1771 673 magis
1793 614 1961 671 arduis,
1986 615 2022 660 si

239 688 596 753 conveniantur,
623 698 969 743 conveniendos
991 711 1088 742 esse
1111 712 1267 742 coram
1293 701 1480 743 Summo
1504 697 1723 742 Pontilice
1747 697 1874 743 iuxta
1900 698 2018 743 Trid.

240 788 375 829 (jone.
400 784 428 827 ¹.
470 787 516 827 ln
553 782 807 826 minoribus
849 781 1178 825 recurrendum
1222 781 1276 824 ad
1323 783 1363 825 S.
1400 783 1561 838 Congr.
1603 784 1685 825 EE.
1722 785 1769 825 et
1805 785 1891 826 RR.
1941 785 2021 826 De·

241 868 378 926 nique
412 868 451 917 5)
479 866 686 925 sequitur
720 865 956 922 privilegio
990 864 1077 908 frui
1111 863 1308 909 Oratorii
1353 863 1538 922 privati,
1582 863 1738 908 altaris
1784 863 2020 921 portatilis,

240 950 477 995 electionis
510 947 780 993 Confessarii
815 947 1049 1004 approbati
1087 951 1243 990 tamen
1277 946 1333 990 ab
1365 945 1607 990 Ordinario
1643 945 1744 1000 loci,
1779 945 1884 990 etsi
1907 960 2023 1005 quae

238 1038 347 1077 sunt
379 1032 463 1076 alia
498 1045 613 1090 quae
658 1030 738 1087 ipsi
783 1028 1022 1087 episcopali
1066 1027 1211 1072 ordini
1253 1028 1432 1072 adnexa
1475 1031 1597 1072 sunt.
1653 1029 1912 1072 Notandum
1956 1032 2024 1072 est

242 1130 333 1160 non
367 1115 630 1159 satisfacere
666 1117 907 1171 praecepto
939 1111 1016 1171 qui
1050 1125 1232 1156 sacrum
1266 1111 1461 1156 audiunt
1493 1110 1538 1154 in
1573 1110 1670 1155 eius
1702 1110 1839 1155 altari
1877 1117 2022 1170 porta-

239 1199 304 1242 tili
339 1198 637 1251 celebratum,
674 1196 879 1254 exceptis
913 1195 1118 1254 personis
1151 1195 1299 1240 eidem
1330 1194 1546 1253 Episcopo
1570 1199 1674 1239 actu
1700 1195 2018 1239 n‹›cessariis2.

244 1286 307 1326 Ex
341 1280 541 1325 secundo
577 1279 800 1337 principio
833 1279 1041 1338 sequitur
1074 1292 1229 1322 carere
1268 1279 1508 1336 Episcopos
1542 1278 1751 1322 titulares
1786 1277 2022 1336 privilegio

239 1365 358 1423 quod
395 1364 438 1407 in
473 1363 653 1408 casibus
686 1362 877 1408 occultis
909 1376 934 1406 a
968 1361 1167 1407 Concilio
1213 1361 1479 1406 'tridentino
1526 1361 1754 1420 Episcopis
1800 1361 2023 1406 tributum

240 1453 324 1503 est,
360 1447 547 1506 aliisque
581 1447 614 1490 si
650 1460 765 1505 quae
799 1446 891 1490 sint
924 1445 1116 1490 actualis
1150 1444 1479 1490 iurisdictionis
1512 1445 1683 1488 intuitu
1717 1445 1960 1490 concessis.

968 1685 1200 1715 ARTICULUS
1234 1687 1293 1714 111.

661 1807 720 1848 De
749 1804 1103 1861 obllyacionibas
1132 1805 1342 1860 Episcopi
1369 1803 1605 1847 Titularis.

359 1949 459 1993 525.
486 1949 554 1993 Ob
574 1947 842 2006 episcopalis
864 1946 1037 1991 ordinis
1057 1947 1301 1991 veritatem
1328 1951 1545 1990 tenentur
1571 1945 1774 2003 Episcopi
1800 1944 2023 1989 'l'itulares

242 2033 295 2077 ad
321 2031 717 2076 consecrationem
742 2031 861 2075 intra
888 2029 1117 2074 trimestre
1140 2044 1162 2074 a
1188 2029 1260 2074 die
1284 2028 1647 2074 confirmationis
1669 2027 2022 2086 suscipiendam,

243 2115 327 2159 nisi
374 2116 488 2159 forle
539 2114 861 2159 inexcusabilis
905 2113 1154 2158 necessitas
1193 2111 1554 2157 consecrationis
1600 2117 1779 2169 tempus
1829 2111 2025 2169 amplius

244 2198 472 2258 prorogari
506 2198 781 2256 expostulet.
819 2200 1053 2242 Tenentur
1087 2196 1196 2241 item
1231 2197 1286 2241 ad
1321 2196 1422 2240 fidei
1459 2195 1786 2254 professionem
1809 2195 2023 2240 emitten-

242 2281 344 2325 dam
374 2281 405 2324 ³.

360 2365 428 2409 Ob
459 2365 691 2409 defectum
727 2378 836 2407 vero
868 2362 1061 2408 actualis
1094 2361 1422 2406 iurisdictionis
1456 2375 1547 2406 non
1582 2365 1803 2406 tenentur
1835 2360 1932 2417 lege
1956 2375 2022 2405 re-

241 2447 479 2494 sidentiae.
516 2447 633 2492 Hinc
666 2461 758 2491 non
795 2451 963 2491 vacant
994 2445 1231 2500 beneficia,
1267 2459 1384 2503 quae
1419 2450 1622 2503 tempore
1648 2443 1946 2502 promotionis
1968 2443 2023 2488 ad

242 2532 450 2577 ordinem
483 2530 787 2589 episcopalem
821 2530 1008 2583 babent,
1046 2542 1192 2587 neque
1218 2528 1459 2586 incapaces
1480 2528 1535 2571 ad
1559 2527 1645 2572 alia
1670 2526 1917 2572 obtinenda
1942 2525 2023 2584 ipsi

241 2614 461 2659 evadunt.
500 2612 675 2657 Pariter
706 2626 764 2656 ex
798 2612 958 2657 eodem
994 2610 1215 2669 principio
1250 2610 1456 2669 sequitur
1491 2623 1582 2654 non
1617 2608 1762 2654 teneri
1786 2622 1925 2653 onere
1947 2622 2022 2665 ap-

242 2694 501 2754 plicationis
534 2693 697 2739 missae
732 2708 810 2752 pro
842 2694 1026 2752 populo,
1063 2693 1169 2737 licet
1201 2695 1567 2737 consentaneum
1603 2691 1662 2735 sit
1693 2704 1770 2736 cos
1792 2689 1932 2735 etiam
1956 2689 2022 2734 in-

362 2890 371 2910 ¹
399 2890 496 2926 Sess.
521 2890 657 2934 XXIV,
684 2898 763 2935 cap.
782 2889 825 2931 V,
852 2888 897 2925 de
925 2887 1081 2932 Reform.

362 2962 374 2980 ¹
401 2962 436 2998 S.
462 2961 596 3007 Congr.
623 2961 693 2997 Ril.
721 2961 818 2997 decr.
844 2960 916 2997 diei
943 2958 989 2996 22
1012 2959 1112 3007 Aug.
1141 2958 1243 3001 1818,
1269 2957 1471 2995 Gardellini
1498 2967 1534 2993 n.
1560 2957 1664 2994 4547.

362 3033 375 3053 ¹
399 3033 614 3076 SQmLLAN'r
640 3033 681 3070 de
707 3033 774 3069 obl.
802 3032 919 3079 Episc.
944 3032 986 3068 P.
1011 3031 1038 3074 1,
1065 3040 1143 3077 cap.
1172 3031 1203 3075 1,
1229 3040 1264 3067 n.
1291 3030 1348 3066 58.

2124 2752 2138 2772 ὦ
2168 2735 2176 2758 Ξ

2124 2781 2142 2802 ε.
2155 2775 2176 2806 ,ε

2127 2811 2140 2833 ›V-
2170 2814 2176 2822 ι

2118 2843 2138 2932 ⁷3
2167 2826 2176 2924 i
