2176 3386
1083 0 1428 35 'awgnsyrw
1450 0 1495 33 β’·
1550 0 1613 22 aar*
1659 0 1937 27 ;ν’σ’·τῑτ“’·”κ“ω
1958 0 1983 18 ¹»

837 197 967 226 LmER
994 197 1019 225 1.
1049 197 1106 225 DE
1136 197 1330 226 CLERICIS
1952 190 1978 228 5

194 302 504 349 ecclesiastico
535 303 798 362 expositum
833 308 903 349 est
933 318 993 349 an
1026 308 1073 349 et
1103 305 1287 364 quando
1320 306 1573 352 iurisdictio
1606 289 1867 354 voluntaria
1903 310 1976 355 vel

193 386 481 431 contentiosa
515 386 562 431 in
595 388 747 433 alieno
782 387 1014 432 territorio
1046 387 1252 432 exerceri
1286 389 1428 446 possit
1463 390 1492 435 ².
1567 382 1578 393 ⁶

310 472 521 515 Caeteras
555 471 796 529 potestatis
829 470 1157 516 iurisdictionis
1203 470 1454 517 divisiones
1500 472 1783 519 omittimus:
1819 474 1874 519 de
1907 474 1977 519 his

190 551 298 597 vide
331 553 378 597 in
412 557 609 598 tractatu
646 554 700 597 de
739 553 836 598 iure
870 553 1048 612 publico
1071 554 1394 599 ecclesiastico.

871 758 1177 811 TITULUS
1232 759 1293 810 ΙΙ.

679 897 760 950 De
803 898 983 952 modis
1037 899 1239 972 quibus
1279 898 1482 954 Clerici

160 1023 202 1044 s
439 996 633 1067 acquir
643 1000 740 1046 unt
779 994 1224 1048 iurisdictionem
1264 995 1722 1050 ecclesiasticam.

311 1136 611 1196 Modiquibus
630 1137 820 1182 praelati
838 1138 1134 1183 ecclesiastici
1172 1137 1532 1183 iurisdictionem
1561 1140 1808 1198 acquirunt
1830 1140 1972 1198 dupli-

188 1220 303 1265 citer
334 1219 710 1277 distinguuntur:
747 1220 822 1265 alii
866 1220 989 1265 enim
1036 1220 1156 1265 modi
1200 1220 1418 1266 dicuntur
1449 1222 1703 1278 ordinarii,
1739 1223 1814 1268 alii
1864 1237 1974 1268 vero

187 1303 581 1348 extraordinarii.
620 1303 685 1347 Sit
720 1303 857 1362 igitur

954 1439 1133 1480 CAPUP
1166 1440 1197 1480 Ι.

601 1561 661 1596 DE
690 1561 836 1598 MODIS
866 1562 1153 1599 ORDINARHS
1176 1563 1348 1606 QUIBUS
1376 1564 1559 1601 CLERICI

494 1632 900 1669 ECCLESIASTICAM
947 1633 1336 1670 IURISDICTIONEM
1374 1635 1661 1678 ACQUIRUNT.

303 1750 344 1793 9.
383 1752 515 1794 quta
548 1749 670 1794 dicta
698 1752 743 1794 in
779 1754 978 1794 tractatu
1013 1751 1067 1795 de
1102 1751 1198 1796 iure
1234 1751 1412 1810 publico
1446 1753 1756 1798 ecclesiastico
1790 1754 1969 1800 etiamsi

184 1831 435 1877 iurisdictio
468 1832 781 1877 ecclesiastica
818 1847 897 1891 per
931 1834 1214 1886 mandalum
1253 1835 1535 1893 accipiatur,
1572 1842 1779 1882 attamen
1813 1838 1889 1897 qui
1924 1838 1971 1882 in

188 1914 383 1960 Ecclesia
421 1914 674 1960 Primatum
708 1916 845 1960 hahet
878 1915 1205 1962 iurisdictionis
1239 1932 1329 1962 non
1351 1933 1431 1976 per
1451 1919 1655 1964 cuiusvis
1679 1921 1968 1976 mandatum,

183 1998 262 2042 sed
295 1997 560 2043 immediate
594 1998 755 2063 dixjino
791 1999 905 2056 iure,
931 2000 1167 2059 designata
1203 2006 1358 2046 tamen
1394 2003 1597 2048 humano
1631 2003 1729 2048 iure
1758 2018 1968 2062 persona,

185 2085 458 2138 potestatem
492 2081 829 2127 iurisdictionis
862 2084 1013 2128 sortiri
1047 2084 1197 2129 debet.

302 2169 588 2223 Quapropter
623 2163 669 2208 in
707 2167 1072 2223 praesentiarum
1108 2172 1176 2212 est
1217 2168 1462 2213 dicendum
1514 2171 1558 2226 α)
1595 2171 1824 2229 quomodo
1871 2171 1968 2215 iure

183 2247 386 2292 humano
421 2247 732 2294 ecclesiastico
770 2252 810 2294 S.
854 2250 1082 2296 pontilicis
1118 2265 1310 2310 persona
1344 2252 1624 2310 designetur,
1665 2254 1703 2309 b)
1740 2254 1969 2312 quomodo

183 2330 282 2374 aliis
320 2331 548 2389 Episcopis
580 2346 633 2376 ac
667 2332 885 2377 l'raelatis
919 2332 1215 2378 inferioribus
1249 2335 1501 2388 iurisdictio
1534 2336 1853 2381 demandetur.

925 2479 1157 2509 Auricutns
1189 2481 1218 2510 1.

230 2570 460 2622 Quomodo
492 2572 597 2614 iare
630 2574 863 2616 canonico
897 2575 1102 2617 Romani
1134 2574 1372 2632 Pontifices
1399 2588 1603 2631 persona
1637 2576 1921 2632 desiynetm:

305 2677 567 2723 Videbimus
601 2680 646 2733 a)
682 2680 878 2738 quinam
905 2681 973 2724 ius
996 2680 1197 2725 habeant
1219 2681 1473 2736 electionis,
1509 2683 1548 2738 1))
1575 2682 1765 2741 quinam
1790 2687 1836 2727 et
1858 2696 1965 2742 quo-

182 2760 317 2804 modo
349 2761 452 2819 eligi
485 2761 649 2807 debeat
683 2762 728 2806 in
770 2766 817 2807 R.
858 2761 1141 2808 Pontificem.

301 2843 365 2888 Ad
399 2844 599 2903 primum
624 2845 749 2904 quod
771 2845 943 2890 attinet
964 2847 1129 2904 duplex
1154 2848 1362 2905 quaestio
1385 2853 1454 2892 est
1475 2848 1773 2902 secernenda,
1800 2862 1965 2905 nempe

181 2928 388 2983 quaestio
419 2926 550 2984 facti,
586 2941 639 2972 ac
673 2931 1046 2987 quaestio‘iure‘s.
1085 2933 1134 2974 In
1166 2931 1220 2974 1³.
1246 2930 1512 2989 quaerimus
1543 2931 1598 2975 ad
1631 2944 1744 2990 quos
1766 2930 1820 2974 de
1846 2932 1964 2974 l'acto

303 3067 309 3086 ¹
340 3067 499 3111 Sonam,
526 3069 579 3104 De
607 3069 686 3106 iure
716 3070 865 3116 publico
889 3059 1155 3115 ecclesiastico,
1184 3071 1246 3107 lib.
1275 3072 1305 3114 1,
1331 3072 1382 3108 tit.
1414 3072 1443 3114 1,
1471 3081 1549 3117 cap.
1576 3072 1609 3108 2.
