2176 3386
785 178 916 208 LIBER
945 179 969 207 1.
1005 178 1063 207 DE
1091 178 1284 207 CLERICIS
1851 166 1930 208 109

147 285 358 343 ignorare
393 297 484 328 non
508 282 796 342 permittitur
821 284 851 339 ²,
886 296 1018 350 secus
1049 282 1297 328 dicendum
1330 282 1386 327 de
1429 281 1680 341 privilegiis
1719 296 1837 343 quae
1869 298 1928 329 ex

145 367 338 424 speciali
369 365 592 424 rescripto
626 366 945 412 conceduntur
983 380 1100 425 quae
1133 380 1156 410 a
1192 365 1342 411 iudice
1385 366 1590 422 ignorari
1628 380 1928 424 praesumun-

147 457 236 495 tur.
290 452 506 494 Attamen
554 449 892 508 praesumptio,
929 453 978 493 ut
1023 463 1102 508 par
1149 454 1244 505 est,
1281 450 1444 494 cedere
1485 449 1622 493 debet
1673 449 1859 494 veritati
1892 450 1925 494 ².

147 534 192 590 d)
233 533 471 592 Privilegia
504 533 590 578 alia
625 546 842 578 concessa
866 539 975 578 sunt
998 540 1123 577 mota
1152 535 1371 590 proprio,
1408 532 1497 576 alia
1531 533 1595 577 ad
1628 534 1926 577 instantiam.

149 616 390 675 Privilegia
432 617 518 661 alia
562 616 780 660 dicuntur
829 619 1048 674 yratnita
1080 629 1197 675 quae
1231 629 1289 659 ex
1335 629 1459 660 mera
1513 614 1804 670 liberalitate,
1840 614 1930 659 alia

151 703 530 745 remuneratoria
564 713 680 759 quae
714 699 892 747 meritis
935 699 1237 758 rependendis
1280 700 1585 744 conferuntur
1626 698 1692 743 uti
1743 699 1932 756 Regula-

148 781 266 827 rium
302 783 556 841 privilegia,
590 783 676 828 alia
711 797 907 828 onerosa
940 797 1018 828 seu
1051 783 1431 828 conventionalia
1467 797 1546 841 per
1590 783 1775 827 modum
1824 796 1930 828 con-

150 869 324 910 tractus
356 866 403 910 in
437 867 631 924 gratiam
665 866 853 911 alterius
888 867 960 911 vel
994 866 1104 911 iuris
1136 866 1209 910 cui
1246 865 1562 924 privilegiatus
1593 865 1799 922 cesserit,
1837 867 1927 911 col-

151 951 239 994 lata
273 956 380 994 sunt
414 951 446 994 ³.

603 1093 620 1137 ,ξ
647 1095 679 1129 5.
713 1115 732 1116 ἡ
778 1093 836 1128 De
858 1094 1166 1140 priuilcyioriun
1202 1094 1473 1140 acquisitione.

272 1199 368 1243 145.
406 1198 647 1256 Privilegia
684 1199 989 1258 acquiruntur
1021 1202 1066 1255 a)
1104 1200 1401 1244 concessione
1438 1198 1659 1256 Principis,
1680 1199 1745 1242 uti
1770 1198 1927 1244 rescri-

152 1289 241 1342 pta.
278 1289 427 1337 Quare
462 1283 701 1328 recolenda
735 1288 842 1327 sunt
875 1298 991 1342 quae
1027 1283 1296 1342 praesertim
1330 1284 1384 1327 de
1421 1285 1574 1328 valore
1599 1282 1927 1341 rescriptorum

149 1352 268 1411 ‹li-cta
293 1372 416 1423 sunt,
452 1368 490 1423 1))
515 1370 885 1424 praescriptione
918 1372 997 1411 aut
1019 1367 1353 1411 consuetudine
1375 1381 1491 1426 quae
1515 1368 1678 1412 saltem
1704 1381 1930 1412 consensu

151 1451 278 1508 legali
303 1451 519 1510 principis
554 1451 717 1495 nititur
752 1451 781 1495 ⁷⁴.
819 1453 856 1507 c)
900 1453 1327 1495 Comtmtnicatione
1364 1465 1452 1510 qua
1497 1452 1708 1510 princeps
1752 1452 1933 1509 privile-

149 1535 274 1592 gium
308 1535 387 1580 uni
421 1549 691 1580 concessum
725 1534 890 1579 deinde
922 1535 1053 1579 alteri
1088 1535 1418 1580 communicat.
1456 1539 1581 1588 Quae
1615 1535 1932 1580 communica-

153 1617 217 1662 tio
248 1617 298 1662 fit
331 1617 573 1676 dupliciter
607 1617 678 1661 vel
714 1617 936 1661 indirecte
970 1617 1264 1661 concedendo
1299 1616 1590 1675 privilegium
1623 1617 1678 1661 ad
1704 1620 1858 1661 instar
1881 1622 1930 1661 ut

152 1700 336 1755 dicitur,
375 1701 446 1744 vel
479 1700 667 1745 directe.
702 1700 780 1744 Vis
813 1700 1253 1745 communicationis
1289 1699 1514 1758 privilegii
1554 1700 1618 1745 ad
1652 1703 1805 1744 instar
1846 1705 1931 1755 est,

152 1784 345 1842 gratiam
390 1784 642 1828 concedere
684 1783 954 1841 formaliter
998 1790 1264 1828 contentam
1309 1786 1356 1828 ἱη
1404 1798 1495 1827 ano
1534 1786 1808 1841 exemplari,
1845 1799 1934 1845 quo

153 1866 243 1911 iam
275 1866 405 1911 alteri
442 1866 730 1924 privilegium
768 1880 1038 1911 concessum
1083 1866 1184 1922 fuit,
1221 1871 1265 1910 et
1301 1867 1344 1910 in
1388 1867 1543 1910 eodem
1590 1881 1729 1912 sensa
1762 1882 1851 1926 quo
1887 1869 1933 1913 in

153 1949 404 2007 exemplari
437 1949 720 2005 continetur,
757 1954 803 1994 et
836 1963 941 1993 cuni
983 1950 1145 1994 eadem
1185 1952 1464 2005 extensione,
1513 1950 1584 1994 vel
1630 1953 1932 2007 restrictione,

153 2036 200 2076 et
224 2045 316 2075 non
342 2034 514 2076 menore·
535 2046 684 2090 neque
710 2035 886 2077 minori
909 2033 938 2075 ⁵.
966 2036 1077 2078 Cum
1102 2034 1345 2090 exemplar
1363 2047 1443 2091 per
1460 2033 1934 2078 communicationem

154 2115 216 2158 ad
248 2117 402 2159 instar
433 2114 492 2158 sit
523 2115 923 2160 communicatum
954 2119 1115 2173 pronti
1148 2123 1350 2174 tempore
1381 2119 1821 2162 comnmnz'cationz's
1842 2122 1934 2162 exi-

153 2200 242 2252 stit,
278 2203 324 2242 et
355 2212 462 2243 cum
495 2198 610 2243 alius
643 2199 778 2243 liuius
811 2200 1250 2244 communicationis
1283 2200 1386 2245 finis
1420 2214 1513 2244 non
1547 2201 1622 2256 sit,
1660 2198 1746 2245 nisi
1782 2205 1833 2245 ut
1864 2217 1935 2246 co-

534 0 1190 42 fflmfflsssswffffssrssffw“tt-*ff-
1207 0 1563 34 ³1>·>'*²·-.†2‘³‘†···³·²⁷⁷7<
1582 0 1587 15 ³
1603 1 1611 8 f
1694 0 2176 43 “’·ῑν·«ζψ<“εϊ;·ιῑ-ῑν““ῑ“·νιὶ“31

153 2288 408 2338 ynoscatar
424 2284 626 2326 extensio
645 2283 887 2339 privilegii
909 2283 971 2327 ad
997 2286 1165 2339 Instar,
1192 2282 1507 2341 consequitur:
1542 2284 1579 2339 1)
1609 2298 1755 2343 neque
1779 2299 1934 2329 exem·
1994 2320 1999 2326 .

157 2366 328 2423 platum
363 2370 556 2422 augetur
587 2371 666 2409 aut
709 2365 1004 2411 imminuitur
1050 2372 1187 2412 aucto
1235 2372 1316 2411 aut
1365 2367 1614 2412 imminuto
1662 2369 1933 2427 exemplari,

157 2448 242 2493 nisi
276 2448 376 2493 aliis
407 2449 461 2492 de
494 2448 643 2493 causis
676 2448 960 2494 contrarium
995 2450 1053 2494 sit
1086 2450 1474 2505 concludendum,
1512 2449 1578 2493 uti
1612 2450 1647 2493 si
1681 2450 1839 2495 dehoc
1863 2464 1935 2494 ca-

160 2536 337 2577 veatur:
374 2547 523 2592 neque
556 2546 580 2575 e
614 2532 845 2577 contrario
880 2533 1133 2591 exemplar,
1170 2534 1262 2577 imo
1295 2547 1320 2577 a
1356 2532 1550 2589 fortiori,
1587 2539 1722 2577 aucto
1746 2538 1826 2577 aut
1850 2533 1931 2577 im-

278 2746 285 2764 ¹
315 2747 399 2792 Cap.
426 2746 448 2782 5
474 2751 509 2783 et
537 2747 554 2782 7
583 2747 627 2783 de
653 2757 773 2783 exces.
801 2747 1075 2793 P1·aeiat.,Reg.
1099 2749 1163 2785 iur.
1187 2748 1228 2783 15
1256 2749 1293 2783 in
1322 2749 1381 2790 Vl,
1410 2749 1455 2784 cf.
1484 2749 1657 2785 D’Axmss.
1686 2758 1718 2784 o.
1746 2754 1781 2784 et
1808 2748 1829 2783 l.
1857 2757 1887 2783 c.

276 2816 288 2834 ²
316 2817 401 2862 Cap.
430 2818 460 2862 7,
489 2818 523 2853 h.
552 2823 574 2854 t.
602 2818 638 2854 in
664 2817 712 2854 6⁰.

275 2888 287 2906 ³
314 2889 474 2933 Zl'rELLl,
501 2890 544 2926 de
564 2889 829 2935 dispensation.

276 2958 289 2978 ¹*
316 2960 402 3005 Gap.
429 2960 490 2996 fin.
517 2960 561 2996 de
580 2967 747 2997 consuet.
766 2972 796 2997 c.
827 2961 870 2997 18
895 2966 929 2998 et
955 2962 977 2996 4
1004 2962 1047 2998 de
1076 2962 1287 3007 praescript.

276 3031 288 3050 ⁵
316 3031 366 3068 Cf.
393 3032 536 3069 Summz
565 3043 624 3079 op.
649 3044 680 3069 c.
709 3033 730 3069 l.
757 3034 789 3076 8,
817 3044 847 3070 c.
878 3033 931 3077 15,
960 3043 996 3070 n.
1025 3034 1054 3070 1.
