2176 3386
268 227 321 266 36
944 241 1054 270 PARS
1083 243 1122 270 11.
1154 242 1209 270 DE
1240 243 1378 271 REBUS

267 347 416 392 bendo
449 347 515 404 ei,
550 348 626 408 qui
662 353 761 406 post
810 341 1070 407 perceptam
1118 364 1254 395 mane
1302 351 1643 397 sanctissimam
1683 355 2045 412 Eucharistiam,

264 431 423 475 eadem
458 430 530 475 die
565 432 814 490 prudenter
846 432 1037 478 timetur
1071 434 1336 490 moriturus,
1362 439 1499 494 atque
1535 436 1772 483 recensitis
1798 437 1907 483 hinc
1940 437 2048 484 inde

264 511 580 571 opinionibus,
616 516 803 571 statuit,
839 518 889 560 in
925 521 1059 561 tanta
1101 518 1378 573 opinionum
1424 521 1675 573 varietate,
1712 525 2049 579 auctorumque

263 597 600 653 discrepantz'a,
629 600 866 654 inceqrum
891 612 983 642 esse
1011 599 1216 644 Paroelio
1239 613 1344 644 eam
1365 603 1647 646 sententiam
1672 603 1903 659 amplecte,
1927 617 2049 662 quae

262 680 350 723 sibi
382 683 535 737 maqis
568 683 801 735 arriserit,
838 684 953 740 quin
986 683 1069 740 fiat
1104 696 1211 726 reus
1243 682 1404 727 violati
1437 684 1608 727 Stacuti
1640 685 1902 743 Synodalis,
1927 686 2048 744 quod

264 768 385 806 certe
418 775 512 805 non
533 765 682 819 potuit
703 777 862 808 casum
887 766 1024 807 istum
1051 765 1492 810 extraordinarium
1518 769 1758 823 respicere.
1799 770 1950 827 Neque
1971 769 2049 826 fas

264 844 357 890 'esse
391 848 624 903 Epi-scopo,
661 852 743 890 aut
775 848 826 890 in
866 846 1127 891 Parocltum
1162 849 1564 906 αηὶηιαάυθνρθνθ,
1601 852 1682 908 qui
1707 850 1930 907 praefato
1972 865 2046 895 ae-

263 931 478 985 grotanti
511 931 734 973 Viacicum
767 929 1039 986 deneqaric;
1074 935 1157 974 aut
1178 930 1434 988 quidquam
1458 931 1513 975 de
1535 933 1762 976 eiusmodi
1786 938 2045 977 controver-

262 1014 334 1057 sia
359 1015 409 1055 in
432 1025 520 1056 sua
540 1012 721 1070 Synodo
740 1012 1002 1066 decernere,
1025 1026 1083 1055 ne
1106 1013 1323 1057 videatur
1343 1014 1428 1057 sibe·
1447 1028 1681 1071 arroqare
1699 1021 1860 1072 partes
1882 1016 2048 1060 iudicis

264 1096 390 1137 incer
411 1096 726 1151 qravz‘ssimos,
752 1094 840 1139 leae
861 1108 1002 1151 super
1026 1109 1089 1149 re,
1115 1109 1267 1139 seeum
1295 1097 1623 1141 contendentes
1655 1096 1909 1156 Theoloyos.

384 1177 484 1220 677.
523 1180 660 1220 Porro
693 1175 857 1235 quotis
889 1176 977 1231 die,
1015 1191 1072 1220 ne
1107 1177 1217 1221 seria
1252 1177 1436 1236 quidem
1464 1182 1518 1222 vi
1553 1179 1597 1222 in
1634 1193 1880 1237 parascexe
1912 1194 2043 1224 exce-

266 1264 366 1318 pta,
403 1260 509 1304 licet
551 1274 679 1305 sacro
716 1261 884 1305 viatico
931 1261 1197 1306 decessuros
1242 1261 1456 1317 munire,
1492 1262 1741 1306 dummodo
1789 1263 1966 1320 private
2000 1267 2046 1306 et

262 1343 487 1387 submissa
521 1357 634 1387 voce
669 1357 824 1401 preces
861 1344 1113 1389 recitentur
1145 1349 1191 1388 ct
1225 1344 1424 1402 psalmis,
1463 1348 1642 1402 praeter
1674 1358 1832 1388 eorum
1865 1344 2044 1389 dierum

264 1426 681 1482 consuetudinem,
718 1441 810 1470 non
845 1427 1039 1471 addatur
1072 1430 1302 1485 postremo
1334 1428 1489 1484 qlorz'a
1522 1432 1568 1471 et
1602 1427 1647 1471 in
1682 1427 1830 1471 reditu
1869 1428 1925 1471 ad
1968 1431 2045 1471 Ec·

263 1508 449 1553 clesiam
488 1523 775 1568 nequaquam
812 1509 1003 1567 populus
1036 1523 1141 1553 cum
1178 1509 1331 1567 pixide
1364 1509 1677 1554 benedicatur.

382 1593 481 1638 678.
519 1592 786 1638 Generatim
821 1593 1047 1652 loquendo
1083 1607 1173 1637 non
1210 1593 1315 1637 licet
1357 1593 1442 1638 hoc
1485 1597 1828 1638 sacramentum
1868 1598 2045 1638 secreto

262 1677 439 1721 deferre
473 1676 527 1721 ad
564 1676 796 1731 infirmos,
833 1676 1040 1734 exceptis
1074 1674 1360 1721 necessitatis
1393 1676 1596 1732 casibus,
1632 1691 1706 1721 ex.
1743 1692 1807 1735 gr.
1845 1678 1891 1722 in
1934 1677 2046 1722 locis

263 1761 602 1804 haereticorum
636 1760 711 1803 ubi
748 1759 992 1803 manifeste
1028 1758 1187 1818 nequit
1219 1759 1384 1803 deferri
1418 1760 1446 1803 ¹.

382 1843 620 1897 Quomodo
653 1847 809 1887 autem
844 1843 1193 1887 sanctissimum
1232 1842 1541 1887 Eucharistiae
1574 1848 1918 1887 sacramentum
1960 1842 2044 1901 pri-

262 1927 408 1972 vatim
443 1940 550 1971 cum
587 1925 837 1970 necessitas
871 1924 1100 1980 inciderit,
1135 1924 1194 1968 sit
1227 1925 1544 1980 deferendum,
1579 1925 1713 1969 docet
1747 1925 1910 1969 Bened.
1949 1927 2044 1968 xlv

261 2014 414 2056 Const.
457 2013 584 2054 Inter
606 2012 885 2066 omniqenas
909 2022 988 2066 pro
1011 2007 1173 2052 incolis
1196 2007 1320 2065 regni
1347 2008 1532 2052 Serviae
1565 2021 1618 2052 ac
1642 2007 1942 2052 finitimarum
1978 2021 2045 2052 re-

262 2095 472 2152 gionum,
509 2093 554 2137 in
588 2106 676 2151 qua
710 2091 799 2136 ait:
840 2111 859 2131 a
888 2094 943 2135 At
977 2091 1051 2134 ubi
1087 2093 1338 2135 Tui-carum
1372 2091 1444 2135 vis
1477 2091 1710 2148 praevalet
1740 2095 1787 2135 et
1808 2090 2042 2150 iniquitas,

265 2177 398 2237 (quod
433 2191 539 2220 cum
573 2179 765 2221 Gousset
798 2173 1045 2218 (licendum
1078 2187 1258 2232 quoque
1288 2173 1342 2216 de
1365 2173 1570 2217 absoluta
1605 2172 1850 2229 impiorum
1885 2187 2045 2231 paren-

262 2264 361 2305 tum
397 2259 697 2318 oppositione)
724 2257 935 2302 sacerdos
958 2257 1120 2301 stolam
1146 2270 1327 2314 semper
1348 2255 1515 2300 habeat
1537 2261 1800 2314 coopertam
1824 2256 2042 2312 vestibus,

262 2343 309 2387 in
344 2342 524 2387 sacculo
567 2355 647 2385 seu
681 2340 815 2385 bursa
854 2339 1056 2398 pixidem
1097 2339 1339 2394 recondat,
1374 2353 1511 2398 quam
1560 2353 1639 2396 per
1670 2340 1899 2384 funiculos
1930 2340 2045 2384 collo

262 2438 512 2484 appensam
546 2425 593 2468 in
627 2424 729 2468 sinu
774 2428 966 2481 reponat
997 2426 1043 2467 et
1079 2436 1332 2481 numquam
1380 2422 1501 2466 solus
1543 2422 1790 2480 procedat,
1825 2422 1901 2466 sed
1954 2436 2045 2466 uno

262 2508 426 2552 saltem
462 2507 581 2552 fideli
614 2507 661 2551 in
694 2507 875 2551 defectu
909 2504 1062 2550 clerici
1095 2504 1347 2551 associetur
1372 2524 1411 2549 n.
1468 2506 1665 2564 [traque
1700 2504 2044 2549 vero'iaudato-

263 2606 367 2636 rum
412 2590 685 2636 Pontificum
731 2589 910 2635 sanctio
942 2604 967 2634 a
1001 2592 1043 2634 S.
1080 2591 1243 2647 Congr.
1282 2589 1374 2634 Fid.
1413 2593 1543 2646 Prop.
1579 2587 1626 2632 in
1661 2588 1932 2633 memoriam
1977 2602 2044 2632 re-

265 2678 429 2719 vocata
462 2678 533 2719 est
567 2673 872 2719 lnstructione
905 2673 959 2717 ad
994 2671 1238 2717 Hiberniae
1275 2671 1515 2730 Episcopos
1547 2671 1651 2716 data
1696 2671 1817 2716 circa
1857 2671 2044 2716 modum

261 2756 496 2802 deferendi
531 2756 875 2802 sanctissimam
905 2754 1237 2800 Eucharistiam
1261 2754 1318 2799 ad
1340 2754 1563 2809 infirmos,
1597 2754 1669 2798 die
1693 2754 1748 2799 25
1772 2754 1882 2798 febr.
1913 2754 2043 2810 1855,

261 2853 401 2898 quam
438 2838 648 2883 Pontifex
685 2840 789 2883 Pius
823 2842 878 2882 lx
913 2837 1222 2883 confirmavit.
1262 2840 1310 2881 In
1334 2837 1494 2882 eadem
1522 2837 1827 2882 instructione
1859 2835 2046 2895 insuper
2117 2844 2123 2856 '
2156 2876 2161 2890 ,

262 2921 545 2978 decernitur,
581 2922 699 2981 quod
734 2935 870 2966 causa
893 2935 981 2981 qua
1015 2919 1400 2978 Missionariusin
1424 2920 1623 2980 aliquem
1656 2921 1774 2965 forte
1805 2925 2043 2978 aegrotum

384 3113 393 3131 ¹
423 3113 609 3149 Honorius
635 3113 696 3156 111,
722 3122 802 3159 cap.
830 3114 920 3150 Sane
945 3112 989 3148 de
1017 3111 1151 3148 celebr.
1177 3111 1327 3148 missae.
