2176 3386
495 211 625 240 LIBER
653 211 677 239 Ι.
709 210 766 239 DE
796 210 932 239 REBUS
962 208 1198 238 ECCLESIAE
1226 206 1554 236 SPIRITUALIBUS
1865 194 1919 235 49

137 326 257 376 rant,
291 312 484 379 ideoque
516 317 804 377 improbandi
836 320 975 377 atque
1006 316 1148 361 etiam
1181 315 1441 371 coercendi,
1476 319 1528 359 ut
1559 328 1712 385 ¹supra,
1744 315 1836 360 sint
1869 315 1917 371 ii,

126 401 210 462 qui
244 405 454 460 acceptas
486 415 512 446 a
545 399 752 445 fidelibus
784 399 857 444 vel
899 399 1008 444 locis
1051 397 1134 457 piis
1176 398 1496 455 eleemosynas
1539 396 1782 442 missarum
1828 402 1919 442 tra-

128 484 251 529 ·dunt
290 483 569 542 bibliopolis,
606 481 964 537 mercatoribus,
999 481 1190 540 aliisque
1237 494 1396 525 earum
1437 479 1786 536 collectoribus,
1821 480 1920 525 sive

132 566 377 625 recipiant,
412 566 510 611 sive
546 580 635 611 non
671 564 896 623 recipiant
916 564 1165 624 quidquam
1199 563 1257 609 ab
1290 562 1448 608 iisdem
1484 563 1674 621 praemii
1699 563 1923 608 nomine?

137 652 188 694 V.
228 652 293 695 An
330 648 449 707 turpi
483 648 784 694 mercimonio
818 652 1130 702 concurrant,
1168 646 1360 705 ideoque
1394 646 1683 705 improbandi
1717 650 1763 690 et
1795 660 1920 691 coer-

129 732 287 788 cendi,
323 737 373 776 ut
405 745 557 789 supra⁷
592 731 685 775 sint
717 730 764 786 ii,
800 730 874 790 qui
909 744 934 774 a
967 729 1102 775 dictis
1133 728 1388 787 bibliopolis
1420 733 1467 773 et
1491 730 1820 774 mercatoribus
1855 744 1920 774 re-

128 814 313 873 cipiunt
347 828 424 873 pro
460 814 607 859 missis
639 814 924 859 celebrandis
956 813 1109 869 libros,
1144 812 1316 858 aliasve
1351 826 1542 868 merces,
1579 813 1741 857 harum
1777 813 1921 871 pretio

136 898 236 942 sive
267 897 533 952 imminuto,
558 897 656 942 sive
682 897 893 954 integro?
930 900 999 941 Vl.
1027 900 1093 942 An
1131 896 1285 941 illicite
1310 900 1450 953 agant
1483 895 1530 951 ii,
1558 895 1634 955 qui
1670 911 1748 955 pro
1773 896 1922 941 missis

132 981 377 1026 celebratis
421 981 649 1038 recipiunt
690 979 902 1038 stipendii
938 979 1037 1024 loco
1072 979 1208 1023 libros
1245 979 1314 1023 vel
1348 978 1460 1024 alias
1504 992 1710 1035 merces,
1746 980 1921 1024 seclusa

136 1064 300 1124 quavis
323 1065 664 1122 negotiationiS,
692 1064 762 1108 vel
790 1063 934 1121 turpis
968 1062 1080 1108 lucri
1104 1063 1288 1121 specie?
1323 1064 1413 1107 Vll.
1441 1065 1506 1107 An
1533 1062 1668 1107 liceat
1692 1063 1923 1122 Episcopis

135 1149 237 1193 sine
270 1147 453 1206 speciali
488 1150 526 1192 S.
562 1147 687 1193 Sedis
721 1147 856 1192 venia
891 1162 948 1191 ex
982 1146 1292 1205 eleemosynis
1327 1147 1588 1202 missarum,
1623 1161 1736 1205 quas
1769 1147 1924 1192 fideles

130 1231 462 1277 celebrioribus
485 1231 766 1276 Sanctuariis
791 1230 967 1275 tradere
991 1232 1156 1285 solent,
1182 1230 1350 1290 aliquid
1386 1230 1644 1286 detrahere,
1682 1235 1730 1274 ut
1763 1245 1923 1276 eorum

135 1315 290 1359 decori
324 1320 369 1358 et
401 1319 678 1359 ornamento
705 1315 987 1370 consulatur,
1012 1314 1196 1373 quando
1232 1313 1501 1373 praesertim
1525 1328 1577 1359 ea
1600 1314 1794 1372 propriis
1828 1315 1922 1359 red-

131 1398 307 1442 ditibus
339 1399 559 1442 careant?
593 1400 706 1442 Vlll.
746 1401 812 1441 An
836 1396 1011 1456 etquid
1044 1397 1274 1455 agendum
1311 1398 1368 1441 ab
1405 1398 1649 1456 EpiscopiS,
1673 1413 1731 1444 ne
1765 1399 1924 1444 iisdem

141 1480 422 1525 Sanctuariis
455 1481 604 1538 plures
639 1481 882 1525 missarum
916 1480 1240 1538 eleemosynae
1274 1485 1600 1537 congerantur,
1636 1496 1774 1541 quam
1808 1498 1925 1542 quae

140 1563 200 1607 ibi
237 1563 355 1608 intra
390 1564 748 1622 praescriptum,
784 1578 861 1609 seu
898 1566 1036 1609 breve
1071 1570 1251 1622 teinpus
1284 1564 1458 1608 absolvi
1497 1568 1704 1624 queant?
1746 1570 1817 1612 [Χ.
1858 1572 1924 1614 ΑΙ]

135 1654 187 1692 -et
219 1647 325 1706 quid
358 1648 584 1705 agendum
619 1649 676 1692 ab
712 1648 956 1706 Episcopis,
994 1652 1044 1691 ut
1078 1648 1259 1703 missae,
1286 1648 1383 1698 sive
1408 1663 1523 1707 quae
1557 1649 1746 1708 singulis
1778 1664 1925 1697 sacer-

138 1730 337 1785 dotibus,
373 1730 470 1775 sire
503 1745 619 1790 quae
652 1731 855 1776 ecclesiis
877 1735 923 1776 et
946 1732 1053 1776 locis
1088 1731 1170 1790 piis
1193 1746 1216 1775 a
1242 1731 1448 1776 fidelibus
1470 1733 1770 1779 celebrandae
1803 1750 1926 1780 com-

143 1815 415 1870 mittuntur,
452 1819 666 1858 accurate
708 1818 754 1859 et
796 1814 990 1859 fideliter
1041 1816 1391 1874 persolvantur?
1439 1816 1611 1868 Quibus
1651 1817 1799 1862 dubiis
1833 1834 1925 1864 non

141 1898 282 1943 semel
317 1897 362 1941 in
398 1898 589 1956 propriis
621 1898 820 1942 comitiis
853 1899 1007 1943 sedulo
1042 1904 1085 1943 et
1119 1903 1334 1943 accurate
1374 1900 1623 1958 perpensis,
1659 1903 1843 1947 tandein
1880 1904 1926 1948 in

134 1982 500 2040 congregatione
543 1982 753 2027 Generali
802 1983 955 2027 habita
999 1982 1045 2026 in
1094 1984 1262 2028 Palatio
1308 1984 1564 2041 Apostolico
1603 1985 1822 2030 Vaticano
1856 1987 1927 2032 die

143 2066 199 2108 25
246 2064 337 2108 iulii
382 2065 519 2121 1874,
557 2064 692 2109 iidem
748 2065 842 2109 Emi
897 2069 1049 2110 Patres
1082 2065 1129 2110 in
1166 2067 1287 2110 bunc
1337 2067 1522 2111 modum
1560 2069 1925 2126 respondendum

136 2153 441 2202 censuerunt,
481 2148 713 2192 x’idelicet:

265 2229 329 2274 Ad
365 2235 395 2275 Ι.
434 2230 732 2275 Affirinative.
771 2231 836 2275 Ad
860 2235 910 2277 [Ι.
950 2235 1189 2290 Negative.
1228 2233 1292 2276 Ad
1319 2237 1388 2278 ΙΙΙ.
1424 2233 1726 2278 Affirmative.
1763 2235 1827 2279 Ad
1853 2238 1925 2279 [V.

146 2311 447 2357 Affirmative.
485 2313 548 2357 Ad
577 2316 625 2358 V.
655 2314 954 2358 Affirmative.
992 2316 1057 2360 Ad
1084 2319 1154 2361 Vl.
1187 2315 1425 2374 Negalive.
1467 2317 1529 2361 Ad
1557 2319 1650 2362 Vll.
1688 2318 1927 2375 Negatixse,

147 2394 319 2439 nisi‘de
354 2409 578 2440 consensu
613 2397 886 2443 oblatorum.
936 2399 998 2442 Ad
1035 2402 1129 2443 Vlll
1173 2404 1219 2443 et
1260 2404 1328 2444 lx.
1373 2399 1594 2444 Standum
1635 2401 1931 2446 Constitutio-

147 2477 282 2523 nibus
306 2479 572 2536 Apostolicis
594 2484 640 2524 et
667 2482 866 2526 Decretis
887 2482 999 2526 alias
1021 2483 1154 2527 datis.
1184 2487 1413 2542 Factaque
1437 2483 1509 2527 die
1533 2484 1582 2527 51
1611 2484 1789 2541 augusti
1819 2484 1931 2529 «1874

138 2561 201 2604 >de
236 2561 304 2605 liis
335 2562 549 2607 omnibus
581 2563 716 2608 SSrilo
754 2568 799 2609 D.
826 2568 875 2609 N.
902 2579 981 2623 per
1014 2569 1133 2611 Sacr.
1158 2570 1320 2624 Congr.
1349 2567 1655 2611 secretarium
1690 2566 1929 2622 relatione,

139 2645 375 2688 Sanctitas
408 2647 493 2690 Sua
530 2645 829 2691 resolutiones
863 2649 903 2690 S.
942 2647 1316 2706 congregationis
1361 2648 1618 2706 Apostolica
1658 2663 1738 2693 sua
1776 2655 1934 2693 aucto-

146 2726 282 2771 ritate
306 2728 576 2786 adprobavit
598 2734 644 2773 et
666 2730 979 2787 confirmavit,
1000 2736 1138 2790 atque
1162 2732 1215 2775 ad
1246 2732 1486 2790 Episcopos
1510 2733 1763 2777 transmitti
1783 2733 1930 2791 iussit,

144 2815 200 2854 ut
233 2812 314 2871 ipsi
348 2825 424 2856 eas
457 2812 578 2858 intra
613 2813 819 2871 propriae
854 2814 1181 2859 iurisdictionis
1216 2814 1386 2860 limites
1419 2817 1740 2875 exequendas,
1776 2831 1935 2875 perpe·

148 2899 318 2953 tuoque
345 2899 387 2939 et
413 2894 740 2941 inviolabiliter
760 2897 1012 2941 servandas
1034 2901 1213 2941 curent.
1253 2897 1503 2942 Contrariis
1529 2912 1620 2943 non
1645 2899 1933 2944 obstantibus

86 2976 96 2986 ⁸
141 2977 526 3037 quibuscumque.

274 3073 592 3107 ZiTELLi-SOLIERL
620 3094 654 3098 -
680 3076 730 3108 ῙΙ.
1790 3082 1810 3113 4
