2176 3386
246 203 322 243 186
884 217 994 246 PARS
1024 218 1048 246 1.
1083 218 1140 246 DE
1169 218 1380 249 PERsoms

909 400 1215 454 TITULUS
1268 402 1355 453 ΙΙΙ.

924 541 1002 593 Β6
1031 541 1337 615 EpiscopiS.

361 681 461 725 245.
499 688 623 735 Quae
657 682 711 725 de
749 682 976 740 Episcopis
1007 684 1182 741 agenda
1215 690 1325 736 sunt
1359 685 1403 729 in
1439 686 1525 730 tria
1559 687 1706 745 capita
1744 688 1885 733 dividi
1923 703 2029 748 pos-,

240 768 370 818 sunt,
408 777 573 821 nempe
606 764 660 807 de
698 765 925 823 Episcopis
958 765 1237 822 Ordinariis,
1281 768 1335 812 de
1373 768 1602 827 Episcopis
1636 770 1926 828 titularibus,
1967 786 2019 817 ac

240 845 427 890 tandem
462 846 515 889 de
548 846 775 905 Episcopis
812 848 1122 905 Regularibus.

1004 992 1184 1036 CAPUT
1220 997 1248 1038 1.

802 1121 862 1155 DE
893 1120 1135 1160 EPISCOPIS
1160 1122 1446 1162 ORDINARIIS.

356 1238 455 1282 246.
494 1241 603 1283 Tota
638 1239 894 1299 disquisitio
928 1241 981 1285 de
1016 1241 1259 1287 ordinariis
1291 1244 1519 1303 Episcopis
1551 1246 1612 1290 ad.
1639 1252 1836 1305 quatuor
1868 1248 2017 1306 capita

238 1320 390 1365 reduci
427 1321 558 1366 facile
592 1327 742 1380 potest
776 1324 1081 1383 inquirendo:
1134 1326 1171 1380 l)
1209 1340 1346 1385 quam
1383 1327 1465 1385 ipsi
1492 1333 1765 1386 potestatem
1790 1330 2015 1375 habeant:

237 1407 277 1460 2)
305 1405 468 1464 quibus
502 1407 717 1450 fruantur
758 1407 1035 1465 privilegiis;
1072 1409 1113 1464 5)
1141 1409 1305 1467 quibus
1338 1410 1554 1455 oneribus
1586 1411 1780 1468 subsint;
1816 1414 1859 1469 4)
1883 1427 2018 1472 quae-

237 1503 343 1533 nam
379 1488 443 1533 eis
478 1489 657 1547 propria
692 1489 784 1534 sint
816 1492 1145 1535 emolumenta.

355 1576 613 1631 Antequam
651 1587 758 1618 vero
793 1574 986 1631 primam
1035 1576 1354 1634 quaestionem
1402 1577 1736 1634 aggrediamur,
1787 1579 2015 1635 generalia

234 1656 459 1714 quaedam
494 1655 715 1714 principia
751 1657 1046 1714 praemittere
1079 1672 1244 1715 operae
1279 1659 1477 1717 pretium
1511 1666 1596 1716 est,
1631 1675 1748 1720 quae.
1774 1677 1852 1720 pro
1875 1663 2017 1708 oculis

235 1739 442 1782 habenda
476 1744 584 1782 sunt
616 1739 674 1783 ab
706 1739 759 1784 iis
792 1740 868 1798 qui
902 1740 1267 1786 iurisdictionem
1303 1749 1537 1788 exercent.

353 1823 451 1866 247.
492 1822 814 1881 Episcoporum
839 1828 1039 1881 poteslas
1069 1825 1236 1882 duplex
1265 1830 1349 1881 est,
1370 1826 1549 1872 ordinis
1571 1831 1618 1871 et
1640 1827 1965 1874 iurisdictionis
1983 1830 2013 1873 ¹.

233 1910 357 1959 Quae
381 1906 552 1950 ordinis
576 1911 660 1962 est,
687 1908 1002 1952 characterem
1028 1908 1328 1967 episcopalem
1356 1910 1569 1967 postulat,
1593 1925 1756 1970 nempe
1780 1926 2016 1958 consecra-

233 1988 425 2045 tionem,
451 1995 589 2048 atque
609 1991 722 2034 adeo
741 1991 1057 2048 inseparabilis
1080 1992 1137 2036 ab
1158 1993 1376 2050 Episcopo
1400 1998 1469 2037 est
1492 2008 1543 2039 ac
1567 1996 1740 2039 nemini
1761 1996 2017 2041 communi-

232 2071 404 2116 cabilis.
446 2077 552 2117 Eam
580 2073 717 2131 igitur
741 2079 1014 2133 potestatem
1050 2075 1111 2119 ita
1149 2076 1392 2134 Episcopus
1416 2077 1601 2134 retinet,
1621 2079 1836 2138 quamvis
1861 2080 2016 2125 haere-

231 2155 365 2209 ticus,
401 2156 855 2212 excommunicatus,
891 2157 1124 2214 depositus
1156 2158 1233 2214 sit,
1261 2163 1326 2214 ut,
1354 2159 1389 2203 si
1413 2161 1666 2206 catholicae
1700 2163 2015 2208 communioni

232 2238 518 2294 restituatur,
568 2253 688 2284 nova
739 2240 1089 2285 consecratione
1142 2241 1334 2286 minime
1370 2242 1586 2300 indigeat.
1642 2247 1777 2289 Porro
1809 2245 1866 2290 ad
1897 2246 2018 2291 hanc

232 2322 405 2367 ordinis
439 2327 713 2380 potestatem
739 2323 939 2381 pertin‘et
962 2323 1301 2369 administratio
1335 2326 1614 2371 sacramenti
1647 2327 1819 2372 ordinis
1841 2333 1888 2372 et
1909 2343 2016 2373 con-

230 2405 530 2462 firmationis;
567 2409 615 2450 et
648 2407 867 2464 quoniam
903 2407 1014 2452 haec
1047 2413 1339 2452 sacramenta
1373 2422 1397 2452 a
1431 2410 1525 2453 solo
1562 2409 1780 2469 Episcopo
1817 2412 2015 2456 conferri

233 2493 451 2547 possunt,
487 2494 639 2533 cetera
686 2490 827 2533 etiam
863 2504 887 2535 a
923 2490 1232 2548 presbyteris,
1270 2494 1394 2535 rectc
1440 2490 1484 2535 in
1533 2492 1801 2550 Episcopatu
1849 2494 2018 2539 dicitur

228 2585 326 2616 esse
370 2571 604 2629 plenitudo
640 2573 905 2618 sacerdotii.
955 2572 1159 2618 Pertinet
1201 2573 1341 2618 etiam
1384 2575 1439 2619 ad
1482 2588 1584 2618 eam
1632 2576 1917 2621 consecratio
1954 2577 2016 2621 al-

228 2656 397 2701 tarium
445 2660 490 2699 et
538 2657 869 2713 ecclesiarum,
912 2657 999 2702 olei
1047 2662 1143 2701 tum
1188 2656 1475 2702 infirmorum
1521 2661 1619 2702 tum
1661 2659 2015 2703 catechumeno-

228 2754 348 2796 rum,
384 2744 430 2784 et
463 2739 740 2795 chrismatis,
777 2739 888 2784 item
924 2739 1210 2784 consecratio
1244 2740 1440 2785 calicum
1474 2746 1519 2786 et
1554 2746 1826 2799 patenarum
1860 2747 1947 2787 etc.
1979 2742 2010 2787 ².

351 2870 360 2888 ¹
389 2871 458 2907 Cfr.
487 2881 580 2917 quae
609 2871 725 2909 fusius
764 2871 808 2908 de
848 2876 1032 2917 potestate
1060 2871 1204 2908 ordinis
1237 2882 1280 2909 ac
1313 2873 1578 2911 iurisdictionis
1604 2875 1643 2910 in
1680 2884 1790 2920 opere
1829 2875 2016 2931 Etementa

226 2943 323 2979 iuris
346 2943 503 2988 pubblici
532 2944 759 2980 ecclesiastici
784 2944 882 2980 dicta
909 2949 1006 2981 sunt.
1035 2943 1205 2981 Somssm:
1233 2944 1422 2982 Elementa
1448 2946 1543 2982 iuris
1566 2947 1689 2992 pubbl.
1716 2948 1797 2983 eccl.

341 3014 354 3032 ¹
383 3014 479 3051 Haec
507 3015 654 3060 propria
681 3021 769 3052 sunt
796 3015 996 3061 potestatis
1024 3015 1164 3052 ordinis
1192 3015 1280 3052 iuris
1311 3015 1569 3059 ecclesiastici,
1591 3017 1696 3054 cuius
1723 3018 1908 3055 obiectum
1932 3022 2018 3055 sunt

227 3089 529 3127 sacramentalia.
