2176 3386
255 133 308 172 82
932 145 1044 174 PARS
1074 146 1117 175 11.
1151 147 1209 175 DE
1240 146 1381 176 REBus

985 352 1217 382 An'l'lcuhus
1251 353 1307 383 Vl.

931 456 995 499 De
1027 454 1363 513 Indulyentiis.

369 582 470 627 766.
511 582 713 627 Remissa
747 584 878 642 culpa
913 588 958 628 et
990 598 1137 642 poena
1171 588 1360 629 aeterna
1396 599 1475 643 per
1506 589 1856 632 Sacramentum
1881 588 2047 633 Poeni-

248 662 425 709 tentiae
466 664 553 709 rite
594 670 888 723 susceptum,
937 666 1156 711 solvenda
1201 670 1411 725 superest
1459 668 1729 729 plerumque
1777 671 2050 729 temporalis

252 759 415 804 poena,
449 761 567 806 quae
600 747 797 793 relaxari
831 749 971 794 etiam
1006 753 1139 794 extra
1176 749 1491 809 poenitentiae
1513 755 1858 802 sacramentum
1893 756 2047 812 potest

254 827 480 874 Ecclesiae
511 829 804 875 auctoritate.
843 831 998 876 Voluit
1033 831 1159 876 enim
1198 836 1316 877 Deus
1348 837 1509 878 extare
1542 833 1909 880 satisfactionum
1945 837 2042 881 the-

249 923 436 956 saurum
470 912 527 956 ab
558 912 798 971 unigenito
835 913 912 958 Dei
945 914 1059 959 ,Filio
1106 914 1334 960 Ecclesiae
1370 915 1588 961 militanti
1632 917 1942 974 adquisitum,
1989 920 2046 965 ad·

249 994 379 1039 cuius
410 995 613 1040 thesauri
648 996 886 1041 cumulum
934 1000 1098 1042 Beatae
1135 997 1211 1042 Dei
1247 997 1495 1044 Genitricis
1526 997 1829 1059 omniumque
1862 1005 2045 1045 sancto-

248 1090 349 1121 rum
386 1077 549 1122 merita
583 1077 919 1123 adminiculum
956 1082 1192 1137 praestant
1215 1079 1249 1124 ².
1310 1084 1447 1124 Porro
1489 1081 1756 1125 thesaurum
1801 1082 1924 1127 hunc
1966 1097 2049 1141 per

248 1159 432 1205 beatum
471 1164 655 1206 Petrum
688 1161 876 1221 eiusque
902 1175 1188 1207 successores
1211 1162 1423 1208 vicarios
1444 1176 1550 1208 suos
1581 1164 1816 1209 commisit
1836 1164 2047 1211 fidelibus

247 1243 491 1289 salubriter
531 1244 906 1303 dispensandum.
963 1245 1081 1292 Hinc
1122 1249 1274 1304 patet,
1321 1247 1568 1292 Ecclesiam
1615 1262 1695 1306 per
1737 1248 2046 1307 indulgentias

247 1325 309 1371 ita
344 1326 633 1385 poenitentes
665 1342 689 1372 a
724 1342 869 1386 poena
904 1328 1162 1386 absolvere,
1200 1333 1250 1373 ut
1283 1329 1420 1374 simul
1455 1334 1546 1375 Deo
1567 1332 1718 1376 solvat
1746 1331 1947 1378 debitam
1972 1347 2040 1379 sa·
2083 1369 2086 1372 .

244 1410 556 1457 tisfactionem
589 1427 647 1458 ex
681 1413 1164 1470 superabundantibus
1188 1413 1581 1459 satisfactionibus
1603 1414 1768 1460 Christi
1793 1419 1839 1460 et
1860 1420 2045 1461 sancto—

245 1509 364 1549 rum,
400 1499 538 1555 atque
573 1495 687 1540 adeo
719 1496 949 1553 completa
983 1494 1299 1553 indulgentiae
1334 1495 1462 1540 notio
1488 1495 1756 1541 continetur
1787 1501 1887 1542 tum
1910 1498 2042 1543 ahso-

246 1578 420 1624 lutione
453 1578 499 1623 vi
532 1579 753 1635 clavium,
789 1583 887 1623 tum
926 1578 1058 1637 pretii
1094 1578 1324 1624 solutione
1363 1583 1453 1624 Deo
1487 1580 1607 1625 facta
1639 1580 1696 1625 ab
1719 1580 1814 1639 ipsa
1841 1581 2040 1628 Ecclesia

242 1677 321 1720 pro
354 1677 424 1719 eo,
460 1665 537 1723 qui
571 1677 597 1708 a
633 1677 778 1722 poena
812 1663 1092 1708 absolvitur.

365 1747 466 1792 767.
505 1749 642 1791 Porro
674 1746 841 1805 duplici
875 1745 1055 1791 ratione
1080 1746 1325 1791 Pontifices
1351 1746 1542 1792 Maximi
1577 1750 1801 1805 potestate
1836 1747 1944 1808 ipsis
1972 1755 2042 1794 at-

243 1828 414 1874 tributa
449 1832 660 1884 utuntur,
698 1843 788 1873 una
820 1828 1010 1888 quidem
1044 1843 1133 1888 qua
1169 1829 1301 1886 plena
1336 1842 1510 1887 poenae
1533 1831 1797 1888 temporalis
1830 1836 1931 1890 post
1962 1832 2040 1877 de-

241 1910 379 1956 letam
413 1912 595 1970 culpam
630 1911 823 1956 luendae
857 1910 1140 1956 condonatio
1184 1923 1262 1955 seu
1301 1910 1508 1956 remissio
1546 1911 1843 1968 conceditur,
1893 1914 2038 1959 altera

243 2008 352 2039 vero
384 2008 471 2054 qua
507 1994 777 2040 conceditur
813 1998 1027 2049 tantum,
1062 1997 1289 2053 quantum
1327 1999 1547 2053 aequaret
1579 1995 1851 2051 canonicas,
1886 1995 1922 2040 si
1956 1996 2042 2042 has

239 2077 394 2123 fideles
429 2078 719 2137 poenitentes
762 2077 946 2122 obirent
982 2077 1293 2135 poenitentias
1327 2091 1556 2122 annorum
1600 2082 1680 2122 aut
1711 2078 1889 2123 dierum
1922 2079 2037 2124 certi

239 2161 509 2221 definitique
544 2160 743 2206 numeri.
799 2160 917 2205 Hinc
961 2159 1198 2205 distinctio
1246 2159 1558 2218 indulgentiae
1600 2160 1646 2204 in
1693 2160 1943 2219 plenariam
1991 2166 2041 2207 et.

241 2243 495 2303 partialem.
535 2244 660 2289 Aliae
682 2247 839 2288 autem
874 2248 983 2288 sunt
1015 2242 1328 2301 indulgentiae
1353 2256 1432 2300 pro
1458 2242 1594 2299 vivis⁷
1630 2242 1745 2288 aliae
1770 2257 1850 2301 pro
1872 2243 2037 2288 defun-

237 2327 341 2382 ctis,
376 2326 598 2386 aliterque
631 2325 733 2371 illae
765 2330 903 2385 atque
938 2326 1024 2371 hae
1051 2325 1395 2370 conceduntur:
1433 2324 1479 2369 in
1505 2324 1592 2370 illis
1614 2325 1740 2370 enim
1763 2325 2039 2383 elargiendis

240 2409 476 2455 iudiciaria
519 2423 577 2454 ex
618 2412 843 2469 potestate
887 2408 1063 2467 agitur;
1114 2407 1348 2453 defunctis
1389 2422 1499 2453 vero
1541 2408 1860 2454 conceduntur
1900 2409 2034 2454 modo

241 2478 424 2539 tanturn
448 2493 648 2551 suffragii
671 2491 982 2548 satisfactorii‚
1003 2491 1179 2537 scilicet
1201 2505 1293 2537 non
1316 2491 1500 2551 quidem
1519 2491 1709 2538 iuridica
1729 2492 2031 2549 absolutione,
2078 2519 2080 2521 ·

239 2578 628 2637 quemadmodum
662 2577 713 2622 lit
745 2577 791 2621 in
825 2576 1061 2630 subditos,
1105 2575 1182 2620 sed
1216 2579 1400 2621 tantum
1444 2575 1576 2634 pretii
1609 2575 1852 2621 solutione.
1908 2580 2038 2630 Quae.

239 2664 395 2705 autem
429 2659 742 2717 indulgentiae
775 2673 855 2717 pro
892 2658 1014 2703 vivis
1046 2671 1291 2703 concessae
1329 2662 1438 2702 sunt
1470 2657 1588 2703 velle
1628 2656 1861 2703 defunctis
1892 2656 2036 2716 appli=

239 2758 344 2789 care
376 2747 423 2788 et
454 2742 676 2798 vicissim,
711 2741 954 2787 consilium
989 2742 1109 2786 foret
1140 2739 1304 2785 inane.
1344 2743 1433 2785 Eae
1465 2753 1577 2784 vero
1609 2739 1670 2784 ita
1707 2753 1786 2798 pro
1809 2738 1932 2784 vivis
1964 2738 2035 2783 in-

363 2932 369 2950 ¹
401 2932 584 2969 Clemens.
613 2932 679 2968 VII
708 2933 745 2967 in
772 2933 920 2968 Exti-av.
949 2941 1043 2967 com.
1071 2931 1092 2967 l.
1119 2932 1165 2974 5,
1194 2932 1246 2967 lit.
1270 2929 1315 2974 9,
1343 2942 1373 2968 e.
1401 2931 1440 2975 23
1481 2931 1568 2968 Pius
1594 2931 1658 2972 Vl,
1685 2931 1811 2968 Consi.
1835 2930 2035 2967 Auctorem

241 3003 343 3048 fide&
371 3003 506 3040 Bened.
535 3003 634 3047 XIV,
661 3003 785 3040 Const.
814 3003 1031 3049 Apostolica,
1057 3007 1071 3043 ἓ
1097 3003 1129 3039 5.
