2176 3386
758 201 886 230 Lmen
915 202 956 230 11.
995 202 1052 230 DE
1082 200 1382 230 REGULARIBUS
1880 188 1958 228 437

183 308 477 367 resumpserit
506 312 553 352 et
584 307 640 352 ad
674 307 1006 352 monasterium
1056 305 1270 361 redierit,
1307 318 1456 364 neque
1488 303 1534 349 in
1555 305 1655 372 ⁶hoc
1702 305 1958 351 attenditur

178 405 238 436 an
271 404 456 436 causam
491 391 658 436 iustam
691 390 918 446 habuerit,
956 390 1028 434 vel
1064 403 1173 444 uon,
1209 389 1416 434 habitum
1449 388 1730 434 dimittendi.

297 475 395 520 565.
434 474 729 520 l'rofessionis
765 474 910 519 valide
943 474 1134 519 emissae
1168 473 1285 518 varii
1318 479 1426 518 sunt
1459 473 1665 518 effectus.
1721 474 1955 531 praecipui

177 564 285 605 sunt
329 566 598 620 sequentes:
650 562 687 616 l)
721 564 806 605 Per
852 574 952 605 eam
1000 559 1338 616 extinguuntur
1384 558 1539 604 omnia
1576 563 1682 604 vota
1730 559 1953 618 simplicia

175 646 284 687 ante
316 642 457 699 ipsius
479 643 772 688 emissionem
796 643 916 687 edita
942 644 972 697 ¹,
1010 642 1095 687 nisi
1132 645 1250 687 facta
1284 641 1377 686 sint
1411 641 1455 686 in
1492 642 1699 686 favorem
1733 641 1949 687 hominis.

176 726 217 781 ⁹2)
254 726 534 770 Relaxantur
566 725 924 783 irregularitates
955 741 1012 770 ex
1045 726 1226 770 defectu
1262 725 1483 769 natalium
1518 729 1708 769 exortae
1746 727 1800 769 ad
1835 726 1952 770 ordi-

176 820 258 852 nes
289 808 614 867 suscipiendos.
651 808 1002 866 5)ui1·imuntur
1022 807 1249 866 sponsalia
1282 811 1328 852 et
1360 806 1708 852 matrimonium
1744 808 1948 852 rat11n12.

175 891 215 935 si
256 905 365 936 vero
401 892 571 937 coniux
621 897 720 951 post
768 892 1115 938 matrimonium
1166 895 1540 936 consummatum
1580 891 1846 949 religionem
1897 892 1950 937 de

173 988 399 1019 consensu
432 975 619 1020 alterius
651 975 858 1034 coniugis
908 975 1206 1035 profiteatur,
1243 974 1477 1019 inducitur
1509 973 1758 1019 divortium
1795 988 1951 1033 perpe-

172 1062 301 1103 tuum
336 1059 458 1103 inter
489 1060 635 1118 ipsum
670 1065 714 1104 et
746 1060 987 1118 coniugem
1038 1060 1249 1105 relictum
1283 1059 1330 1103 in
1363 1060 1545 1104 saeculo
1569 1058 1599 1103 ⁸.
1649 1060 1691 1115 4)
1721 1057 1952 1104 Matrimo-

172 1143 299 1187 nium
332 1144 698 1189 contrahendum
731 1144 977 1188 dirimitur.
1015 1144 1056 1201 5)
1085 1143 1260 1188 Eluitur
1292 1143 1499 1187 infamia.
1537 1143 1578 1198 6)
1600 1142 1838 1186 Inducitur
1871 1155 1948 1186 va-

171 1227 288 1271 catio
322 1229 529 1273 omnium
565 1229 891 1274 beneficiorum
926 1233 971 1272 et
1004 1227 1266 1272 inhabilitas
1302 1227 1357 1271 ad
1398 1225 1484 1270 alia
1518 1225 1862 1284 consequenda,
1902 1228 1948 1268 et

169 1309 448 1370 incapacitas
497 1311 661 1371 privati
708 1310 926 1367 dominii,
961 1311 1073 1355 adeo
1117 1314 1166 1353 ut
1205 1309 1563 1363 monasterium,
1600 1308 1635 1353 si
1673 1322 1817 1366 capax
1860 1307 1944 1363 sit,

167 1396 401 1450 succedat,
437 1409 567 1440 secus
600 1395 731 1439 heres
763 1395 819 1439 al)
853 1396 1085 1438 intestato.

897 1577 1126 1607 ARTICULUS
1152 1578 1208 1606 lv.

843 1683 911 1723 De
963 1680 1263 1724 clausura.

282 1812 381 1856 564.
421 1812 483 1856 Ad
507 1812 782 1857 solemnium
818 1815 1031 1856 votorum
1055 1811 1396 1856 observantiam
1429 1813 1602 1854 statuta
1626 1813 1694 1853 est
1720 1809 1794 1853 lex
1819 1809 1939 1853 clau-

162 1908 319 1951 surae3
358 1894 420 1940 ita
442 1896 566 1940 enim
594 1900 699 1940 vota
729 1895 948 1940 solemnia
984 1909 1088 1939 cum
1131 1894 1276 1953 papali
1311 1896 1517 1939 clausura
1554 1894 1799 1938 cohaerere
1833 1907 1939 1938 cen-

161 1983 346 2032 sentur,
395 1984 446 2023 ut
490 1994 547 2024 ex
591 1980 721 2024 istius
764 1980 945 2024 defectu
994 1984 1212 2038 arguatur
1250 1980 1322 2024 illa
1373 1993 1465 2024 non
1515 1992 1612 2023 esse
1659 1978 1880 2023 solemnia
1906 1978 1937 2022 ⁸.

161 2064 254 2107 Nec
290 2062 400 2106 satis
431 2066 501 2107 est
538 2066 700 2120 sponte
741 2076 821 2107 sua
855 2077 957 2107 eam
991 2063 1234 2108 observare
1260 2064 1289 2108 ⁵.
1332 2063 1546 2108 Clausura
1580 2066 1735 2106 autem
1770 2061 1939 2106 dicitur

159 2148 307 2190 totum
343 2145 447 2189 illud
482 2145 698 2204 spatium,
733 2146 851 2205 quod
885 2147 1023 2204 septis
1058 2146 1322 2191 monasterii
1357 2160 1436 2191 seu
1471 2146 1714 2191 mulierum
1756 2158 1834 2189 seu
1869 2144 1936 2188 vi·

158 2242 310 2273 rorum
356 2229 636 2280 continetur.
689 2235 825 2275 Porro
862 2230 1098 2276 clausurae
1143 2232 1215 2276 lex
1263 2231 1468 2277 strictius
1513 2231 1819 2276 determinata
1867 2234 1936 2274 est

276 2430 284 2448 ¹
314 2430 401 2477 Cap.
428 2431 449 2467 4
477 2433 517 2469 de
548 2434 648 2478 Vot.;
675 2434 762 2479 Cap.
790 2435 813 2471 ὃ
838 2436 879 2472 de
904 2435 988 2482 Περ.
1016 2436 1053 2471 in
1078 2436 1111 2472 6.

273 2501 284 2519 ²
312 2501 420 2538 Cone.
449 2503 545 2539 Trid.
572 2504 668 2540 Scss.
700 2506 822 2542 XXIV
848 2507 899 2543 De
925 2516 997 2544 sac.
1026 2508 1193 2550 Mau-im„
1220 2518 1300 2544 can.
1328 2509 1389 2545 VI.

272 2571 285 2590 ³
311 2573 395 2619 Cap.
426 2574 468 2610 19
495 2575 536 2611 de
562 2577 645 2622 Req.

270 2643 284 2663 ⁸
310 2645 361 2681 Ea
388 2645 495 2682 hodie
522 2653 577 2683 est
604 2657 707 2685 mens
735 2649 971 2695 Apostolicae
999 2651 1124 2693 Sedis,
1162 2656 1200 2688 ut
1228 2656 1310 2688 vota
1335 2652 1525 2688 dumtaxat
1551 2651 1733 2698 simplicia
1756 2652 1925 2697 iniungat

91 2761 99 2769 ι
153 2714 316 2751 emittere
343 2716 565 2754 monialibus
594 2718 630 2754 in
657 2719 701 2755 iis
727 2721 942 2766 regionibus
970 2722 1006 2757 in
1032 2723 1168 2768 quibus
1199 2723 1338 2759 ratione
1365 2723 1488 2768 legum
1515 2723 1678 2759 civilium
1706 2728 1741 2760 et
1766 2722 1922 2760 aliarum

153 2785 507 2845 circumstantiarum
535 2789 591 2826 lex
611 2790 802 2828 clausurae
821 2793 888 2828 rite
914 2794 1052 2830 servari
1072 2803 1148 2830 non
1169 2794 1294 2840 possit,
1314 2795 1485 2840 quamvis
1513 2794 1691 2831 moniales
1718 2794 1924 2840 pertineant

150 2853 195 2903 agl
221 2855 391 2903 Ordines,
417 2859 479 2904 qui
505 2861 696 2906 approbati
736 2867 820 2898 sunt
846 2864 890 2899 ad
918 2868 1002 2900 vota
1027 2864 1206 2902 solemnia
1243 2866 1500 2911 nuncupanda.
1528 2867 1582 2902 Ita
1608 2867 1694 2904 Pius
1721 2867 1771 2902 IX
1799 2867 1927 2903 decre-

150 2924 201 2961 vit
218 2926 462 2971 prostatibus
481 2930 670 2989 Americae
691 2932 872 2978 Septentr.
892 2934 1101 2972 Foederatis
1127 2936 1248 2982 quoad
1267 2936 1447 2973 moniales
1471 2937 1704 2974 Visitationis
1730 2936 1788 2973 die
1814 2936 1836 2972 2
1861 2938 1923 2974 Se-

150 2997 284 3042 ptemb.
312 2999 414 3037 1864.

266 3069 279 3089 ⁵
304 3071 359 3107 Ex
386 3071 420 3109 S.
447 3072 580 3119 congr.
604 3075 696 3120 Epp.
722 3079 758 3112 et
784 3076 856 3112 Ru.
885 3077 923 3112 in
948 3077 1087 3114 Aesina
1121 3078 1240 3114 Volor.
1270 3078 1313 3115 16
1339 3080 1416 3116 dee.
1446 3079 1548 3117 1865.
