2176 3386
570 181 918 211 SUPPLEMENTUM
949 181 1228 216 QUORUMDAM
1257 181 1628 211 uocum-:monum
1914 172 1994 213 313

209 286 382 333 record.
417 288 553 332 Paulo
589 291 645 332 ΙΙΙ
678 286 800 332 Indis
831 300 1066 342 concessa,
1100 301 1190 347 qua
1223 286 1431 340 obtenta,
1465 291 1679 343 satagant
1714 288 1990 334 Missionarii

212 373 404 416 Sanctae
439 371 599 416 Matris
633 371 860 416 Ecclesiae
894 369 1110 428 pietatem
1144 369 1231 414 illis
1263 371 1539 428 patefacere,
1573 370 1738 430 quibus
1771 386 1842 428 ea,
1877 387 1994 432 quae

211 453 255 498 in
291 454 561 499 universum
586 453 770 507 indixit,
798 467 962 510 magna
987 467 1044 498 ex
1070 458 1197 511 parte
1231 452 1428 511 benigne
1457 453 1670 510 remittit,
1694 457 1742 499 et
1769 454 1988 514 indulget.

326 540 614 583 Censuerunt
646 537 804 590 etiam,
842 537 1070 595 praefatos
1101 536 1353 581 Chinenses
1385 536 1572 595 obligari
1603 536 1659 582 ad
1682 542 1994 583 sacramenta·

209 623 297 667 lem
331 621 667 667 confessionem
712 622 853 666 semel
888 620 933 666 in
967 634 1109 676 anno,
1146 624 1192 665 et
1224 621 1538 668 Missionarios
1578 622 1840 668 huiusmodi
1883 624 1992 669 obli-

209 705 440 763 gationem
473 705 638 749 debere
671 704 736 748 eis
771 702 1023 748 notificare.

327 788 449 833 Idem
489 798 672 845 prorsus
703 789 986 830 censuerunt
1025 785 1173 845 quoad
1216 799 1394 831 sacram
1428 787 1807 832 communionem
1852 790 1993 835 semel

209 871 255 916 in
289 885 413 916 anno
445 870 734 914 sumendam.
771 874 868 923 Quo
895 883 1003 914 vero
1026 869 1082 914 ad
1105 869 1429 914 executionem
1460 875 1667 930 tempore
1699 875 1874 918 statuto
1908 874 1994 920 hoc

209 958 279 1000 est
309 953 355 998 in
393 953 626 1008 paschate,
663 952 704 997 id
739 966 836 997 esse
870 951 1238 1010 intelligendum,
1275 952 1362 997 nisi
1396 953 1515 998 adsit
1546 954 1804 1012 legitimum
1852 955 1992 1014 impe-

207 1040 466 1084 dimentum
500 1042 581 1082 aut
612 1051 752 1094 grave
788 1036 1041 1095 periculum
1077 1036 1334 1082 immineat.
1371 1039 1635 1083 Curandum
1660 1043 1818 1084 tamen
1842 1043 1892 1084 ut
1927 1040 1991 1084 in·

207 1126 276 1166 tra
309 1121 421 1165 duos
453 1120 526 1165 vel
560 1124 654 1164 tres
687 1133 870 1176 menses
901 1124 1012 1164 ante
1046 1120 1116 1164 vel
1152 1125 1252 1178 post
1286 1120 1514 1178 paschatis
1546 1121 1798 1180 proximos,
1834 1127 1992 1181 quate-

208 1217 294 1248 nus
326 1202 425 1247 sine
458 1201 722 1248 discrimine
748 1201 843 1246 ficri
869 1203 1026 1260 possit,
1051 1201 1120 1247 sin
1149 1202 1301 1248 minus
1323 1203 1412 1247 alio
1435 1204 1600 1263 quovis
1632 1208 1839 1262 tempore
1874 1204 1993 1250 infra

207 1287 451 1331 decursum
486 1285 623 1330 unius
649 1285 757 1330 anni
792 1299 817 1330 a
855 1285 1072 1330 paschate
1107 1285 1372 1341 inchoandi,
1399 1286 1591 1332 omnino
1624 1288 1990 1335 communicent.

213 1374 403 1415 Demum
454 1372 736 1413 censuerunt
783 1368 1033 1414 Chinenses
1065 1369 1119 1413 ad
1155 1368 1289 1414 fidem
1326 1383 1577 1415 conversos
1610 1371 1757 1415 teneri
1800 1372 1991 1417 omnino

211 1453 323 1497 festa
358 1466 575 1506 servare,
614 1451 927 1497 Missionarios
958 1452 1098 1495 etiam
1134 1453 1281 1497 teneri
1317 1452 1404 1498 hoc
1437 1453 1502 1498 eis
1536 1453 1798 1510 notificare;
1843 1454 1992 1499 locum

210 1540 366 1579 tamen
401 1548 515 1590 esse,
541 1535 575 1579 si
611 1534 936 1580 sanctissimus
968 1539 1163 1590 annuat,
1191 1535 1419 1580 limitandi
1444 1537 1508 1581 eis
1532 1551 1778 1582 numerum
1813 1537 1992 1583 dierum

209 1618 430 1662 festorum
465 1616 593 1662 iuxta
627 1619 824 1662 formam
861 1617 1081 1676 privilegii
1116 1633 1140 1663 a
1178 1620 1312 1663 Paulo
1348 1623 1403 1665 ΙΙΙ
1439 1619 1559 1665 Indis
1592 1619 1812 1664 concessi.

331 1703 544 1754 Quaestio
582 1704 639 1744 Il.
680 1702 839 1744 Utrum
865 1715 1015 1746 novae
1042 1702 1267 1747 Ecclesiae
1293 1703 1366 1746 vel
1392 1703 1588 1747 Romani
1624 1703 1856 1748 Pontilicis
1875 1704 1995 1762 leges

208 1788 255 1828 et
286 1782 665 1838 Constitutiones,
699 1797 815 1842 quac
850 1797 929 1841 pro
966 1788 1058 1828 tota
1098 1784 1295 1829 Ecclesia
1321 1785 1550 1841 seruntur,
1587 1789 1799 1841 Graecos,
1835 1786 1994 1831 Orien·

210 1867 413 1926 talesque
446 1866 665 1924 obligent,
700 1866 809 1926 quin
845 1881 1059 1925 expresse
1097 1869 1433 1912 nominentur?

329 1953 458 2007 Rcsp.
494 1953 639 2008 Negat
671 1949 713 1994 id
751 1950 1045 2008 Vcrricellus;
1082 1955 1241 1995 contra
1278 1966 1387 1996 vero
1422 1957 1492 1997 Fr.
1515 1953 1701 1998 Carolus
1727 1954 1995 1999 Franciscus

210 2047 232 2076 a
271 2036 414 2077 Breno
457 2037 635 2089 tuetur,
674 2047 819 2078 novas
867 2034 1056 2078 Romani
1109 2034 1342 2079 l’ontiticis
1384 2035 1504 2092 leges
1536 2040 1581 2080 et
1613 2037 1991 2092 Constitutiones,

208 2133 324 2179 quae
358 2101 413 2163 ad
448 2119 713 2163 universam
753 2118 999 2163 Ecclesiam
1034 2118 1311 2177 diriguntur,
1341 2120 1625 2165 orientalem
1658 2134 1838 2180 quoque
1871 2135 1994 2165 com-

210 2202 508 2261 prehendere,
539 2216 615 2247 eas
647 2202 837 2257 scilicet,
864 2202 909 2246 in
943 2202 1108 2262 quibus
1144 2217 1287 2262 neque
1325 2204 1580 2248 orientalis
1605 2218 1750 2262 neque
1778 2205 1994 2248 Occiden-

209 2285 315 2329 talis
349 2287 517 2329 mentio
540 2286 624 2344 siat
650 2286 891 2341 Ecclesiae,
917 2286 995 2330 sed
1017 2287 1180 2345 quibus
1211 2300 1459 2344 supremas
1485 2287 1701 2344 Pontifex
1730 2290 1780 2332 in
1807 2303 1991 2346 ycncre,

204 2381 292 2424 pro
324 2382 442 2413 citra
476 2382 619 2426 qaam
651 2370 772 2425 yerit
800 2369 1048 2425 pastorali,
1088 2370 1391 2413 incommodis
1423 2371 1727 2429 abas-ibasque
1755 2385 1995 2429 emcryen-

209 2451 325 2496 libas
357 2465 604 2495 occurrere
635 2452 847 2507 studens,
885 2455 1103 2497 universo
1135 2453 1222 2497 sibi
1257 2453 1519 2498 concredito
1550 2457 1714 2511 yreyi,
1750 2454 1994 2512 quidpiam

204 2537 485 2591 praecipiat,
522 2535 592 2578 vel
609 2537 772 2592 poenis
807 2538 1089 2592 interpositis
1108 2535 1350 2593 prohibeat
1372 2543 1413 2580 ec
1436 2537 1703 2581 interdicat.
1744 2539 1815 2592 At,
1840 2551 1995 2596 quam-

208 2630 347 2675 quam
382 2617 467 2661 liae
499 2617 615 2662 duae
648 2618 889 2676 opiniones
912 2619 1113 2664 invicem
1152 2633 1355 2678 pugnare
1389 2620 1633 2676 videntur,
1670 2625 1826 2666 tamen
1863 2621 1995 2666 facile

209 2698 532 2754 conciliantur,
567 2700 603 2746 si
637 2716 726 2761 quo
760 2715 900 2748 sensu
933 2703 990 2746 ab
1026 2702 1299 2748 Auctoribus
1331 2702 1604 2761 explicatur,
1642 2707 1835 2762 utraque
1877 2702 1993 2747 acci·

213 2781 377 2838 piatur.
416 2783 689 2828 Verricellus
710 2783 834 2828 enim
859 2784 914 2828 de
939 2784 1352 2831 Constitutionibus
1388 2786 1613 2831 Ecclesiae
1636 2786 1854 2845 loquitur,
1878 2800 1994 2846 quae

210 2864 266 2908 ad
300 2864 373 2909 illa
405 2864 672 2923 disciplinae
704 2866 853 2924 capita
891 2867 1171 2925 pertineant,
1208 2868 1253 2912 in
1287 2868 1451 2927 quibus
1484 2868 1644 2913 Latina
1683 2869 1740 2912 ab
1771 2868 1992 2914 Orientali

211 2947 402 2993 omnino
434 2948 637 2994 dissidet.
675 2953 732 2994 At
765 2951 913 3008 palam
937 2955 1006 2995 est
1038 2951 1119 2996 has
1151 2951 1513 2997 constitutiones
1533 2952 1590 2997 ad
1611 2952 1868 2997 Orientales
1901 2966 1993 3016 non

211 3032 414 3077 extendi.
454 3036 569 3078 Nam
603 3033 856 3079 Concilium
895 3039 1199 3080 Lateranense
1232 3035 1316 3079 sub
1348 3034 1619 3080 Innocentio
1654 3039 1735 3091 111,
1771 3039 1994 3080 Innocen-
