2176 3386
1020 0 1080 17 -²·‹‘
1125 0 1450 35 ·*'‘7‚r2.*.⁴1‘³3³f·“⁸w<5=,

215 156 294 196 326
857 167 967 196 PARS
995 168 1020 197 1.
1059 169 1116 197 DE
1144 168 1356 197 Pensoms

214 287 296 319 cae
330 277 535 332 LeyatOS,
585 275 655 320 vel
692 277 910 320 Nuneios:
962 282 1045 321 aut
1089 290 1160 320 eos
1197 290 1227 320 a
1258 277 1355 320 sais
1397 276 1685 333 dioecesibus,
1732 279 1995 334 territoriis,

213 360 352 402 terris
382 372 462 402 sea
494 358 715 403 dominiis
746 361 975 403 eiicientes
1008 373 1091 403 nec
1124 372 1219 402 non
1254 372 1311 403 ea
1344 359 1642 415 mandantes,
1675 360 1746 404 vet
1779 366 1890 405 rata
1913 359 1998 405 ha-

210 441 374 494 bentes,
409 455 489 484 sea
521 446 815 498 praestantes
847 443 898 484 in
931 443 994 485 eis
1027 442 1263 486 auxilium
1296 442 1366 486 vel
1400 440 1616 499 favorem
1643 461 1681 486 n.
1723 446 1787 488 Ex
1822 443 1890 489 his
1924 459 1998 502 pa-

211 526 277 567 tet
319 523 439 583 quod
483 523 586 568 Pius
633 526 703 567 [x.
746 527 833 568 Ra.
884 528 961 568 PP.
1002 524 1246 569 Alexandri
1291 527 1364 579 Ill,
1404 524 1660 570 innocentii
1705 529 1780 582 ΠΙ,
1818 526 1997 572 Bonifa-

210 606 268 652 cii
306 609 401 652 Vlll
434 606 788 658 constitutiones
822 607 906 652 hac
942 606 986 651 in
1020 622 1067 652 re
1100 607 1302 652 abolevit
1333 608 1409 667 qui
1443 607 1583 652 etiam
1634 609 1907 654 mandantes
1939 623 1992 656 ac

212 694 363 735 ratum
399 691 620 735 babentes
650 689 1184 736 excommunicationem
1218 689 1578 735 inundaverunt.

330 779 433 823 404.
472 782 521 823 In
557 780 674 823 lianc
708 778 1205 823 excommunicationis
1240 793 1433 837 poenam
1469 794 1563 824 non
1599 781 1815 825 incidant
1847 786 1999 840 impa-

212 862 354 916 beres;
391 862 436 906 in
474 862 607 906 rebus
639 862 764 906 enim
798 861 965 906 odiosis
1000 861 1273 920 principium
1311 863 1434 907 valet
1455 863 1574 922 qnod
1608 863 1649 908 id
1678 864 1798 923 quod
1826 864 1999 922 legisla-

214 948 287 990 tor
317 946 464 990 voluit
498 946 738 1002 expressit.
1529 1000 1534 1009 .

335 1030 437 1073 405.
478 1034 653 1073 Poenae
677 1032 833 1073 autem
857 1028 1075 1085 speciales
1097 1033 1257 1074 contra
1282 1030 1553 1075 clericorum
1580 1044 1866 1089 percussores
1889 1035 1998 1076 sunt

210 1118 469 1172 sequentes.
508 1112 590 1166 Qui
630 1111 834 1171 Episcopi
872 1125 1112 1169 personam
1150 1112 1392 1157 violaverit
1425 1114 1620 1158 incurrit
1652 1116 1905 1159 officiorum
1942 1127 1995 1158 ac

215 1196 544 1241 beneficiorum
578 1195 675 1240 sive
708 1195 1016 1253 spiritualium
1050 1195 1147 1240 sive
1181 1197 1501 1254 temporalium
1538 1196 1847 1256 privationem
1878 1211 1994 1256 quae

212 1294 237 1323 a
271 1293 346 1323 reo
380 1293 432 1323 ac
463 1279 520 1323 ab
552 1278 649 1323 eius
682 1278 1054 1338 cooperatoribus
1088 1279 1344 1324 habeantur
1378 1279 1424 1323 in
1461 1281 1657 1325 Ecclesia
1697 1280 1769 1324 cui
1815 1280 1992 1338 Episco-

213 1375 294 1421 pus
328 1363 475 1407 laesus
510 1366 701 1420 praeest3
738 1362 836 1406 eius
868 1362 945 1406 tilii
981 1362 1094 1406 liunt
1133 1363 1354 1408 inhabiles
1368 1364 1423 1407 ad
1447 1363 1667 1407 beneficia
1686 1362 1993 1408 ecclesiastica

211 1446 460 1490 obtinenda
494 1446 539 1489 in
575 1446 734 1490 eadem
772 1446 969 1491 Ecclesia
1003 1451 1048 1491 et
1085 1445 1284 1491 Dioecesi
1319 1460 1460 1506 usque
1493 1447 1548 1492 ad
1578 1446 1827 1491 secundam
1861 1460 1994 1503 gene-

213 1530 454 1574 rationem.
494 1533 684 1587 Insuper
716 1530 1018 1573 interdictam
1054 1530 1238 1587 ponitur
1273 1530 1317 1573 in
1354 1544 1672 1588 percussorum
1710 1529 1857 1584 terris,
1889 1532 1936 1573 et
1957 1529 1994 1574 si

213 1612 385 1658 Civitas
421 1612 652 1671 proprium
691 1613 960 1671 Episcopum
994 1611 1227 1667 occiderit,
1272 1613 1494 1657 Catbedra
1542 1612 1814 1671 Episcopalis
1845 1611 1910 1656 ab·
1934 1626 1986 1656 ea

215 1700 481 1740 removetur
506 1697 535 1740 ¹.
572 1697 699 1750 Quod
723 1696 757 1740 si
792 1696 1044 1740 Cardinalis
1069 1710 1259 1755 persona
1285 1695 1453 1741 violata
1477 1696 1550 1751 sit,
1583 1710 1755 1755 poenae
1778 1694 1995 1753 speciales

218 1784 263 1824 et
295 1778 592 1836 gravissimae
628 1780 673 1823 in
706 1779 862 1838 Capite
899 1781 1060 1824 Felicis
1092 1780 1118 1824 5
1160 1780 1214 1823 de
1254 1782 1415 1837 poenis
1447 1782 1497 1823 in
1534 1781 1587 1823 6.
1631 1778 1828 1836 scriptae
1868 1782 1991 1833 sunt,

215 1863 378 1921 quibus
411 1862 615 1907 addenda
650 1867 718 1906 est
750 1862 1019 1907 constitutio
1068 1862 1128 1906 Pii
1158 1866 1190 1906 V
1215 1862 1229 1885 '²
1277 1862 1354 1922 qui
1386 1862 1574 1907 eaedem
1622 1877 1796 1921 poenae
1828 1863 1884 1907 ad
1916 1875 1993 1907 eos

214 1946 425 1991 extendit
456 1947 533 2006 qui
568 1947 768 1991 scienter
801 1961 893 1991 non
931 1946 1240 1991 revelaverint
1273 1946 1495 1991 elusmodi
1525 1946 1719 1991 crimina
1743 1959 1993 2006 eorumque

215 2030 597 2075 machinationes.
639 2030 890 2075 Fatendum
920 2034 1074 2074 tamen
1098 2035 1167 2073 est
1189 2030 1308 2088 quod
1333 2043 1505 2087 poenae
1528 2029 1584 2074 de
1606 2028 1769 2088 quibus
1792 2028 1837 2073 in
1863 2043 1988 2087 prae-

214 2111 336 2156 dicto
370 2112 518 2170 capite
556 2131 575 2152 α
605 2113 767 2156 Felicis
794 2130 811 2149 -ν
848 2111 1000 2168 agitur
1034 2109 1303 2168 praesertim
1337 2113 1519 2168 propter
1553 2109 1821 2154 immutatos
1844 2123 1993 2154 mores

213 2195 375 2240 saltem
412 2195 614 2240 maxima
647 2211 705 2240 ex
742 2200 867 2254 parte
903 2196 946 2239 in
982 2195 1333 2239 desuetudinem
1357 2195 1585 2239 abierunt.

334 2278 437 2322 406.
474 2284 599 2331 Quae
635 2292 743 2322 vero
778 2278 1012 2336 pertinent
1043 2277 1100 2322 ad
1132 2290 1292 2321 causas
1326 2291 1497 2334 poenae
1532 2276 1873 2335 temperandae,
1899 2276 1995 2320 ani·

218 2361 602 2406 madvertendum
635 2366 720 2416 est,
756 2374 832 2405 eas
867 2365 1047 2405 tantum
1085 2359 1255 2405 versari
1279 2361 1399 2404 circa
1424 2359 1786 2404 reservationem
1809 2373 1995 2404 excom-

218 2444 562 2490 municationis.
610 2445 865 2490 Videndum
900 2444 1054 2503 itaque
1088 2449 1178 2499 est,
1212 2442 1377 2503 quibus
1419 2443 1464 2487 in
1509 2442 1688 2487 casibus
1731 2441 1996 2487 absolvendi

219 2528 412 2572 facultas
444 2527 544 2572 aliis
577 2527 671 2583 fiat,
707 2532 753 2571 et
784 2527 972 2587 quinam
999 2525 1027 2570 ii
1050 2526 1156 2571 sint.
1194 2530 1246 2570 Et
1269 2526 1415 2584 primo
1437 2525 1620 2585 quidem
1643 2524 1908 2569 absolvendi
1932 2524 1998 2569 fa·

215 2612 360 2656 cultas
393 2611 637 2671 aliquando
670 2611 979 2656 committitur
1005 2610 1221 2667 Episcopo
1244 2614 1291 2653 et
1313 2608 1354 2653 ei
1376 2608 1454 2668 qui
1477 2607 1841 2653 iurisdictionem
1865 2607 1993 2666 quasi

215 2694 519 2754 episcopalem
548 2693 594 2738 in
640 2698 767 2739 certo
814 2692 1046 2738 territorio
1089 2693 1270 2746 habeat,
1308 2692 1400 2736 imo
1447 2694 1493 2736 et
1539 2690 1718 2735 Vicario
1762 2688 1989 2745 Generali;

215 2778 328 2823 haec
362 2791 471 2822 vero
512 2778 705 2821 facultas
737 2776 794 2821 ab
825 2775 1066 2821 Ordinario
1111 2779 1259 2833 potest
1290 2775 1433 2819 etiam
1465 2773 1566 2819 aliis
1599 2773 1794 2831 delegari
1817 2773 1851 2818 ⁸.
1892 2772 1990 2831 Epi-

337 2887 343 2905 ¹
374 2886 428 2923 Cf.
456 2887 633 2923 Thesaur.
659 2861 704 2922 de
730 2895 848 2932 poen„
878 2894 955 2932 par.
981 2884 1014 2927 2,
1041 2883 1141 2921 verb.
1168 2884 1315 2920 iniuria.

336 2958 348 2977 ¹
375 2958 534 3004 Infelicis
561 2956 604 2993 19
630 2957 711 2994 dec.
742 2956 843 2994 1569.

336 3029 348 3049 ³
377 3030 732 3072 Scamtzonunnm,
758 3027 828 3066 loc.
855 3029 928 3072 cit„
955 3037 990 3064 n.
1019 3027 1100 3064 247.
