2176 3386
0 0 539 133 ΓΜμΞἺ-*ΨὛ-ττ·
577 0 584 12 ·
613 7 622 15 ·

63 23 66 38 :
109 27 116 37 ι
157 27 162 43 ,’
282 31 299 42 -.,
367 24 369 29 “
395 25 399 27 “
433 34 442 42 ⁴-

562 159 691 188 LIBER
718 159 744 188 1.
775 131 1000 188 manneus
1028 157 1265 187 ECCLESIAE
1294 158 1622 188 smmi-munus
1903 149 1982 189 287

325 265 452 310 1264.
489 263 734 310 Ordinario
766 277 860 309 non
894 262 1002 309 licet
1032 263 1201 323 absque
1234 263 1494 322 Apostolico
1528 264 1818 322 Beneplacito
1841 266 1982 312 Semi-

203 346 385 391 narium
420 345 752 391 moderandum
786 345 967 391 tradere
998 344 1245 391 Ordinibus
1291 346 1594 404 regularibus.
1619 346 1811 408 aliisque
1850 349 1981 395 Insti-

201 429 314 474 tutis
346 413 582 487 religiosis⁷
617 433 754 488 atque
787 428 861 472 ubi
897 428 1004 488 ipsis
1035 428 1374 483 concredatur,
1410 443 1463 474 ea
1497 430 1696 475 tenenda
1745 431 1861 477 ratio
1894 436 1979 489 est,

203 515 254 556 ut
289 512 491 571 Episcopi
525 512 621 556 iura
656 513 804 571 quoad
838 511 934 557 lieri
962 516 1111 570 potest
1132 516 1254 557 sarta
1276 517 1490 572 tectaque
1523 519 1745 559 maneant
1769 516 1799 558 ¹.

326 596 452 641 1265.
490 599 627 640 Porro
663 594 866 640 Rectoris
898 595 1060 641 electio
1093 597 1147 640 ad
1183 595 1430 653 Religiosos
1477 596 1708 655 pertinet,
1734 598 1771 643 si
1795 598 1864 644 his
1907 602 1980 645 Se-

204 679 386 725 minarii
412 681 615 737 regimen
642 680 909 724 mandatum
935 680 1008 724 sit.
1037 680 1102 725 Ad
1126 680 1253 736 haec,
1281 681 1564 726 notandum:
1595 682 1633 738 1)
1655 683 1780 735 Quod
1805 684 1981 730 alumni

202 777 225 807 a
254 767 444 808 Rectore
468 763 660 821 regulari
685 762 973 820 nominandi,
999 763 1237 822 approbari
1263 764 1431 809 dehent
1464 765 1522 809 ab
1547 765 1778 825 Episcopo.
1816 772 1983 814 Rector

206 862 315 892 vero
350 851 527 904 potest,
563 847 597 891 si
635 846 775 903 velit,
812 846 1055 892 admittere
1088 847 1228 892 etiam
1261 848 1475 893 alumnos
1523 863 1614 893 non
1658 849 1978 910 dioecesanos,

201 930 275 974 sed
301 944 406 975 cum
430 930 613 975 licentia
638 930 860 988 Episcopi.
889 931 930 987 2)
958 930 1230 975 Reddituum
1255 931 1436 977 exactio
1460 937 1505 977 et
1525 932 1863 980 administratio
1887 950 1980 981 non

196 1016 432 1070 privative
477 1018 654 1071 spectat
693 1014 747 1058 ad
802 1013 1068 1072 Episcopum
1103 1028 1208 1059 cum
1243 1015 1504 1075 deputatis⁷
1541 1018 1618 1062 sed
1660 1018 1869 1077 facienda
1913 1023 1982 1064 est

200 1099 384 1139 tantum
419 1109 523 1139 cum
552 1096 916 1154 participatione,
943 1110 1168 1142 consensu
1203 1102 1249 1142 et
1275 1099 1490 1143 mandato
1516 1099 1748 1159 Episcopi:
1785 1101 1980 1159 religiosi

201 1192 310 1223 vero
332 1181 552 1222 tenentur
577 1179 801 1223 rationem
829 1180 1016 1223 reddere
1039 1194 1192 1225 coram
1222 1181 1439 1240 Episcopo
1462 1186 1508 1227 et
1529 1183 1773 1240 deputatis.
1811 1186 1852 1242 5)
1882 1187 1980 1244 Epi-

200 1273 362 1321 scopus
399 1261 466 1305 vel
491 1260 699 1306 Vicarius
722 1262 991 1320 capitularis
1014 1267 1161 1320 potest
1194 1278 1272 1322 pro
1304 1265 1447 1310 lubitu
1483 1267 1788 1313 Seminarium
1824 1269 1869 1314 in
1894 1269 1980 1328 spi-

201 1343 441 1388 ritualibus
474 1358 526 1389 ac
562 1345 886 1402 temporalibus
920 1345 1123 1390 visitare.
1160 1349 1202 1402 4)
1234 1348 1436 1406 Magistri
1464 1364 1556 1394 non
1581 1350 1788 1409 indigent
1820 1366 1979 1411 appro-

201 1426 384 1470 batione
422 1427 623 1486 Episcopi
650 1429 722 1472 vel
751 1427 914 1473 vicarii
949 1430 1232 1488 Capitularis.

327 1511 449 1555 1266.
486 1512 635 1555 Unum
679 1516 886 1570 superest
932 1514 1320 1572 expendendum,
1357 1529 1414 1560 an
1463 1516 1638 1562 scilicet
1675 1523 1720 1563 et
1752 1525 1980 1579 quatenus

201 1591 452 1637 Seminaria
489 1594 696 1651 religioso
729 1594 886 1639 Ordini
923 1597 993 1640 vel
1029 1597 1244 1642 Instituto
1278 1600 1569 1658 concredita,
1606 1616 1629 1646 a
1665 1602 1979 1649 iurisdictione

202 1675 444 1732 parochiali
480 1682 692 1734 exempta
729 1678 836 1721 sint.
883 1678 1051 1723 Pluries
1086 1680 1169 1724 hac
1203 1682 1256 1725 de
1293 1696 1337 1726 re
1371 1687 1525 1728 actum
1560 1690 1629 1729 est
1661 1687 1779 1744 apud
1818 1690 1978 1746 Congr.

203 1762 278 1817 Ep.
316 1763 361 1803 et
396 1764 501 1817 ch.
551 1764 640 1804 lam
682 1764 802 1805 Sacr.
832 1766 991 1820 Congr.
1020 1764 1034 1787 ²
1067 1764 1354 1822 declaraxst,
1391 1772 1603 1813 constare
1645 1769 1698 1813 de
1738 1771 1978 1817 Seminarii

199 1841 423 1896 libertate,
461 1857 545 1887 nec
579 1857 676 1887 esse
709 1844 858 1888 locum
894 1846 1115 1890 exercitio
1148 1848 1439 1893 functionum
1464 1864 1517 1894 ac
1541 1850 1708 1896 iurium
1745 1854 1978 1910 parochia-

200 1926 326 1970 lium.
364 1929 411 1970 In
450 1930 672 1971 Parmen.
718 1932 919 1986 exempt.
957 1943 980 1973 a
1017 1930 1172 1974 iurisd.
1220 1945 1312 1988 par.
1355 1932 1426 1977 die
1460 1934 1509 1977 21
1550 1934 1643 1979 iulii
1681 1936 1807 1993 1848,
1844 1939 1979 1983 Sacra

199 2009 294 2053 ead.
315 2011 475 2066 Congr.
505 2010 686 2067 parochi
715 2012 981 2068 petitionem
1007 2014 1207 2070 admisit7
1234 2015 1360 2060 salva
1395 2017 1632 2062 sanctione
1657 2022 1792 2064 Conc.
1822 2020 1940 2065 Trid.
1963 2021 1977 2045 ⁸

199 2096 245 2135 et
276 2095 426 2136 Const.
461 2093 662 2150 Gregorii
699 2098 795 2140 Ix'lll
835 2097 1187 2154 Circzmnspeeta.
1224 2103 1434 2144 Ceterum
1470 2103 1590 2146 Sacr.
1628 2105 1790 2160 Congr.
1826 2104 1869 2148 in
1903 2104 1978 2148 de-

199 2179 326 2218 creto
365 2175 415 2220 '15
438 2175 549 2220 iunii
579 2177 689 2222 1860
723 2192 802 2236 pro
836 2179 1036 2224 Maristis
1070 2185 1114 2225 et
1147 2183 1193 2225 17
1219 2181 1313 2226 iulii
1344 2183 1453 2228 1865
1480 2198 1559 2242 pro
1584 2186 1864 2243 Sulpitianis,
1891 2187 1976 2232 iuri

199 2258 422 2302 canonico
456 2263 501 2302 et
533 2259 734 2305 Concilio
769 2262 887 2306 Trid.
924 2263 1164 2322 derogans,
1203 2267 1469 2311 facultatem
1505 2267 1674 2313 eisdem
1700 2269 1888 2314 indulsit
1921 2271 1977 2316 ad

199 2339 474 2385 decennium
512 2361 531 2382 u
557 2343 908 2390 administrandi
932 2351 1027 2392 ‘tam
1053 2349 1202 2405 sociis⁷
1228 2364 1365 2409 quam
1394 2351 1592 2397 alumnis
1615 2352 1975 2399 Seminariorum

200 2421 408 2480 infirmis,
445 2437 624 2470 sacrum
661 2427 899 2487 viaticum,
935 2445 1020 2476 nec
1055 2445 1146 2476 non
1182 2432 1339 2478 iisdem
1375 2434 1419 2478 in
1454 2435 1646 2480 articulo
1677 2436 1837 2481 mortis
1868 2451 1975 2482 con-

199 2505 386 2563 stitutis⁷
422 2515 763 2556 sacramentum
797 2517 1035 2559 extremae
1058 2516 1308 2571 unctionis,
1334 2517 1387 2562 de
1411 2517 1595 2562 licentia
1634 2523 1790 2564 tamen
1827 2535 1974 2578 respe-

199 2588 308 2632 ctivi
342 2589 570 2635 Ordinarii
603 2606 657 2637 ac
690 2593 828 2638 salvis
860 2595 1033 2641 iuribus
1066 2599 1399 2655 parochialibus
1420 2601 1474 2644 ad
1500 2601 1694 2646 formam
1728 2616 1975 2647 sacrorum

199 2684 437 2716 canonum
485 2676 631 2733 quoad
677 2678 898 2723 funeralia
946 2682 1254 2739 absolvenda,
1303 2684 1571 2742 acceptandi
1620 2685 1677 2730 ab
1723 2686 1976 2731 Ordinariis

319 2879 324 2896 ¹
354 2879 489 2916 Bened.
517 2880 614 2923 XIV,
640 2882 693 2918 De
719 2882 800 2928 Syn.
829 2882 888 2920 lib.
915 2882 948 2926 5,
975 2893 1053 2929 cap.
1080 2883 1112 2927 2,
1140 2895 1174 2922 n.
1201 2886 1234 2921 9.

317 2949 329 2968 ’
356 2949 397 2985 In
425 2950 637 2989 Conimbrir.
664 2953 832 2999 Exempt.
861 2953 956 2991 Sem.
984 2955 1042 2991 die
1072 2955 1114 2990 12
1141 2957 1262 2992 martii
1292 2957 1394 2994 1757.

317 3020 329 3039 ³
356 3020 440 3068 Cap.
467 3022 530 3066 XI,
558 3023 654 3060 Sess.
682 3024 804 3060 XXIV
831 3025 872 3062 de
898 3026 974 3072 Res.
