2176 3386
231 190 283 230 76
905 197 1015 228 PARS
1045 199 1085 227 11.
1121 198 1177 227 De
1207 197 1344 227 nanus

232 307 476 366 Apostolici
508 307 677 367 absque
710 304 894 366 speciali
928 307 1146 353 facultate
1193 305 1365 366 possint
1396 308 1604 363 accipere
1635 305 2012 352 denuntiationes

230 391 276 436 in
312 385 505 437 materia
537 388 875 437 sollicitationis
896 391 951 436 a'd
974 388 1143 449 turpia,
1167 394 1215 434 et
1236 403 1313 444 an,
1338 388 1563 434 eiusmodi
1584 387 2013 434 denuntiationibus

229 474 453 532 acceptis,
487 477 738 519 teneantur
769 487 846 518 eas
878 473 933 518 ad
967 474 1009 517 S.
1034 471 1245 518 Officium
1279 471 1456 517 deferre
1483 490 1502 512 n
1541 471 1638 517 Emi
1675 469 2009 531 l'atres'lnqui·

228 557 390 602 sitores
422 557 683 611 Generales,
719 556 764 600 in
801 556 880 601 fer.
907 558 962 600 lV
995 556 1053 600 20
1075 554 1188 599 iunii
1211 555 1322 599 anni
1350 554 1477 611 1885,
1512 553 1881 613 respondendum
1904 543 2010 598 cen·

229 646 446 687 suerunt:
496 661 514 681 u
543 639 896 699 Supplicandum
933 639 1068 684 ssffio
1103 635 1181 697 pro
1213 639 1485 684 extensione
1523 638 1580 683 ad
1613 650 1774 682 omnes
1807 635 2013 681 vicarios

229 724 510 784 Apostolicos
558 724 880 768 instructionis
930 736 1007 780 pro
1059 721 1239 767 Vicario
1289 721 1545 779 Apostolic'o
1593 720 1867 766 Cocincinae
1920 719 2008 764 diei

232 809 247 852 l
277 808 391 853 iunii
421 808 531 852 1775
557 808 588 860 ¹,
625 821 730 851 cum
765 805 919 850 addito
953 805 1070 865 quod
1109 804 1350 850 remittant
1382 804 1437 849 ad
1473 806 1514 848 S.
1540 803 1769 858 Officium,
1805 818 1885 862 per
1917 817 2011 847 me-

349 1001 356 1018 ¹
387 998 585 1034 Instructio
612 997 692 1034 Sac.
720 996 853 1042 Congr.
882 996 958 1032 Fid.
986 996 1095 1041 Prop.
1122 996 1206 1032 data
1232 995 1380 1031 Vicat-io
1408 978 1623 1041 Apostolico
1651 994 1871 1030 Cocincinae
1900 1002 2014 1038 super

228 1070 351 1107 dubiis
378 1079 399 1105 a
426 1080 463 1105 se
491 1069 689 1115 propositis
715 1069 760 1105 de
789 1067 961 1104 mandato
988 1067 1042 1103 Pii
1072 1068 1134 1113 Pp.
1164 1066 1226 1111 Vl,
1255 1067 1291 1102 in
1318 1066 1453 1113 Congr.
1481 1067 1515 1103 S.
1544 1066 1584 1103 Ο.
1613 1066 1703 1103 iunii
1733 1066 1834 1102 1775.
1862 1065 2008 1102 Collect.

227 1152 263 1180 n.
291 1142 372 1179 949.
1278 1135 1282 1140 '
1756 1148 1758 1150 ·

346 1216 511 1252 Primum
536 1214 709 1250 Dubium.
739 1214 795 1249 An
822 1212 1043 1249 constitutio
1072 1212 1258 1248 Benedicti
1286 1211 1374 1248 XIV
1400 1211 1575 1248 adversus
1605 1211 1845 1248 sollicitantes
1872 1211 2011 1256 obliget

228 1287 339 1323 etiam
367 1286 623 1322 Missionarios
651 1285 928 1326 F1·anciscanos‚
955 1284 1017 1329 qui
1046 1284 1290 1320 ministerium
1319 1287 1495 1320 exercent
1526 1283 1562 1318 in
1593 1282 1802 1319 Cocincina.

348 1359 547 1395 Secundam
573 1358 746 1394 Dubium.
776 1358 834 1393 An
859 1357 990 1393 eadem
1018 1356 1236 1393 Constitutio
1262 1356 1434 1401 restringi
1463 1356 1588 1401 possit,
1607 1365 1650 1391 ac
1671 1355 1851 1391 moderari
1879 1355 1915 1391 in
1942 1354 2010 1391 ali-

227 1441 301 1477 quo
330 1440 417 1467 casu
445 1430 482 1466 in
508 1430 639 1466 eodem
667 1439 781 1474 regno
810 1429 1043 1466 Cocincinae.

347 1500 568 1537 Constitutio
605 1499 809 1535 novissima
835 1499 1023 1534 Benedicti
1045 1488 1138 1535 XIV
1174 1499 1280 1534 cuius
1314 1498 1457 1534 initium
1489 1503 1562 1541 est,
1590 1498 1861 1535 Sacramentum
1887 1498 2009 1534 Poeni-

228 1573 369 1613 tentiae,
388 1581 504 1616 aeque
531 1581 574 1607 ac
592 1575 735 1606 ceterae
755 1580 777 1606 a
797 1570 963 1615 pluribus
982 1569 1224 1606 Pontificibus
1243 1569 1361 1606 editae
1388 1569 1564 1606 adversus
1592 1569 1806 1606 Sacerdotes
1825 1568 1870 1605 ad
1889 1569 2008 1614 turpia

226 1643 469 1680 sollicitantes
498 1643 534 1678 in
561 1646 644 1679 actu
672 1642 952 1679 sacramentalis
979 1641 1236 1684 confessionis,
1265 1641 1320 1677 vel
1346 1641 1426 1677 eius
1453 1641 1649 1677 occasione
1676 1645 1711 1677 et
1738 1645 1947 1687 praetextu,
1974 1644 2009 1676 et

225 1723 333 1765 prout
354 1717 614 1763 praescribitur
642 1717 679 1752 in
706 1716 836 1753 iisdem
864 1715 1222 1758 Constitutionibus„
1250 1713 1365 1751 afficit
1390 1714 1558 1750 absolute
1585 1722 1620 1749 et
1645 1713 1786 1758 absque
1813 1712 1888 1749 ulla
1912 1711 2011 1748 limi-

228 1791 364 1827 tatione
390 1798 520 1826 omnes
547 1789 799 1825 confessarios
827 1788 939 1824 etiam
966 1787 1234 1832 cuiuscumque
1274 1785 1420 1822 Ordinis
1446 1790 1482 1822 et
1507 1785 1677 1827 Instituti,
1704 1785 1743 1821 in
1768 1784 2008 1830 quibuscum,-

226 1872 297 1908 que
324 1862 425 1898 orbis
452 1861 618 1907 partibus
646 1860 859 1897 huiusmodi
888 1859 1052 1896 facinora
1070 1862 1333 1904 perpetrantes.
1360 1857 1455 1893 Hinc
1480 1861 1535 1893 est
1561 1856 1659 1904 quod
1678 1856 1724 1893 ad
1742 1855 1854 1892 dubia
1882 1865 1947 1901 per
1971 1859 2006 1891 te

225 1934 427 1980 proposita,
455 1933 638 1969 Sanctitas
665 1932 750 1974 Sua,
777 1942 816 1969 re
843 1935 984 1968 mature
1013 1939 1205 1976 perpensa,
1231 1929 1276 1965 ad
1303 1930 1465 1974 primum
1490 1927 1718 1971 affirmative,
1745 1928 1792 1964 ad
1810 1927 2007 1964 secundum
2046 1918 2052 1925 “

224 2005 394 2050 negative
422 2003 623 2050 respondit.

344 2075 483 2112 Verum
520 2084 605 2111 cum
632 2083 708 2110 non
735 2073 874 2119 ubique
913 2073 1038 2109 datum
1074 2073 1120 2108 sit
1154 2072 1190 2108 in
1228 2070 1440 2109 huiusmodi
1478 2070 1599 2107 delicti
1639 2070 1927 2116 prosequutione
1965 2077 2008 2105 ea

224 2147 351 2184 omnia
376 2146 557 2183 deducere
583 2146 630 2182 ad
656 2145 801 2191 praxim
821 2154 915 2190 quae
942 2153 988 2180 ex
1015 2143 1147 2180 iisdem
1174 2142 1390 2189 apostolicis
1416 2141 1753 2179 constitutionibus
1779 2146 1815 2177 et
1842 2140 2003 2177 tribuna-

224 2219 314 2257 lium
342 2219 519 2256 institutis
546 2218 689 2254 sancita
707 2221 804 2260 sunt,
824 2217 911 2252 hinc
937 2221 993 2253 est
1018 2215 1118 2262 quod
1144 2215 1327 2252 Sanctitas
1346 2214 1430 2257 Sua,
1450 2224 1515 2260 pro
1540 2213 1676 2250 eximia
1693 2213 1885 2259 sapientia,
1904 2221 2009 2248 man·

224 2290 324 2327 davit
352 2290 417 2326 tibi
445 2290 569 2335 aliqua
595 2288 866 2335 praescribatur
899 2287 1112 2330 methodus,
1142 2287 1243 2323 iuxta
1281 2295 1391 2332 quam
1422 2286 1458 2321 in
1491 2295 1529 2321 re
1561 2284 1771 2321 huiusmodi
1809 2283 2006 2329 procedere

225 2362 345 2408 possis
373 2362 410 2397 in
436 2367 615 2407 quantum
645 2361 774 2396 harum
803 2360 998 2405 regionum
1025 2358 1324 2394 circumstantiae
1363 2357 1425 2393 tibi
1466 2357 1701 2402 permit-tent,
1728 2355 1773 2392 ad
1805 2354 2008 2401 impedien-

225 2435 335 2477 dum,
362 2434 492 2471 saltem
518 2443 564 2469 ex
592 2436 703 2478 parte,
731 2441 777 2467 ne
805 2436 877 2467 tam
919 2431 1079 2467 immane
1119 2430 1259 2466 facinus
1295 2429 1365 2466 late
1401 2432 1539 2475 serpat,
1566 2437 1687 2473 neque
1725 2427 1834 2463 altius
1865 2425 2006 2462 radices

224 2509 308 2550 agat
336 2505 373 2540 in
401 2504 602 2550 perniciem
631 2502 794 2539 fidelium
823 2502 1028 2538 animarum
1047 2505 1130 2536 tuae
1150 2510 1260 2536 curae
1278 2499 1585 2542 conci-editarum,
1612 2502 1722 2543 atque
1748 2497 1786 2533 in
1804 2495 2005 2532 maximum

224 2575 440 2613 scandalum
467 2574 677 2612 Infidelium
705 2579 740 2610 et
765 2573 1026 2610 detrimentum
1053 2572 1282 2608 Christianae
1310 2571 1514 2617 Religionis
1541 2574 1576 2606 et
1602 2569 1698 2605 fidei.

344 2648 385 2684 In
412 2647 540 2694 primis
566 2646 631 2683 tibi
660 2656 725 2692 pro
752 2645 882 2691 regula
916 2644 1117 2681 tenendum
1147 2647 1220 2686 est,
1249 2643 1347 2689 quod
1373 2643 1498 2679 omnia
1536 2643 1616 2679 iura
1644 2645 1767 2678 vetant
1791 2650 1838 2676 ne
1864 2639 1911 2676 ad
1937 2638 2007 2675 cri-

225 2720 367 2756 minum
394 2719 628 2765 punitionem
656 2717 879 2758 deveniatur,
910 2716 982 2752 nisi
1009 2715 1111 2761 prius
1139 2724 1203 2760 per
1227 2714 1466 2760 probationes
1491 2723 1514 2749 a
1538 2713 1620 2759 lege
1647 2711 1892 2758 praescriptas
1918 2719 2005 2746 con-

222 2795 293 2827 stet
318 2790 362 2827 de
389 2789 513 2826 delicti
540 2788 822 2835 perpetratione.

342 2861 374 2896 A
403 2860 483 2906 lege
524 2863 699 2897 statutum
727 2863 783 2895 est
808 2863 847 2895 ut
875 2858 1113 2904 probationes
1152 2856 1363 2893 huiusmodi
1392 2856 1597 2893 habeantur
1633 2859 1773 2891 tantum
1801 2853 1856 2890 vel
1883 2862 1929 2890 ex
1954 2852 2006 2888 rei

222 2933 468 2978 confessione,
495 2934 551 2970 vel
579 2932 816 2969 attestatione
842 2931 1003 2968 duorum
1042 2929 1172 2966 saltem
1213 2929 1359 2966 testium
1387 2928 1561 2975 probatae
1589 2927 1699 2970 fidei,
1727 2927 1788 2973 qui
1816 2926 1923 2964 dictis
1948 2924 2007 2962 vel

222 3004 339 3047 factis,
364 3004 409 3041 de
435 3004 572 3050 quibus
599 3002 853 3039 testimonium
881 3001 1016 3042 ferunt,
1042 3010 1117 3037 una
1142 3000 1252 3037 simut
1288 3004 1499 3046 praesentes
1538 2998 1700 3035 adfuisse
1739 2997 1852 3034 nitide
1882 3000 1918 3034 et
1943 2995 2006 3033 ab·

221 3074 342 3111 solute
371 3078 563 3111 testentur.
