2176 3386
782 209 912 238 LIBER
940 209 965 236 1.
996 209 1053 237 DE
1082 207 1278 237 cLEmcls
1845 197 1925 237 363

145 321 278 377 patus
307 316 498 375 adeptus
529 316 683 371 fuerit,
717 315 794 376 qui
828 316 1065 361 vocandus
1095 316 1279 376 quidem
1314 321 1400 373 est,
1426 317 1551 370 etad
1573 318 1827 364 Concilium
1851 333 1923 364 ac-

143 400 327 454 cedens,
362 398 575 457 suffragio
609 399 746 458 pollet
777 398 995 454 decisivo,
1047 399 1123 444 sed
1172 399 1388 444 accedere
1437 413 1529 444 non
1579 400 1789 458 cogitur;
1825 415 1924 447 suc-

147 497 300 530 cessor
333 483 540 542 Episcopi
575 487 674 541 post
707 481 1002 528 vocationem
1024 482 1077 526 ad
1101 481 1354 527 Concilium
1379 482 1626 537 demortui,
1654 483 1739 528 nisi
1764 488 1810 529 et
1832 485 1925 543 ipse

143 570 294 615 denuo
327 571 534 614 vocetur.

263 651 366 696 464.
403 653 614 708 Superest
645 653 696 693 ut
728 649 782 694 de
815 649 1030 707 legitimis
1062 648 1211 693 causis
1243 648 1438 704 dicatur,
1474 664 1590 708 quae
1623 664 1646 694 a
1684 651 1927 708 praedictis

145 732 497 792 obligationibus
530 737 768 788 excusant,
805 732 1024 777 nimirum
1058 746 1174 791 quae
1207 731 1316 786 sint,
1351 733 1580 791 quomodo
1613 732 1707 777 sint
1729 734 1926 791 allegan-

143 817 244 871 dae,
279 829 416 875 quam
453 815 652 860 habeant
673 815 987 860 conditionem
1021 815 1268 871 adnexam,
1294 818 1341 859 et
1363 814 1579 874 quamdiu
1606 830 1764 860 earum
1790 817 1926 862 bene-

144 898 298 945 ficium
333 899 481 943 duret.
520 902 674 958 ltaque
697 911 851 953 causa,
878 897 1148 955 utlegitima
1172 897 1246 952 sit,
1273 912 1329 942 ex
1355 898 1482 955 gravi
1510 899 1782 944 necessitate
1816 900 1923 944 oriri

143 982 294 1035 debet,
330 981 392 1025 ita
427 985 492 1035 ut,
530 982 656 1024 iuxta
681 980 885 1026 Glossam
921 981 967 1024 in
1002 993 1104 1025 can.
1136 981 1332 1034 Placuit,
1359 979 1561 1025 distinct.
1588 981 1657 1036 18,
1685 983 1825 1026 verbo
1850 988 1926 1026 Ae-

143 1065 400 1122 gritudine,
437 1063 551 1108 levis
585 1063 820 1118 febricula,
858 1064 929 1107 vel
964 1068 1099 1107 vetus
1142 1068 1367 1122 quartana
1412 1078 1503 1108 non
1547 1065 1757 1109 sufficiat.
1814 1065 1926 1110 Alle-

147 1147 268 1206 gatio
303 1147 509 1192 facienda
544 1152 613 1191 est
646 1162 725 1205 per
758 1146 913 1191 literas
946 1148 1001 1191 ad
1038 1146 1462 1205 Metropolitanum,
1497 1147 1663 1192 additis
1712 1148 1927 1205 legitimis

146 1231 500 1290 probationibus.
543 1235 649 1275 Eam
684 1231 819 1274 habet
842 1229 1154 1274 conditionem
1180 1230 1427 1285 adnexam,
1455 1235 1505 1274 ut
1528 1235 1796 1288 procurator
1820 1244 1926 1275 cum

147 1313 327 1372 speciali
365 1314 582 1358 mandato
616 1313 868 1358 mittendus
901 1312 960 1356 sit
992 1314 1045 1357 ad
1080 1327 1150 1367 ea,
1186 1327 1302 1372 quae
1335 1318 1435 1358 acta
1471 1313 1542 1358 vel
1591 1314 1775 1358 decreta
1819 1320 1926 1358 sunt

149 1397 194 1441 in
228 1397 448 1451 Concilio,
485 1396 743 1455 recipienda
770 1397 798 1439 ¹.
837 1395 1026 1440 Tamdiu
1060 1395 1258 1454 denique
1292 1401 1484 1442 excusat
1515 1396 1735 1456 quamdiu
1769 1397 1919 1455 durat,

146 1481 366 1540 adeoque,
403 1480 735 1538 impedimento
768 1483 993 1535 cessante,
1033 1479 1067 1524 is
1114 1479 1190 1538 qui
1241 1479 1370 1523 abest
1417 1479 1627 1538 compelli
1677 1484 1827 1538 potest
1871 1480 1924 1525 ad

148 1564 478 1618 accedendum,
514 1563 678 1607 additis
710 1563 849 1608 etiam
886 1563 1057 1622 poenis.

263 1649 364 1692 465.
404 1651 536 1692 Nunc
572 1661 731 1691 verum
765 1647 818 1690 ad
855 1647 1001 1704 ipsum
1036 1646 1289 1692 Concilium
1322 1646 1511 1703 gradum
1547 1647 1785 1702 facientes,
1808 1646 1928 1704 leges

143 1745 260 1790 quae
293 1730 391 1775 eius
423 1729 729 1774 celebratione
762 1730 1016 1775 servandae
1049 1734 1173 1785 sunt,
1203 1734 1293 1774 tres
1316 1729 1362 1774 in
1387 1730 1552 1774 classes
1574 1730 1924 1775 distribuemus:

147 1815 193 1859 in
226 1828 319 1870 eas,
355 1828 471 1873 quac
505 1813 692 1860 Concilii
735 1813 1090 1858 celebrationem
1139 1814 1419 1872 praecedunt
1466 1828 1519 1859 ac
1561 1814 1843 1873 disponunt3
1881 1815 1926 1859 in

145 1912 222 1943 eas
253 1912 369 1958 quae
404 1897 520 1941 idem
545 1902 650 1942 actu
675 1896 892 1941 ordinant
913 1914 922 1953 ;
948 1901 994 1942 et
1018 1897 1062 1940 in
1087 1910 1163 1942 eas
1185 1900 1301 1957 quae
1326 1897 1463 1943 linem
1489 1897 1637 1942 eidem
1663 1897 1926 1955 imponunt.

148 1980 323 2025 Priores
356 1980 475 2038 leges
510 1982 593 2023 bac
627 1981 825 2037 generali
859 1980 1177 2035 continentur,
1213 1984 1265 2023 ut
1299 1980 1622 2037 praemittatur
1644 1979 1833 2025 Concilii
1859 1980 1926 2024 in-

146 2063 284 2109 dictio
317 2063 520 2121 legitimo
557 2069 760 2121 tempore
793 2077 846 2108 ac
880 2063 1083 2121 legitimo
1120 2064 1252 2108 modo
1278 2065 1414 2108 facta.
1442 2067 1638 2121 Tempus
1660 2078 1719 2107 ex
1742 2063 1927 2108 decreto

146 2146 335 2193 Concilii
370 2146 624 2190 Tridentini
650 2146 664 2168 ²
699 2147 893 2192 recurrit
924 2147 1128 2205 quolibet
1160 2147 1323 2191 saltem
1358 2146 1574 2192 triennio.
1613 2147 1740 2193 Unde
1779 2147 1928 2206 sequi-

146 2234 222 2275 tur
252 2230 392 2275 etiam
428 2231 713 2290 frequentius
746 2230 964 2275 celebrari
1001 2245 1144 2287 posse,
1183 2231 1243 2275 ita
1280 2236 1453 2286 tamen,
1490 2235 1541 2276 ut
1580 2231 1664 2276 sub
1705 2232 1928 2279 alterutra

146 2312 411 2359 conditione
445 2313 486 2358 id
521 2314 818 2372 intelligatur,
853 2328 1104 2360 concursus
1139 2315 1353 2359 videlicet
1384 2328 1463 2359 seu
1490 2328 1742 2360 consensus
1765 2314 1928 2359 Suffra-

148 2411 415 2455 ganeorum,
453 2398 523 2442 vel
559 2397 704 2443 iustae
737 2412 917 2454 causae,
953 2413 1069 2458 quae
1102 2400 1242 2444 etiam
1277 2402 1318 2443 S.
1355 2398 1706 2457 congregationi
1739 2398 1928 2443 Concilii

149 2480 393 2538 aperienda
427 2483 510 2524 est.
550 2480 710 2526 Modus
742 2481 812 2525 his
845 2481 1087 2541 praecipue
1121 2481 1293 2539 legibus
1326 2481 1607 2526 continetur.
1667 2482 1722 2524 ct
1768 2493 1930 2525 omnes

146 2563 223 2622 qui
258 2561 354 2607 iure
390 2563 462 2607 vel
495 2563 828 2608 consuetudine
864 2564 1015 2610 vocari
1051 2564 1221 2610 debent
1255 2565 1328 2608 vel
1362 2578 1441 2623 per
1463 2563 1664 2608 edictum
1689 2563 1920 2621 generale,

150 2647 223 2692 vel
256 2646 405 2706 potius
442 2661 518 2706 per
551 2647 705 2692 literas
737 2647 926 2705 singulis
960 2647 1137 2702 missaS,
1174 2651 1417 2703 vocentur,
1445 2647 1644 2692 indicato
1669 2647 1740 2691 die
1763 2651 1809 2692 et
1831 2647 1929 2692 loco

149 2730 291 2774 futuri
326 2730 512 2776 Concilii
547 2730 578 2774 ³.
619 2733 672 2775 Ut
705 2744 934 2789 congruus
965 2732 1077 2787 dies,
1115 2732 1242 2776 iuxta
1277 2731 1595 2775 Tridentinum
1620 2730 1634 2754 ⁴
1675 2735 1775 2789 post
1806 2734 1930 2775 octa-

269 2867 276 2886 ¹
305 2867 432 2904 Pm-RA
460 2868 527 2904 loc.
547 2868 622 2911 cit.‚
642 2878 676 2903 n.
698 2868 776 2904 110.

266 2939 279 2958 ²
306 2939 402 2976 Sess
430 2939 563 2982 XXIV,
591 2939 676 2986 Cap.
704 2940 736 2975 11
764 2940 806 2976 de
831 2940 993 2986 Reform.

269 3009 281 3028 ³
302 3010 434 3046 ’Pn‘rim
459 3010 528 3047 loc.
555 3012 627 3055 cit„
654 3021 689 3048 n.
717 3010 763 3047 25
788 3021 891 3057 seqq.

267 3080 281 3101 ⁸
308 3082 405 3119 Sess.
433 3082 568 3127 XXIV,
595 3083 680 3130 Cap.
711 3083 740 3118 ΙΙ
768 3084 809 3120 de
834 3083 993 3130 Reform.

1028 0 1547 34 ⁴.1,''2⁷‚W⁵‘3r1‘43⁸¹·'*-'-‘
1564 0 1578 14 ι·
1592 0 1651 14 Ὗηι,
1692 0 1740 21 ''v-..¹
1767 0 1811 9 ··ι
1840 0 1842 9 ¹
1862 0 1887 8 ·’
1905 0 1951 15 Ἔτ’
1975 0 2050 18 .,·“·ν-
2089 0 2096 13 ι
2120 0 2161 5 ff*
