2176 3386
809 189 938 219 Lim-:n
967 189 992 218 1.
1026 189 1084 218 Dr:
1113 189 1310 219 cnssmms
1876 180 1955 221 347

159 301 398 344 Caeterum
434 295 718 355 permittitur
748 301 800 340 ut
831 295 985 340 clerici
1019 294 1291 353 dignitatem
1327 295 1560 342 Senator-is
1593 298 1667 342 vel
1690 297 1947 344 Consiliarii

163 379 384 439 Principis
415 379 661 438 accipiant,
685 393 791 425 cum
825 379 911 424 hae
942 392 1050 423 cum
1072 378 1297 436 dignitate
1319 379 1518 424 clericali
1548 361 1639 425 non
1670 386 1948 439 repugnent,

161 470 209 510 et
239 479 297 510 ex
329 465 472 510 altera
508 468 637 522 parte
672 463 896 508 Ecclesiae
940 465 1059 507 bono
1102 463 1313 508 conferre
1355 463 1542 522 possint.
1596 466 1772 509 Tamen
1820 479 1844 509 a
1893 466 1955 510 fe-

162 548 302 594 rendo
334 547 524 593 consilio
558 546 604 591 in
640 546 806 591 iudicio
839 546 1075 604 sanguinis
1109 545 1262 591 clerici
1295 559 1394 591 sese
1439 548 1720 592 abstineant.
1771 550 1866 592 Imo
1905 548 1953 593 in

163 630 391 690 praedicta
428 629 731 674 instructione
763 628 959 673 edicitur
985 647 995 674 ε
1029 629 1149 688 quod
1183 629 1218 673 si
1248 629 1462 687 Princeps
1492 630 1769 689 quandoque
1794 645 1956 676 eorum

160 713 347 760 consilia
382 712 685 772 exquisierint
719 711 901 756 nonnisi
938 711 1171 756 multoties
1206 712 1347 768 rogati
1385 717 1432 756 et
1471 711 1827 770 prohibitionem
1874 713 1950 758 ba-

164 795 306 840 bilam
341 794 514 840 causati
549 809 601 840 ea
634 795 745 839 dent
776 808 892 854 quae
941 794 1087 839 fidelia
1132 795 1226 839 sint
1273 799 1319 839 et
1364 794 1482 840 iusta
1529 795 1951 855 aeternitatemque

161 878 403 938 sapientia,
442 893 548 923 mox
583 892 692 923 vero
725 877 906 923 Curiam
944 877 1197 937 Aulumque
1231 878 1494 937 relinquant
1519 878 1549 923 ¹.

281 963 384 1007 441.
422 961 618 1006 l'ltcrius
650 961 800 1020 officia
833 961 991 1006 civilia
1024 975 1141 1020 quae
1176 976 1342 1018 nempe
1374 962 1429 1006 ad
1453 961 1613 1018 forum
1637 961 1810 1007 laicale
1833 965 1878 1006 et
1899 961 1955 1006 ad

158 1045 450 1090 saecularem
488 1044 950 1088 administrationem
976 1043 1226 1101 pertinent,
1253 1042 1428 1088 clericis
1462 1042 1686 1101 prohibita
1720 1047 1842 1087 sunt.
1878 1046 1952 1087 At-

161 1132 318 1172 tamen
352 1126 530 1171 clericis
564 1125 609 1170 in
656 1125 910 1170 minoribus
956 1125 1223 1170 constitutis
1274 1125 1488 1185 nulloque
1534 1124 1760 1170 beneficio
1807 1124 1956 1169 auctis

164 1210 364 1256 officium
401 1209 707 1268 procuratoris
739 1223 815 1253 seu
850 1209 1063 1253 advocati
1100 1209 1347 1268 aliquando
1381 1208 1426 1253 iu
1470 1210 1567 1254 loro
1595 1209 1742 1253 laicali
1769 1208 1954 1267 permit-

168 1294 282 1338 titur
313 1293 561 1338 dummodo
596 1307 686 1337 nou
722 1292 923 1337 habeant
964 1292 1062 1337 sive
1101 1307 1159 1336 ex
1201 1292 1426 1337 beneficio
1462 1292 1562 1337 sive
1602 1292 1788 1337 aliunde
1830 1306 1954 1337 com-

169 1376 301 1421 mode
353 1376 533 1431 vivant,
567 1389 620 1420 ac
667 1376 873 1433 exceptis
905 1375 1142 1433 sanguinis
1173 1376 1326 1420 causis
1347 1375 1377 1420 ².
1430 1375 1596 1421 Clerici
1637 1389 1748 1420 xero
1782 1375 1827 1419 in
1863 1389 1957 1419 ma-

166 1459 338 1503 ioribus
383 1459 622 1503 constituti
660 1460 730 1503 vel
766 1458 1043 1503 beneficiarii
1081 1458 1263 1503 nonnisi
1300 1473 1378 1517 pro
1421 1459 1610 1518 seipsis,
1648 1460 1719 1503 vel
1756 1473 1835 1516 pro
1868 1471 1949 1503 sua

170 1542 363 1588 Ecclesia
400 1543 471 1586 vcl
508 1555 586 1600 pro
621 1542 824 1599 personis
857 1541 1119 1586 coniunctis
1151 1546 1231 1586 aut
1265 1541 1598 1586 miserabilibus
1631 1540 1833 1586 officium
1872 1540 1948 1585 ad·

165 1625 314 1670 vocati
353 1626 421 1669 vel
459 1624 766 1683 procuratoris
797 1639 1014 1669 exercere
1051 1625 1221 1669 valent.
1261 1624 1559 1683 Regularibus
1594 1638 1704 1668 vero
1733 1623 1946 1668 advocati

161 1723 214 1754 ac
249 1710 556 1767 procuratoris
588 1708 788 1753 officium
824 1710 896 1753 lex
930 1708 1153 1754 canonica
1190 1723 1280 1753 uon
1316 1708 1525 1767 prohibet
1548 1722 1628 1767 pro
1655 1721 1736 1753 suo
1764 1713 1945 1752 tantum

165 1792 459 1848 Monastcrio,
496 1793 745 1837 dummodo
779 1792 846 1836 sui
881 1791 1126 1850 superioris
1161 1793 1431 1837 mandatum
1465 1792 1670 1848 accedat,
1696 1806 1750 1836 ac
1773 1791 1946 1836 ordinis

165 1876 520 1922 constitutiones
554 1889 644 1920 non
685 1876 869 1920 obstent
917 1876 948 1920 ³.
1001 1877 1085 1930 Qui
1140 1876 1339 1920 indebite
1388 1876 1589 1921 officium
1641 1875 1949 1934 procuratoris

161 1973 214 2005 ac
246 1960 456 2005 advocati
492 1959 691 2004 officium
726 1965 941 2004 exerceat
977 1960 1204 2004 Ordinarii
1255 1959 1445 2004 arbitrio
1496 1959 1646 2018 puniri
1695 1963 1859 2017 potest,
1895 1972 1948 2003 ac

165 2043 385 2088 adversae
419 2043 559 2102 partis
594 2043 812 2101 petitione
845 2058 962 2103 quae
994 2049 1097 2089 acta
1130 2049 1240 2089 suut
1275 2044 1440 2089 irritari
1479 2049 1669 2103 possunt
1691 2044 1722 2088 4.
1761 2044 1889 2098 Quod
1912 2042 1947 2087 si

167 2128 378 2173 sacerdos
409 2141 596 2173 causam
630 2132 789 2173 contra
827 2128 1074 2172 Ecclesiam
1110 2127 1155 2172 iu
1190 2142 1279 2187 qua
1313 2129 1450 2172 babet
1482 2127 1759 2173 beneficium
1791 2127 1948 2172 desen-

166 2211 259 2266 dat,
294 2210 516 2256 beneficio
550 2210 643 2269 ipso
678 2209 845 2268 privari
882 2215 1045 2270 potest,
1094 2210 1180 2255 nisi
1227 2215 1381 2256 tamen
1432 2209 1830 2267 consanguineum
1876 2210 1952 2254 de·

164 2293 361 2338 fenderit
395 2294 424 2338 ⁵.
467 2298 526 2337 De
559 2298 742 2338 caetero
776 2307 1068 2353 quocumque
1102 2293 1148 2338 in
1182 2307 1290 2339 casu
1326 2293 1606 2352 prohibitum
1631 2307 1723 2338 nou
1749 2298 1818 2338 est
1841 2306 1951 2352 quo·

166 2369 318 2415 minus
350 2370 507 2415 Clerici
542 2370 665 2415 domi
700 2383 824 2426 suae,
863 2384 976 2415 voce
1012 2372 1082 2415 vel
1116 2370 1299 2429 scriptis
1333 2371 1404 2415 vel
1438 2380 1519 2429 ‘pro
1555 2371 1617 2416 rei
1653 2369 1849 2415 veritate
1878 2370 1948 2414 vel

168 2466 247 2512 pro
279 2454 430 2513 aliqua
463 2468 521 2498 ex
556 2454 759 2512 partibus
792 2455 1075 2513 litigantibus
1106 2456 1401 2513 allegationes
1436 2456 1699 2501 conscribat
1722 2455 1752 2499 ⁶.

286 2634 295 2653 ¹
317 2634 468 2671 Collect.
490 2633 526 2671 S.
546 2635 585 2671 C.
603 2635 714 2681 Prop.
743 2634 822 2671 Fid.
839 2644 877 2671 n.
891 2634 973 2672 500.

282 2706 294 2724 ²
314 2706 518 2743 memus
546 2707 583 2742 in
609 2716 690 2752 cap.
712 2707 727 2743 1
749 2707 793 2744 de
821 2706 1054 2752 postulando.
1075 2726 1097 2733 -
1115 2707 1273 2744 Gmanni
1302 2713 1393 2753 part.
1415 2707 1437 2743 2
1466 2708 1504 2744 in
1530 2707 1690 2753 append.
1712 2707 1761 2744 ad
1781 2712 1873 2744 sect.
1896 2707 1953 2744 75.

287 2775 299 2794 ⁸
320 2775 409 2821 Cap.
428 2775 449 2811 2
468 2776 513 2813 de
534 2776 770 2823 postulando.

287 2846 299 2866 ⁷*
319 2847 540 2884 Aua-ouant
568 2847 614 2885 de
639 2848 780 2885 iuribus
805 2852 840 2884 et
867 2848 1042 2886 oneribus
1069 2849 1164 2885 Cler.
1192 2849 1233 2884 L.
1256 2848 1285 2891 1,
1313 2858 1347 2894 p.
1374 2848 1407 2891 2,
1426 2858 1505 2894 cap.
1523 2847 1583 2891 25,
1603 2858 1638 2887 n.
1656 2848 1710 2885 12.
1732 2849 1957 2891 Somnum.

175 2915 219 2953 de
245 2916 395 2963 obligat.
423 2917 532 2961 Cler„
559 2922 648 2964 part.
676 2919 710 2962 2,
735 2928 771 2954 n.
797 2919 854 2955 55.

285 2988 298 3007 ³
318 2989 525 3026 FAGNANUS
553 3000 632 3036 cap.
661 2990 682 3026 3
708 2990 752 3027 de
780 2997 877 3037 post.

287 3059 300 3079 ⁶
320 3059 437 3096 FAGN.
467 3059 496 3097 l.
514 3070 547 3098 c.
