2176 3386
510 199 639 229 Lmen
667 199 691 228 1.
730 198 787 228 DE
815 196 954 228 m-:Bus
983 193 1220 225 EccnestAE
1250 197 1576 227 SPIRITUALIBUS
1853 187 1933 226 219

151 304 392 351 novilunio
425 308 471 349 et
503 302 770 363 plenilunio,
806 307 905 348 tum
938 316 964 348 a
999 302 1212 348 litteratis
1233 307 1280 348 et
1305 303 1666 362 magistratibus,
1691 305 1799 350 dum
1834 319 1932 364 gra-

150 388 232 434 dus
263 388 362 433 sive
393 386 628 445 dignitatis
673 385 1003 445 possessionem
1052 386 1257 442 adeunt,
1294 387 1367 432 vel
1400 392 1502 445 post
1540 376 1665 432 ill'am
1698 388 1927 447 adeptam.

151 475 266 517 Item
299 470 553 515 oblationes
584 483 700 529 quae
752 468 868 513 tiunt
900 468 948 512 in
982 467 1194 527 templis,
1230 481 1311 514 seu
1343 469 1532 513 aedibus
1565 469 1932 528 progenitoribus

149 553 329 608 dicatis,
364 557 411 598 et
443 552 558 597 ritus
589 551 932 610 oblationesque
965 564 1120 595 coram
1157 551 1499 609 progenitorum
1550 551 1730 597 tabellis
1762 553 1808 598 in
1844 552 1932 611 pri·

151 635 272 681 vatis
304 635 514 681 domibus
546 634 645 680 sive
678 648 837 679 eorum
871 633 1122 691 sepulchris
1155 647 1246 679 una
1279 648 1384 680 cum
1435 635 1680 694 gentilibus
1713 640 1758 680 et
1790 635 1930 681 etiam

150 718 337 763 seorsim
372 718 429 763 ab
460 717 563 772 illis,
598 732 651 762 ac
685 715 950 775 prohibetur
981 716 1103 760 domi
1141 715 1339 762 retinere
1374 719 1718 777 progenitorum
1743 719 1932 764 tabellas

151 814 255 845 cum
291 800 590 858 inscriptione
622 813 711 858 qua
745 798 939 842 thronus
971 811 1049 842 seu
1084 799 1212 843 sedes
1246 799 1433 856 spiritus
1458 800 1739 859 designatur.

272 884 399 929 1097.
440 882 504 927 Ad
537 883 677 926 haec:
730 881 973 926 simulatae
1019 879 1302 926 infidelitatis
1349 883 1543 928 crimine
1580 897 1628 928 se
1669 897 1931 929 commacu-

149 967 245 1012 lant
277 965 508 1021 catholici,
542 964 619 1024 qui
653 967 902 1009 Turcarum
939 971 1154 1010 verentes
1201 965 1503 1011 offensionem
1547 968 1735 1025 profana
1770 982 1928 1013 eorum

147 1049 317 1107 templa
351 1049 672 1107 ingrediuntur
693 1049 1072 1107 precationesque
1093 1049 1212 1107 apud
1237 1049 1590 1095 mahumetanos
1624 1050 1670 1094 in
1707 1065 1830 1095 more
1854 1064 1931 1108 po-

148 1132 258 1177 sitas
292 1147 506 1190 peragere
541 1131 738 1190 fingunt,
776 1135 822 1175 et
855 1132 909 1175 ad
945 1132 1106 1176 funera
1139 1132 1405 1178 deducenda
1430 1135 1812 1178 mahumetanum
1849 1133 1930 1177 mi-

148 1217 344 1261 nistrum
379 1216 625 1271 advocant,
654 1220 703 1258 ut
738 1215 809 1259 vel
845 1215 926 1272 ipsi
953 1214 1026 1260 vel
1057 1215 1262 1260 defuncti
1296 1231 1320 1260 a
1356 1217 1466 1261 falsa
1500 1222 1623 1262 secta
1659 1231 1750 1262 non
1787 1231 1931 1262 reces-

147 1300 257 1346 sisse
280 1299 607 1345 existimentur
630 1300 662 1344 ¹.
699 1300 970 1344 Nullatenus
995 1313 1104 1344 vero
1128 1299 1264 1345 licere
1288 1300 1552 1345 christianis
1574 1305 1704 1345 actus
1727 1300 1931 1359 publicos

147 1385 297 1428 cultus
330 1388 409 1428 aut
443 1383 732 1427 reverentiae
764 1383 964 1428 tribuere
998 1382 1133 1439 idolo,
1172 1389 1412 1442 praetextu
1447 1386 1521 1429 vel
1555 1385 1815 1431 intentione
1853 1401 1930 1432 eos

145 1473 276 1511 actus
308 1467 361 1511 ad
396 1470 586 1512 Crucem
620 1466 860 1524 dirigendi,
895 1480 1033 1525 quam
1069 1467 1140 1511 vel
1191 1481 1329 1511 manu
1374 1473 1557 1526 gestant
1592 1470 1662 1514 vel
1708 1470 1752 1514 in
1796 1471 1927 1516 altari

150 1551 270 1595 inter
302 1551 435 1596 llores
467 1550 755 1601 abscondunt
778 1550 804 1594 ².

269 1635 393 1680 1098.
432 1633 633 1693 Denique
660 1633 943 1678 damnantur
974 1635 1051 1692 qui
1087 1634 1336 1679 immolatis
1376 1641 1587 1693 utuntur,
1623 1639 1809 1697 quique,
1845 1639 1928 1683 im-

147 1722 335 1777 perante
384 1717 552 1762 infideli
602 1717 837 1775 principe,
873 1716 1229 1764 christianorum
1279 1720 1447 1778 templa
1482 1726 1726 1778 evertunt,
1765 1724 1836 1768 vel
1870 1738 1927 1769 ex

143 1813 260 1857 equo
292 1799 577 1843 descendunt
600 1800 707 1844 dum
742 1805 850 1844 ante
883 1802 1003 1844 fores
1036 1800 1194 1859 templi
1229 1801 1451 1846 idolorum
1484 1807 1728 1849 transeunt
1753 1806 1785 1850 ⁸.

268 1883 392 1927 1099.
429 1883 515 1937 Qui
550 1888 727 1928 vestem
764 1884 977 1939 induunt,
1012 1898 1128 1943 quae
1163 1899 1220 1929 ex
1254 1899 1335 1930 usu
1385 1892 1567 1945 recepto
1600 1893 1646 1931 et
1679 1890 1928 1948 approbato

146 1965 285 2010 falsae
318 1970 470 2009 sectae
503 1967 720 2010 asseclam
758 1967 830 2010 vel
866 1967 1003 2012 falsae
1040 1967 1270 2025 religionis
1312 1968 1578 2014 ministrum
1627 1971 1869 2029 designant
1892 1973 1922 2016 t.

143 2049 386 2106 Gregorius
419 2063 529 2094 vero
563 2053 677 2104 XIV,
717 2050 846 2094 Brevi
880 2051 986 2095 dato
1019 2051 1073 2095 ad
1109 2051 1358 2097 l’rimatem
1395 2057 1647 2099 Armenum
1685 2061 1812 2100 vetat
1861 2071 1927 2102 re-

145 2132 304 2176 novari
339 2132 554 2192 antiquos
587 2136 892 2178 Armenorum
928 2133 1057 2190 ritus,
1083 2149 1279 2194 quorum
1315 2136 1730 2193 irnmutatiol'acta
1755 2143 1824 2184 est
1847 2154 1926 2185 an·

144 2215 392 2260 nuentibus
429 2217 673 2274 Episcopis,
709 2218 762 2261 ad
797 2218 1047 2262 catholicos
1079 2218 1136 2262 ab
1169 2219 1413 2264 haereticis
1446 2220 1789 2267 discernendos.

265 2300 391 2344 1100.
430 2300 494 2344 20.
534 2301 596 2344 Ad
630 2301 883 2346 secundum
926 2303 1045 2361 quod
1089 2303 1282 2359 attinet,
1320 2303 1495 2349 scilicet
1529 2306 1590 2349 'ad
1629 2306 1926 2352 omissionem

144 2383 216 2427 vel
250 2387 568 2441 contemptum
602 2388 790 2429 actuum
826 2399 962 2430 verae
986 2386 1233 2444 religionis,
1259 2388 1541 2433 damnantur
1574 2394 1673 2433 tum
1706 2393 1781 2449 qui
1816 2391 1926 2435 dum

143 2466 301 2511 diebus
332 2467 612 2512 solemnibus
657 2468 819 2514 missae
863 2469 1087 2515 sacrificio
1136 2471 1398 2529 intersunt,
1434 2474 1718 2518 adstantium
1757 2488 1815 2519 ex
1849 2489 1925 2519 cu-

143 2549 349 2594 riositate
390 2554 639 2596 'furcarum
685 2553 992 2611 praesentiam
1036 2553 1205 2610 veriti,
1241 2560 1379 2613 caput
1425 2571 1518 2601 non
1552 2557 1803 2615 detegunt,
1840 2571 1925 2602 nec

142 2631 326 2690 signant
358 2647 405 2677 se
438 2634 587 2679 crucis
619 2634 765 2692 signo,
800 2635 1125 2696 abstinentque
1158 2653 1183 2682 a
1217 2638 1382 2683 ceteris
1415 2639 1667 2684 catholicae
1692 2639 1924 2698 religionis

263 2777 270 2796 ¹
300 2778 334 2814 S.
362 2777 398 2814 C.
425 2778 504 2815 Fid.
530 2779 637 2825 Prop.
665 2779 812 2816 decreto
839 2780 909 2817 diei
932 2781 975 2818 15
996 2781 1134 2818 ianuar.
1163 2782 1264 2818 1774.
1286 2803 1329 2808 -
1354 2783 1424 2819 Cfr.
1452 2784 1556 2820 Decr.
1584 2784 1618 2821 S.
1645 2783 1683 2821 C.
1710 2785 1819 2830 Prop.
1846 2785 1923 2823 Fid.

144 2851 187 2887 19
214 2851 321 2887 Febr.
351 2851 452 2887 1774.
479 2851 630 2888 Collect.
657 2862 692 2888 11.
721 2852 824 2889 1655.

260 2922 272 2940 ²
299 2922 333 2959 S.
361 2922 396 2959 C.
425 2923 505 2960 Fid.
532 2923 639 2969 Prop.
666 2924 762 2961 decr.
791 2924 835 2961 12
861 2930 952 2971 sept.
982 2925 1086 2962 1645.

262 2993 274 3013 ³
301 2994 335 3031 S.
364 2994 432 3031 Un.
458 2995 535 3041 Inq.
565 2995 667 3033 1674.

261 3063 275 3084 ⁸
303 3067 337 3103 S.
364 3065 432 3103 Un.
461 3066 540 3113 lnq.
567 3066 590 3103 8
616 3066 695 3104 iulii
726 3067 826 3104 1650.

758 0 804 18 νζ
828 0 1247 31 -.·.''!r-,=m⁴x·'.:w-s.e:31..*·f·*
1261 0 1402 26 wsma-
1420 0 1474 24 77
1490 0 1562 12 ”⁴2
1577 0 1670 21 ww*
1687 0 1691 2 ’
1708 0 1727 23 ·,
1755 0 1850 17 2⁴³«ss-
1887 10 1891 14 -
1931 5 1956 12 ··
1991 0 1994 1 ’
