2176 3386
232 190 312 230 220
877 201 988 230 PARS
1016 202 1039 229 1.
1076 202 1133 230 DE
1162 201 1373 230 PERsoms

236 309 491 355 Innocentii
528 314 563 354 X
597 310 836 355 duodecim
873 310 1128 367 regulares,
1163 323 1359 367 quorum
1402 309 1564 353 saltem
1612 312 1716 353 octo
1757 310 2016 355 sacerdotes

233 393 451 438 existant.

355 477 829 521 Animadvertendum
862 480 1019 521 tamen
1053 480 1121 520 est
1158 477 1194 532 1)
1223 478 1428 520 mentem
1464 476 1502 520 S.
1537 476 1662 520 Sedis
1694 476 1739 520 in
1773 476 2014 522 subiicien-

233 561 301 606 dis
332 561 574 606 Ordinario
610 560 762 619 parvis
796 560 1071 617 regularium
1108 559 1313 603 virorum
1347 558 1671 614 conventibus,
1708 573 1799 604 non
1833 573 1886 603 eo
1918 572 2016 617 spe-

234 648 359 688 ctare
393 649 443 687 ut
484 642 752 687 Ordinarius
797 656 903 687 cum
951 641 1003 685 iis
1043 645 1149 698 agat
1183 640 1368 699 perinde
1411 655 1464 685 ac
1497 641 1531 684 si
1566 645 1719 685 essent
1760 642 2016 686 sacerdotes

233 728 513 784 saeculare83
551 727 628 771 sed
662 726 852 770 omnino
888 732 935 769 at
970 727 1017 769 in
1047 727 1213 781 parvis
1245 725 1544 781 reyalariam
1577 727 1790 768 vz'rorum
1820 738 2014 769 conven-

235 811 351 854 tibus
378 813 455 867 pie
487 815 528 853 ec
560 810 772 866 religiose
804 810 994 852 odoacar
1031 809 1162 866 (quae
1197 811 1335 851 verba
1369 811 1477 851 sunt
1504 811 1630 851 Decr.
1658 806 1917 852 Innocentii
1942 808 2010 864 X).

237 894 406 939 Idcirco
439 907 515 938 eos
547 892 844 936 omnimodae
878 891 1192 935 im‘z'sdiotioni
1241 890 1494 934 Ordinarii
1536 890 1635 944 loci,
1672 895 1915 948 tamquam
1942 903 2016 934 sa-

230 991 317 1034 per
348 977 430 1021 hoc
464 991 493 1021 a
527 978 637 1020 Sede
671 975 926 1032 Apostole'ca
958 974 1173 1030 deleyatz',
1207 974 1352 1030 plane
1379 975 1429 1016 in
1472 973 1684 1016 omnibus
1727 973 1915 1017 subiecit
1962 985 2018 1017 ac

232 1062 431 1106 sabditos
463 1074 553 1104 esse
586 1061 860 1104 declaravit.
900 1063 1056 1117 Itaque
1089 1057 1301 1102 eumdem
1338 1057 1469 1114 plane
1504 1056 1641 1100 finem
1676 1055 1814 1100 habet
1846 1057 2017 1114 regula-

235 1145 354 1189 rium
395 1143 632 1201 exemptio
668 1143 725 1188 ab
766 1142 1021 1187 Ordinariis
1062 1156 1115 1186 ac
1155 1141 1421 1186 eorumdem
1466 1140 1715 1195 subiectio,
1760 1140 2015 1184 custodiam

236 1242 400 1286 nempe
433 1227 699 1285 disciplinae
733 1226 966 1284 regularis.
1026 1224 1501 1269 Animadvertendum
1541 1225 1582 1276 2)
1609 1223 1757 1282 quoad
1797 1223 2018 1268 conditio·

236 1326 341 1356 nem
375 1313 487 1355 certi
524 1310 703 1355 numeri
739 1310 1070 1368 religiosorum,
1107 1313 1324 1365 exceptas
1357 1321 1454 1352 esse
1489 1321 1654 1365 parvas
1685 1307 1844 1351 domos
1877 1306 1924 1350 in
1955 1306 2018 1350 lo-

235 1395 299 1440 cis
332 1395 620 1450 missionum,
656 1408 768 1453 quas
801 1394 857 1438 ab
888 1392 1143 1438 Ordinariis
1175 1396 1414 1450 exemptas
1447 1404 1543 1435 esse
1567 1390 1819 1435 declaravit
1843 1389 2017 1436 Consti-

237 1478 351 1523 tutio
385 1476 628 1522 Romanoa
652 1478 892 1536 Pontifices
925 1476 1043 1520 edita
1077 1489 1101 1539 a
1148 1479 1295 1519 Leone
1330 1478 1409 1518 Pl).
1447 1478 1561 1529 XIII,
1608 1477 1925 1532 praeterquam
1972 1473 2016 1517 in

235 1564 414 1610 casibus
447 1578 471 1608 a
507 1563 603 1607 iure
638 1561 915 1606 nominatim
945 1559 1173 1618 expressis
1206 1563 1251 1602 et
1285 1557 1537 1615 generatim
1575 1558 1619 1601 in
1662 1557 1715 1602 iis
1753 1571 1869 1616 quae
1911 1571 2017 1602 con-

236 1651 435 1692 cernunt
482 1661 641 1691 curam
690 1646 950 1689 animarum
1001 1649 1047 1688 et
1094 1646 1492 1687 sacramentorum
1548 1639 2013 1685 administrationem.

235 1731 433 1785 Quinam
471 1744 579 1773 xero
613 1729 706 1773 sint
739 1741 870 1773 casus
903 1728 948 1771 in
983 1726 1147 1786 quibus
1181 1740 1237 1769 ex
1278 1725 1374 1769 iure
1418 1725 1647 1782 exempti,
1697 1723 2018 1781 Episcoporum

236 1812 539 1858 iurisdictioni
574 1811 893 1866 subiiciantur,
929 1812 975 1874 et
1006 1810 1196 1868 quinam
1241 1808 1267 1851 ii
1317 1807 1363 1852 in
1406 1807 1570 1866 quibus
1612 1808 1668 1852 ab
1709 1807 1868 1851 eodem
1913 1810 2022 1850 sunt

237 1897 484 1951 immunes,
520 1895 804 1954 quadruplex
838 1894 1018 1938 docebit
1051 1892 1281 1951 appendix
1315 1892 1416 1936 heic
1440 1891 1659 1935 subiecta.

990 2115 1210 2162 Appendix
1238 2115 1265 2151 l.

628 2254 748 2303 Quae
781 2251 1028 2293 Concilium
1066 2250 1373 2290 Tridentinum
1404 2248 1629 2303 Episcopis

461 2330 691 2385 permittat
723 2329 765 2370 in
798 2332 1021 2382 exemptos
1052 2331 1278 2380 tamquam
1310 2327 1385 2380 Ap.
1417 2325 1540 2367 Sedis
1571 2325 1791 2379 deleqatis.

362 2479 399 2522 1.
438 2481 633 2522 Possunt
664 2478 938 2535 compellere
974 2476 1167 2520 Abbates
1199 2476 1275 2534 qni
1310 2475 1552 2532 negligunt
1583 2473 1823 2518 instituere
1866 2473 2020 2518 lectio-

243 2576 349 2607 nem
382 2575 538 2607 sacrae
571 2562 825 2618 scripturae
859 2560 903 2604 in
942 2558 1247 2618 monasteriis,
1283 2558 1358 2602 ubi
1393 2558 1633 2603 commode
1676 2557 1772 2602 fieri
1815 2562 1963 2616 potest
1986 2557 2018 2601 ¹.

360 2646 400 2689 2.
440 2643 779 2701 Metropolitani
830 2647 1020 2701 possunt
1067 2641 1340 2699 compellere
1389 2640 1585 2685 Abbates
1634 2639 2018 2685 monasteriorum

242 2727 411 2773 nullius
443 2726 663 2772 dioecesis
697 2726 741 2771 in
776 2740 933 2771 eorum
972 2724 1221 2784 provinciis
1255 2739 1347 2769 non
1388 2728 1604 2769 curantes
1648 2727 1697 2767 ut
1739 2722 2023 2781 praedicetur

242 2810 287 2855 in
322 2810 526 2856 ecclesiis
558 2809 908 2868 parochialibus,
943 2822 1059 2868 quae
1092 2810 1149 2852 ab
1181 2808 1279 2852 istis
1312 2805 1604 2852 monasteriis
1625 2805 1886 2865 dependent
1907 2805 1940 2848 ².

363 2978 372 2997 ²
402 2978 488 3025 Cap.
518 2978 541 3021 I,
569 2978 665 3014 Sess.
693 2977 724 3014 V
751 2967 796 3013 de
824 2976 983 3013 Reform.

361 3051 373 3069 ²
400 3050 486 3095 Cap.
514 3050 546 3085 II
571 3049 688 3086 eiusd.
715 3049 824 3092 sess,
849 3052 864 3088 ἐ
891 3048 928 3084 Si
953 3058 1055 3094 qaae.
