2176 3386
294 200 375 240 230
938 207 1049 237 PARS
1078 208 1103 236 1.
1133 207 1190 237 DE
1219 207 1431 237 mansonis

412 320 483 364 50.
529 319 688 373 Quoad
733 319 1016 364 erectionem
1065 317 1503 364 confraternitatum
1554 316 1652 362 sine
1702 330 1929 363 consensu
1982 318 2074 377 epi·
2151 378 2155 381 Δ

292 401 466 460 scopi¹.

408 485 479 529 51.
517 485 674 540 Quoad
706 485 1102 530 constructionem
1135 482 1459 538 oratoriorum,
1496 483 1571 528 vel
1603 483 1911 542 cappellarum
1943 483 1990 528 in
2012 484 2075 528 lo·

291 568 356 613 cis
386 582 481 613 non
514 568 742 626 exemptis
773 568 872 613 sine
905 567 1094 613 licentia
1133 566 1355 625 Episcopi,
1381 570 1428 611 et
1451 566 1809 612 celebrationem
1833 566 2076 612 missarum

291 649 339 695 in
374 650 550 707 iisdem,
585 650 720 696 aliter
750 650 1044 706 constructis,
1086 662 1376 709 quocumque
1418 653 1652 707 tempore,
1700 654 1745 694 et
1788 649 2076 708 potissimum

291 738 498 792 tempore
531 734 755 791 generalis
790 732 1073 788 interdicti2‚
1109 731 1244 777 sicuti
1283 736 1330 777 et
1370 731 1519 791 quoad
1564 731 1852 790 punitionem
1896 736 2079 790 propter

292 816 647 861 celebrationem
682 816 846 861 missae
881 817 927 859 in
962 814 1172 860 oratoriis
1207 813 1397 872 privatis
1430 815 1782 858 domicellorum
1810 814 1968 859 diebus
1999 828 2076 859 ex—

293 899 461 957 ceptis,
498 900 571 944 vel
607 904 845 957 postquam
887 898 1047 942 eadem
1090 898 1162 942 die
1204 897 1291 941 fuit
1331 895 1499 941 ibidem
1539 897 1628 941 iam
1673 897 1900 941 celebrata
1942 896 2078 941 unica

296 983 449 1038 missa,
486 983 532 1026 in
567 982 824 1039 Apostolico
858 981 1035 1024 indulto
1069 979 1336 1024 concessa³.

413 1065 809 1119 Quemadmodum
845 1069 1031 1122 propter
1062 1063 1343 1107 erectionem
1377 1062 1534 1107 altaris
1569 1063 1820 1121 portatilis,
1856 1062 1903 1106 in
1945 1063 2080 1107 domo

216 1148 219 1152 ’
297 1148 599 1207 privatorum,
636 1151 686 1191 ut
718 1146 777 1190 ibi
812 1146 1064 1201 celebrent,
1101 1152 1147 1190 et
1183 1145 1410 1189 viaticum
1456 1145 1722 1190 ministrent
1765 1145 1973 1203 religioso
2012 1144 2098 1189 in·-

295 1231 427 1276 firmo
459 1230 557 1274 sine
594 1229 816 1288 Episcopi,
854 1230 926 1273 vel
962 1229 1145 1287 parochi
1180 1227 1419 1273 licentia&

415 1315 484 1359 52.
523 1313 679 1368 Quoad
712 1311 1070 1357 declarationem
1111 1311 1166 1355 de
1210 1311 1398 1355 incursu
1442 1311 1488 1355 in
1528 1310 2077 1365 excommunicationem,

296 1398 331 1443 si
364 1399 534 1457 absque
567 1397 752 1441 licentia
790 1395 1011 1454 Episcopi,
1050 1396 1121 1439 vel
1154 1395 1340 1453 parochi
1375 1395 1747 1440 ministraverint
1790 1394 1915 1438 laicis
1957 1394 2080 1438 infir-

298 1482 400 1538 mis,
435 1482 575 1526 etiam
610 1479 948 1538 hospitantibus
982 1479 1025 1523 in
1060 1493 1219 1523 eorum
1253 1479 1578 1534 conventibus,
1617 1478 1870 1532 viaticum,
1916 1481 1963 1522 et
2002 1491 2080 1522 ex-

298 1572 493 1610 tremam
531 1565 799 1610 unctionem
821 1565 849 1608 ³.

417 1651 488 1694 55.
525 1648 682 1702 Quoad
716 1647 1005 1706 punitionem
1049 1650 1232 1704 propter
1271 1645 1640 1690 sollicitationem
1684 1645 1731 1689 in
1774 1643 2079 1698 confessione,

298 1733 430 1779 sicuti
465 1733 500 1777 si
534 1731 776 1777 docuerim
810 1730 1098 1788 poenitentes
1138 1743 1229 1774 non
1263 1728 1410 1773 teneri
1445 1729 1501 1774 ad
1533 1728 1941 1773 denunciationem
1975 1740 2080 1772 con-

305 1818 478 1863 fessarii
513 1815 803 1862 sollicitantis
822 1814 853 1858 ⁶.

419 1902 490 1946 54.
527 1899 684 1953 Quoad
715 1911 877 1942 causas
912 1897 1067 1941 fidei&

419 1984 489 2029 55.
527 1982 683 2038 Quoad
717 1980 937 2024 iudicium
971 1979 1279 2035 subeundum,
1325 1979 1361 2024 si
1403 1982 1576 2037 degunt
1613 1982 1745 2023 extra
1786 1975 2080 2031 monasteria,

301 2068 478 2113 ratione
511 2066 682 2120 delicti,
718 2069 999 2119 contractus,
1036 2067 1083 2109 et
1115 2063 1196 2119 rei,
1232 2065 1286 2108 de
1319 2077 1408 2123 qua
1446 2061 1622 2120 agitur:
1664 2061 1775 2105 item
1819 2059 1969 2119 quoad
2009 2073 2101 2103 co·-

423 2279 430 2297 ¹
461 2279 584 2314 Const.
609 2276 806 2313 Clementis
835 2276 920 2311 VlIl
949 2276 1201 2320 Quaecumque
1231 2274 1250 2309 7
1279 2272 1473 2309 Decembr.
1503 2270 1603 2313 1604,
1630 2275 1643 2311 ἓ
1671 2270 1704 2307 2.

422 2351 434 2370 ’
461 2351 547 2396 Cap.
574 2350 596 2386 4
627 2350 851 2386 Auctoriiate
877 2348 921 2385 de
948 2348 1038 2393 priv.
1067 2347 1105 2382 in
1131 2346 1163 2382 6.

423 2423 435 2442 ³
461 2409 617 2459 Decreto
654 2422 787 2467 Congr.
826 2421 936 2456 Cone.
978 2420 1014 2454 in
1052 2418 1294 2464 Neapolitana
1332 2417 1377 2453 50
1411 2416 1496 2453 Maii
1527 2413 1639 2458 1699,
1676 2419 1712 2450 et
1749 2423 1796 2450 ex
1833 2413 1979 2450 decreto
2012 2411 2087 2448 Cle·

303 2501 415 2533 ment.
435 2495 485 2532 XI
511 2495 555 2531 de
582 2493 760 2530 Oratoriis
788 2491 949 2538 privatis,
979 2491 1156 2534 Quoniam
1183 2489 1309 2525 Sancta
1338 2487 1381 2523 15
1409 2486 1598 2524 Decembr.
1627 2485 1731 2522 1705.

421 2566 435 2587 ⁸
460 2567 615 2602 Decreto
642 2565 775 2610 Cougr.
803 2564 913 2600 Cone.
942 2563 980 2598 in
1006 2562 1203 2598 Messanen.
1231 2559 1277 2596 28
1303 2559 1401 2605 Sept.
1432 2557 1534 2595 1698.

422 2638 434 2658 ¹¹
460 2637 691 2674 Clementina
708 2637 722 2671 I
742 2635 909 2682 Reliqiosi
926 2634 970 2671 de
990 2634 1093 2679 priv„
1113 2638 1148 2669 et
1166 2632 1276 2669 etiam
1295 2630 1466 2677 pluribus
1484 2629 1795 2666 declarationibus
1816 2628 1948 2674 Congr.
1975 2627 2084 2664 Conc.

305 2713 342 2748 in
369 2711 519 2748 Nullius
546 2709 589 2746 19
616 2709 713 2754 Sept.
743 2707 831 2744 1657
860 2707 898 2743 in
925 2706 1042 2743 Crem.
1068 2705 1112 2741 27
1139 2705 1246 2741 Febr.
1276 2703 1368 2740 1645
1406 2704 1443 2740 in
1481 2703 1623 2749 Ripana
1657 2701 1679 2738 5
1706 2701 1812 2738 Febr.
1846 2699 1960 2743 1694,
1986 2703 2020 2736 et
2047 2698 2086 2735 in

302 2783 415 2829 Neap.
441 2782 464 2817 5
490 2781 585 2818 Iunii
614 2780 716 2817 1710.

423 2853 436 2872 ⁶
462 2853 572 2898 Greg.
600 2852 667 2888 XV
698 2851 862 2888 Universi
888 2850 1055 2887 dominici
1079 2849 1126 2886 50
1153 2848 1309 2895 Augusti
1339 2846 1441 2891 1622,
1469 2851 1505 2883 et
1531 2847 1619 2883 Ben.
1646 2845 1731 2881 XlV
1760 2846 1924 2882 Sacram.
1951 2841 2083 2879 Poenit.

307 2926 324 2962 1
352 2926 430 2962 Iun.
459 2923 561 2960 1741.

424 2995 437 3015 ⁷
463 2995 559 3031 Trid.
586 3005 665 3041 cap.
694 2994 726 3030 11
752 2993 850 3030 Sess.
876 2993 920 3030 V.
946 2992 992 3029 de
1018 2991 1200 3036 Reform,
1225 2994 1262 3028 et
1286 2999 1332 3027 ex
1358 2993 1476 3027 const.
1504 2987 1608 3025 Pauli
1636 2987 1669 3023 V
1699 2987 1887 3023 Romanus
1918 2983 2086 3030 Pontifex
2128 3007 2143 3037 2
2168 3037 2176 3046 .

2133 3044 2147 3068 2
2167 3055 2176 3075 c

308 3067 325 3103 1
354 3067 452 3113 Sept.
484 3066 586 3109 1606,
613 3071 649 3102 et
673 3076 718 3102 ex
744 3065 804 3101 cit.
831 3068 948 3101 const.
975 3062 1145 3110 Gregorii
1171 3059 1252 3098 XV.
2093 3074 2176 3386 ,Μ
