2176 3386
502 157 631 186 LIBER
660 157 685 185 1.
721 157 777 185 DE
808 156 946 185 m-:Bus
976 156 1213 185 ECCLESIAE
1242 156 1578 186 SPIRITUALIBL'S
1882 146 1946 187 95

147 266 479 324 Speculatores,
517 267 616 308 tum
640 277 700 308 ex
722 261 857 307 dictis
877 261 1058 306 abunde
1080 264 1264 307 constat
1288 279 1326 305 n.
1366 261 1492 306 Unde
1525 261 1652 320 origo
1687 263 1847 308 matris
1875 266 1937 308 ad

144 348 360 394 effectum
396 346 647 406 recipiendi
679 344 863 391 ordines
897 358 988 389 non
1021 344 1312 402 suffragatur.

263 431 364 476 805.
401 429 551 475 Tertia
585 443 722 475 causa
756 427 1054 474 subiectionis
1093 431 1163 472 est
1203 428 1493 472 domicillam
1541 432 1720 473 certum
1754 442 1808 473 ac
1840 433 1936 474 sta--

145 515 247 560 bile.
284 515 501 559 Attamen
526 512 563 557 si
586 512 869 558 ordinandus
900 526 925 556 e
957 512 1059 578 loco
1089 511 1277 569 originis
1309 525 1362 557 ea
1401 515 1553 557 aetate
1587 511 1815 569 digressus
1851 513 1935 570 sit,

142 611 231 657 qua
263 596 444 656 aliquod
484 595 868 654 impedimentum
913 594 1186 640 contrahere
1224 594 1454 653 potuerit,
1490 596 1565 640 vel
1597 595 1685 641 alio
1717 595 1816 641 loco
1849 611 1938 655 per>

142 680 355 726 accidens
389 694 469 738 per
500 677 703 723 notabile
752 682 933 736 tempus
983 680 1079 735 (sex
1131 690 1313 723 menses
1360 678 1560 735 circiter)
1614 683 1936 724 commoratus

143 764 296 819 fuerit,
333 768 446 808 tunc
481 761 816 808 testimoniales
841 761 1046 820 Episcopi
1069 761 1258 819 originis
1289 762 1601 822 domiciliique
1631 763 1937 809 accidentalis>

141 846 288 892 eidem
323 845 610 891 necessariae
634 850 758 889 sunt.
796 847 931 890 Aetas
962 847 1118 890 autem
1145 845 1199 888 ad
1236 844 1624 903 impedimentum
1649 846 1928 891 contraben-

140 932 248 976 dum
283 945 429 989 capax
463 934 533 975 est
553 944 624 986 ea,
651 942 770 989 quae
793 929 1087 988 septennium
1111 929 1324 975 excessit.
1365 930 1428 975 Ad
1452 931 1789 990 adquirendum
1817 945 1936 976 vero

140 1012 299 1058 stabile
332 1013 633 1068 domicilium,
668 1012 798 1056 iuxta
832 1015 990 1057 Innoc.
1028 1015 1104 1057 XII
1138 1015 1290 1058 Const.
1327 1013 1598 1072 requiritur,
1636 1017 1687 1057 ut
1718 1013 1820 1073 quis
1854 1014 1926 1058 vel

145 1098 182 1153 l)
219 1111 299 1155 per
331 1095 607 1141 decennium
638 1096 803 1148 ,saltem
838 1095 883 1139 in
918 1109 972 1140 eo
1004 1096 1103 1140 loco
1136 1100 1450 1140 commoratus
1483 1096 1559 1151 sit,
1598 1098 1672 1142 vel
1706 1099 1747 1154 2)
1785 1098 1934 1143 maio-

140 1194 238 1225 rem
271 1194 426 1225 rerum
460 1194 513 1224 ac
547 1180 772 1224 bonorum
807 1192 995 1224 suorum
1028 1183 1206 1237 partem
1240 1193 1346 1224 cum
1379 1181 1611 1225 extructis
1643 1181 1832 1226 aedibus
1866 1181 1927 1227 ibi

139 1263 357 1321 posuerit,
383 1276 437 1307 ac
460 1262 647 1320 insuper
680 1261 740 1306 ibi
766 1275 845 1319 per
867 1261 1196 1307 considerabile
1219 1266 1402 1320 tempus
1435 1269 1752 1308 commoratus
1786 1265 1926 1310 fuerit

139 1350 186 1390 et
218 1345 479 1390 iuramento
521 1358 654 1389 suum
691 1349 911 1403 perpetuo
945 1344 1110 1389 ibidem
1146 1345 1448 1402 permanendi
1494 1346 1703 1391 animum
1738 1348 1934 1392 demon·

138 1426 405 1472 straverint.

257 1510 358 1554 804.
395 1509 567 1554 Poterit
599 1514 755 1554 autem
779 1509 880 1569 quis
912 1510 1195 1555 domicilium
1230 1515 1411 1556 mutare
1436 1525 1490 1556 eo
1515 1511 1624 1567 fine,
1650 1515 1702 1555 ut
1733 1512 1791 1556 ab
1826 1512 1926 1570 Epi·

138 1606 273 1652 scopo
314 1593 422 1637 novi
454 1592 674 1637 domicilii
710 1598 1040 1651 promoveatur
1071 1596 1126 1638 ad
1160 1593 1370 1649 ordines,
1406 1608 1520 1654 quos
1557 1594 1801 1653 Episcopus
1838 1596 1932 1640 ori·

137 1675 254 1735 ginis
286 1675 456 1720 iniuste
490 1675 752 1733 denegavit.
790 1678 1002 1720 Ceterum
1035 1675 1120 1721 etsi
1154 1676 1256 1735 quis
1288 1676 1394 1732 duo,
1430 1677 1506 1721 vel
1542 1677 1671 1735 plura
1695 1677 1925 1723 domicilia

136 1759 295 1817 legalia
320 1759 506 1804 insimul
533 1759 676 1818 possit
699 1758 923 1814 obtinere,
948 1763 1155 1804 attamen
1183 1760 1239 1804 ad
1262 1760 1479 1805 ellectum
1510 1760 1814 1805 ordinationis
1836 1761 1933 1806 duo

138 1844 211 1888 vel
250 1843 377 1901 plura
417 1842 645 1888 domicilia
696 1842 972 1887 simultanea
1021 1843 1234 1901 componi
1286 1857 1378 1888 non
1422 1847 1614 1902 possunt
1651 1844 1698 1888 in
1732 1843 1933 1889 diversis

136 1922 441 1979 dioecesibus,
476 1922 580 1982 quia
615 1937 673 1968 ex
709 1922 886 1967 duabus
928 1923 1269 1968 conditionibus
1301 1925 1358 1969 ab
1392 1924 1664 1970 Innocentio
1699 1928 1776 1970 xn
1816 1938 1925 1969 mox

136 2005 391 2061 recensitiS,
426 2006 588 2051 ambae
622 2005 874 2051 convenire
908 2011 1145 2066 nequeunt
1179 2007 1224 2051 in
1258 2008 1464 2062 duobus,
1506 2009 1575 2052 vel
1610 2007 1815 2066 pluribus
1846 2008 1930 2053 do·

137 2087 334 2134 miciliis.
384 2089 576 2143 Quando
611 2094 740 2148 pater
772 2090 960 2134 domum
994 2090 1289 2148 originariam
1324 2091 1518 2146 deserit,
1554 2094 1601 2136 et
1640 2091 1686 2135 in
1720 2090 1921 2136 alienam

136 2171 386 2231 digreditur
417 2173 680 2228 dioecesim,
716 2173 867 2233 ibique
901 2173 1054 2219 fixerit
1075 2175 1249 2229 sedem,
1275 2174 1392 2219 bona
1427 2174 1612 2230 emerit,
1637 2180 1684 2219 et
1706 2189 1786 2233 pro
1819 2174 1930 2220 cive·

136 2269 182 2300 se
216 2260 359 2314 gerat,
384 2256 421 2301 si
454 2256 572 2301 iilius
599 2271 613 2299 x
629 2256 709 2301 elit
732 2257 992 2315 promoveri
1026 2257 1082 2302 ad
1112 2257 1295 2302 ordines
1319 2258 1377 2303 ab
1402 2258 1621 2316 Episcopo
1645 2258 1780 2302 huius
1801 2258 1930 2304 dioe-

136 2340 277 2395 cesis,
315 2342 358 2385 S.
394 2344 556 2398 Congr.
593 2343 730 2386 Conc.
768 2341 910 2397 iubet,
946 2346 998 2386 ut
1028 2342 1085 2387 ad
1117 2356 1329 2387 normam
1367 2343 1732 2389 lnnocentianae
1765 2347 1920 2390 Const.

134 2423 447 2469 iuramentum
495 2424 707 2480 emittat,
743 2438 790 2470 se
825 2438 933 2470 vere
978 2430 1020 2470 el
1066 2425 1250 2470 realiter
1291 2425 1501 2471 animum
1550 2427 1718 2472 habere
1751 2427 1919 2472 ibidem

135 2506 435 2564 permanendi
461 2507 491 2552 ¹.
539 2511 587 2552 ln
622 2521 744 2552 novo
776 2507 1006 2553 domicilio
1038 2507 1247 2566 eligendo
1279 2508 1531 2554 iuramenti
1568 2508 1816 2568 praestatio
1849 2524 1927 2555 re·

133 2589 331 2649 quiritur
362 2590 459 2636 sive
492 2605 518 2635 a
552 2595 698 2649 patre,
735 2604 841 2636 cum
874 2591 994 2636 filius
1016 2591 1061 2635 in
1088 2591 1255 2637 minori
1286 2596 1440 2639 aetate
1472 2597 1519 2638 et
1555 2593 1640 2638 sub
1673 2593 1813 2651 patris
1845 2607 1930 2651 po·

134 2677 300 2719 testate
333 2678 421 2729 est,
457 2673 556 2719 sive
590 2674 648 2719 ab
680 2674 777 2732 ipso
810 2674 918 2730 lilio,
951 2675 1135 2734 quando
1167 2680 1238 2721 est
1269 2675 1338 2720 sui
1371 2676 1497 2721 iuris.

253 2757 354 2818 805,
392 2759 562 2810 Quarta
597 2770 735 2802 causa
769 2756 1066 2803 subiectionis
1096 2763 1166 2803 est
1198 2758 1515 2815 familiaritas
1549 2772 1655 2803 cum
1684 2759 1925 2817 Episcopo,

135 2840 382 2885 dummodo
425 2840 731 2886 ordinandum
771 2854 852 2898 per
883 2841 1136 2887 triennium
1170 2842 1215 2887 in
1250 2856 1332 2888 suo
1380 2843 1571 2888 servitio
1604 2856 1761 2890 secum
1810 2844 1926 2889 reti—

254 3021 261 3038 “
292 3021 334 3056 In
361 3021 604 3057 Tarraconen.
635 3021 720 3057 ord.
751 3020 795 3056 18
820 3030 896 3066 apr.
924 3021 1029 3058 1744.
