2176 3386
227 127 306 168 302
901 141 1011 171 PARS
1040 142 1081 172 11.
1114 143 1172 171 DE
1200 142 1339 173 uenus

228 251 384 291 autem
418 248 652 306 supposito
684 248 1007 305 fundamento,
1042 250 1193 307 plures
1224 250 1409 310 quidem
1442 256 1551 296 sunt
1588 253 1712 298 modi
1743 253 1908 313 quibus
1939 254 2010 300 ius

228 334 500 387 patronatus
531 330 705 390 acquiri
739 344 1009 377 concessum
1041 337 1140 390 est3
1175 332 1251 378 alii
1286 332 1506 380 nimirum
1539 337 1812 392 oriyinarii‚
1845 336 2010 396 quibus

227 410 335 456 illud
373 411 519 470 primo
552 418 873 471 comparatur;
918 414 993 458 alii
1028 415 1292 471 derivativi,
1327 415 1492 475 quibus
1523 417 1800 462 transfertur
1831 421 1878 462 et
1910 433 2008 477 pro-

230 501 421 553 pagatur
455 497 499 541 in
534 497 662 542 alios.

351 580 477 625 1294.
520 583 792 638 Oriqz'narii
820 581 1039 640 distingui
1074 587 1263 641 possunt
1307 583 1351 627 in
1394 585 1665 629 ordina-rios
1697 589 1743 630 et
1774 587 1821 630 in
1853 593 2008 633 extra·

227 662 513 707 ordinarios.
551 666 689 708 Porro
722 664 777 709 de
810 664 1053 710 ordinariis
1084 666 1399 724 quaerendum
1440 671 1534 711 est:
1583 668 1628 712 1⁰
1660 667 1850 726 quinam
1890 668 2004 726 sint;

227 746 276 790 2⁰
309 760 427 805 quae
460 747 553 791 sint
584 747 706 805 leges
738 749 1005 793 eorumdem
1042 750 1263 807 propriae.
1302 753 1459 809 Itaque
1491 750 1708 796 ordinarii
1733 755 1825 796 tres
1848 766 2007 797 nume-

228 835 391 874 rantur
422 829 551 875 iuxta
598 832 801 876 Glossam
838 831 883 876 in
923 834 1030 889 Cap.
1075 833 1162 888 26,
1198 846 1333 877 causa
1378 834 1461 888 16,
1496 839 1673 893 quaest.
1709 835 1763 890 7,
1799 835 2003 881 scilicet:

231 915 268 967 l)
305 912 542 971 fundatio,
579 929 697 973 quac
730 913 782 959 fit
813 914 1027 960 donando
1062 915 1254 960 fundum
1290 930 1381 962 non
1415 917 1600 974 quidem
1618 917 1904 976 simpliciter,
1929 918 2005 963 sed

226 1011 280 1041 eo
314 997 403 1041 line
439 1002 488 1041 ut
520 997 711 1042 ecclesia
746 997 806 1041 ibi
842 997 1060 1056 legitime,
1097 998 1140 1043 id
1174 1004 1243 1043 est
1275 999 1500 1045 Ordinarix'
1546 1001 1822 1045 auctoritate
1853 1000 2006 1046 aedili-

226 1082 418 1138 celu1·¹;
471 1084 512 1137 2)
552 1083 828 1141 aedificatio,
864 1097 981 1147 quae
1014 1082 1064 1126 lit
1099 1083 1170 1127 vel
1206 1097 1374 1128 novam
1406 1083 1622 1141 erigendo
1656 1086 1729 1130 vel
1761 1085 2006 1143 collapsam

226 1165 468 1210 ecclesiam
496 1165 780 1211 restituendo
804 1171 989 1225 sumptu
1014 1180 1095 1211 suo
1119 1167 1365 1226 debitoque
1385 1181 1490 1211 cum
1515 1167 1741 1212 ordinarii
1765 1181 1952 1213 assensu
1972 1168 2004 1224 2;

226 1248 268 1305 5)
306 1248 492 1303 dolatio,
517 1262 633 1306 quae
667 1247 717 1292 [it
738 1248 1012 1306 assignando
1046 1249 1264 1294 ecclesiae
1289 1249 1491 1294 redditus
1521 1263 1699 1294 annuos
1730 1249 2008 1294 sufficientes

228 1345 307 1389 pro
342 1331 611 1375 necessariis
644 1331 847 1376 eiusdem
883 1332 1039 1376 usibus
1086 1346 1379 1391 congruaque
1414 1331 1731 1376 ministrorum
1779 1335 2006 1376 sustenta·

223 1413 350 1458 tione
374 1413 413 1470 ³3
450 1414 522 1458 vel
556 1414 758 1458 eiusdem
796 1415 1001 1459 nondum
1044 1414 1325 1459 sufficienter
1362 1415 1545 1459 dolatae
1578 1414 1730 1459 dotem
1776 1428 1916 1473 usqne
1949 1415 2003 1459 ad

224 1497 546 1542 sufficientiam
597 1498 836 1556 augendo,
872 1499 1121 1542 dummodo
1169 1503 1470 1555 augmentum
1521 1498 1816 1542 medietatem
1867 1497 2006 1542 totius

223 1580 341 1625 dotis
374 1581 585 1635 excedat,
621 1585 758 1639 atque
790 1581 1017 1626 ordinarii
1052 1582 1242 1626 accedat
1274 1594 1525 1626 consensus
1552 1581 1584 1624 ⁸.

348 1666 472 1709 1295.
513 1669 648 1722 Leges
680 1665 735 1708 ad
768 1665 991 1710 eiusmodi
1027 1665 1184 1710 modos
1216 1664 1481 1723 acquirendi
1513 1663 1582 1708 ius
1605 1669 1873 1722 patronatus
1904 1677 2002 1722 per-

227 1747 451 1803 tinentes,
488 1748 573 1792 hac
619 1749 888 1807 praecipuae
927 1754 1059 1793 sunt:
1119 1750 1156 1805 1)
1193 1748 1391 1802 Quilibet
1425 1763 1503 1806 per
1535 1761 1582 1792 se
1615 1751 1683 1792 est
1716 1760 1852 1791 causa
1886 1747 2002 1790 inte-

222 1831 358 1888 gralis
392 1831 502 1877 iuriS
536 1838 804 1890 patronatus
838 1833 899 1877 ita
936 1838 1090 1877 tamen
1126 1838 1176 1876 ut
1200 1833 1292 1877 vim
1327 1845 1457 1876 suam
1493 1846 1585 1876 non
1618 1835 1794 1885 exerat,
1823 1829 1908 1875 nisi
1933 1844 2002 1875 ec-

222 1914 359 1958 clesia
397 1915 597 1972 perfecte
633 1914 722 1959 iam
756 1914 1034 1970 constituta,
1078 1915 1192 1959 idest
1226 1916 1314 1959 iam
1359 1916 1547 1959 fundata
1583 1919 1628 1959 et
1661 1919 1924 1959 constructa
1958 1919 2004 1959 et

221 1997 376 2040 dotata
420 1998 492 2041 sit.
545 1999 585 2053 ⁶2)
624 1996 665 2040 Si
702 1997 851 2055 piures
884 1997 930 2042 in
963 1998 1165 2057 quolibet
1197 2012 1256 2042 ex.
1290 1998 1434 2042 tribus
1467 1997 1613 2042 modis
1644 1997 1778 2042 simul
1812 2011 2002 2042 concur-

224 2086 344 2135 rant,
381 2080 495 2124 idcst
530 2081 599 2124 vel
640 2081 686 2124 in
721 2081 1028 2126 construenda
1063 2081 1135 2126 vel
1172 2082 1216 2126 in
1258 2081 1489 2125 fundanda
1524 2081 1596 2124 xel
1634 2080 1679 2124 in
1701 2080 1899 2125 dotanda
1933 2095 2002 2125 ec-

221 2164 377 2219 clesia,
413 2178 577 2208 omnes
608 2164 789 2222 patroni
830 2164 962 2209 fiunt.
1014 2166 1056 2223 5)
1092 2165 1246 2218 Quoad
1296 2163 1536 2208 ecclesiam
1587 2161 1872 2220 collegiatam
1922 2177 2001 2207 seu

221 2249 598 2302 conventualem,
625 2248 731 2292 licet
758 2247 897 2292 ceteri
932 2249 1144 2303 honores,
1170 2247 1412 2306 dequibus
1447 2251 1599 2305 postea
1634 2246 1878 2291 dicendum
1914 2252 1998 2301 est,

223 2335 520 2389 patronorum
553 2332 719 2390 proprii
746 2331 989 2389 praedictis
1014 2331 1158 2376 modis
1189 2330 1362 2389 acquiri
1389 2330 1578 2389 possint,
1605 2329 1673 2374 ius
1697 2334 1848 2374 lamen
1876 2343 2000 2388 prae-

221 2416 433 2461 sentandi
468 2416 523 2460 ad
557 2417 863 2474 praelaturam
898 2415 1101 2460 eiusdem
1137 2415 1296 2474 nequit
1327 2414 1499 2474 acquiri
1537 2414 1619 2458 nisi
1666 2412 1899 2474 pontificio
1934 2412 1999 2457 in-

221 2501 347 2546 dulto
379 2501 628 2546 accedente
653 2501 683 2545 ⁵.

341 2720 351 2739 ¹
381 2720 724 2757 ScnnALzoaossfflen
752 2720 822 2756 hoc
851 2721 902 2756 til.
929 2730 966 2756 n.
992 2720 1049 2762 52,
1076 2719 1121 2756 54
1147 2725 1184 2756 et
1209 2720 1265 2756 56.

339 2791 352 2809 ’
380 2791 726 2827 δοειΜΑιιῦιωΕΒΕη
751 2791 820 2828 loc.
847 2800 877 2827 c.
904 2801 942 2827 n.
969 2790 1026 2835 553
1054 2792 1336 2828 Rssmmusrum.
1362 2801 1398 2827 n.
1426 2792 1445 2828 7
1473 2801 1574 2837 seqq.

340 2861 353 2880 ³
379 2861 506 2898 Canon
532 2862 635 2898 Finis
660 2862 716 2905 51,
744 2871 858 2898 causa
885 2862 939 2906 16,
966 2869 1108 2908 quaest.
1135 2863 1167 2898 7.

340 2932 353 2952 ²
380 2933 728 2971 SchALanussssEn
754 2934 823 2970 loc.
850 2943 879 2970 c.
908 2943 943 2971 n.
970 2933 1016 2970 55
1041 2939 1077 2970 et
1101 2934 1145 2970 57
1172 2934 1219 2971 ad
1245 2934 1301 2971 61.

341 3003 353 3022 ³
381 3005 466 3049 Cap.
493 3005 606 3042 Nobis
630 3005 676 3041 25
705 3005 738 3041 h.
767 3009 801 3047 t.;
829 3005 1176 3042 Scumttzonunnm
1202 3005 1271 3042 loc.
1298 3014 1330 3042 c.
1356 3015 1392 3041 n.
1417 3004 1472 3042 44.
