2176 3386
211 166 292 207 440
854 174 964 203 PARS
993 174 1018 203 1.
1052 173 1109 201 DE
1137 171 1348 202 Pensoms

333 281 434 328 568.
472 281 538 327 Ab
569 281 655 326 hac
688 279 886 339 generali
921 280 1229 339 prohibitione
1262 278 1582 338 excipiuntur:
1628 279 1666 335 1)
1691 278 1988 335 ordinarius,

211 366 288 427 qui
322 364 654 411 monasterium
688 363 863 422 ingredi
900 364 1067 422 poterit
1090 363 1338 408 comitatus
1371 362 1526 421 paucis
1559 361 1699 422 iisque
1736 361 1996 407 senioribus

212 463 266 494 ac
298 446 770 506 religiosispersonis,
807 445 1087 490 visitationis
1118 458 1254 491 causa
1300 448 1380 489 aut
1413 443 1710 488 necessitatis.
1760 443 1806 488 Ei
1836 446 1993 489 autem

214 534 306 575 non
341 530 446 575 licet
479 528 672 587 ingredi,
707 533 759 573 ut
792 528 1090 587 particulares
1129 527 1351 572 moniales
1384 526 1637 582 examinet,
1672 527 1746 571 vel
1779 525 1992 571 electioni

214 614 478 660 Abbatissae
503 612 687 671 praesit,
712 612 786 657 vel
814 616 865 656 ut
889 615 1234 656 sacramentum
1259 609 1623 655 confirmationis
1645 609 1936 654 administret
1960 610 1992 654 ¹.

214 695 810 756 2)Exeipiuntu1›=1³raela·ti
848 696 1115 753 Regulares,
1150 695 1314 755 quibus
1362 693 1536 752 ingredi
1585 693 1862 739 monasteria
1910 692 1993 738 sibi

214 780 419 826 subiecta
467 779 749 837 permittitur
780 780 920 824 semel
957 779 1002 823 in
1037 792 1177 834 anno,
1214 777 1401 823 adscitis
1447 777 1718 837 quibusdam
1756 776 1996 821 venerabi-

214 864 331 909 libus
364 863 475 909 viris
508 862 804 921 regularibus.
842 862 971 915 Quod
1004 861 1040 906 si
1076 861 1122 905 in
1157 862 1318 906 eodem
1366 875 1489 905 anno
1522 873 1635 918 opus
1668 858 1867 904 habeant
1902 860 1994 916 plu-

216 949 304 992 ries
336 961 388 992 ea
423 945 657 1001 visitandi,
693 945 827 989 debet
874 944 1048 1002 ingredi
1085 944 1157 988 vel
1204 958 1310 988 cum
1347 943 1595 1002 Episcopo,
1633 943 1705 987 vel
1748 951 1859 986 'cum
1908 941 1994 985 alia

217 1044 406 1090 persona
442 1032 498 1075 ab
532 1029 750 1088 Episcopo
784 1028 1061 1086 deputanda.
1099 1028 1140 1083 5)
1172 1026 1474 1085 Excipiuntur
1505 1024 1795 1081 Confessarii,
1822 1025 1897 1084 qui
1929 1025 1995 1069 in·

216 1113 338 1173 gredi
375 1117 564 1172 possunt
595 1112 651 1157 ad
684 1115 973 1157 sacramenta
1008 1110 1203 1155 infirmis
1238 1110 1559 1164 ministranda,
1593 1108 1770 1168 quoties
1803 1108 2001 1153 dabatur

216 1196 355 1252 sanis,
381 1195 454 1241 vel
478 1195 533 1240 ad
557 1194 974 1239 commendandam
1008 1194 1213 1238 animam
1251 1191 1563 1248 morientium,
1588 1192 1665 1236 sed
1687 1205 1868 1250 semper
1890 1205 1993 1235 cum

216 1278 355 1335 socio,
390 1279 466 1337 qui
499 1277 558 1322 sit
590 1276 806 1335 probatae
840 1275 965 1321 vitae
999 1281 1044 1320 et
1079 1280 1286 1320 maturae
1321 1275 1509 1331 aetatis3
1545 1274 1583 1318 is
1615 1278 1769 1319 autem
1811 1287 1999 1318 manere

216 1363 350 1407 debet
383 1361 429 1405 in
463 1359 816 1406 eamonasterii
867 1364 1011 1418 parte,
1048 1373 1135 1418 qua
1175 1359 1489 1404 Confessorem
1539 1357 1693 1402 videre
1731 1361 1778 1401 et
1809 1357 1866 1401 ab
1903 1356 2001 1414 ipso

219 1445 364 1491 videri
398 1459 579 1503 semper
627 1443 765 1502 possit
789 1443 819 1487 ².
858 1443 1027 1502 Nequit
1059 1447 1214 1487 autem
1249 1442 1562 1488 confessarius
1595 1441 1716 1486 intro
1748 1454 1795 1485 se
1828 1440 2001 1485 inferre

218 1529 288 1573 vel
338 1528 394 1572 ad
429 1526 650 1571 moniales
699 1526 1001 1584 sepeliendas,
1037 1526 1109 1570 vel
1159 1525 1213 1569 ad
1247 1524 1467 1584 exequias
1515 1524 1810 1582 peragendaS,
1852 1537 2001 1582 neque

217 1611 271 1657 ad
307 1611 442 1656 cellas
475 1609 811 1654 benedicendas
843 1609 1031 1653 sabbato
1053 1612 1231 1662 sancto,
1257 1619 1405 1667 neque
1434 1607 1488 1652 ad
1513 1605 1839 1651 exorcizandas
1871 1620 1999 1650 ener-

223 1706 445 1751 gumenas
479 1705 627 1751 neque
651 1691 705 1736 ad
740 1690 925 1736 missam
965 1690 1303 1735 celebrandam.
1341 1692 1552 1735 Ceterum
1587 1688 1632 1732 in
1669 1686 1898 1746 permissis
1930 1702 2004 1732 ca-

217 1777 340 1822 sibus
372 1775 651 1834 ingrediens,
673 1778 796 1819 recta
821 1774 896 1819 via
931 1779 976 1819 et
1001 1774 1170 1834 absque
1203 1773 1477 1819 diverticulo
1510 1772 1574 1817 ire
1597 1786 1650 1816 ac
1674 1771 1818 1816 redire
1850 1771 1998 1815 debet.

220 1864 376 1920 Neque
426 1862 574 1918 potest
622 1859 666 1902 in
706 1858 987 1903 monasterio
1039 1857 1338 1903 refectionem
1389 1870 1587 1911 sumere,
1624 1855 1708 1900 nisi
1759 1870 1815 1900 ex
1865 1858 2001 1899 cansa

220 1943 439 2001 longioris
472 1956 628 1987 morae
652 1942 683 1986 ³.

339 2028 439 2072 569.
478 2029 593 2071 Sunt
640 2029 876 2084 praeterea
927 2038 1147 2083 personae
1179 2023 1329 2078 aliae,
1364 2036 1558 2082 quarum
1603 2021 1870 2066 adiumento
1905 2025 2000 2064 Mo-

219 2111 362 2156 niales
403 2109 627 2167 indigent,
663 2122 778 2168 quae
818 2111 976 2152 tamen
1001 2106 1196 2165 ,admitti
1233 2105 1278 2150 in
1315 2105 1646 2150 monasterium
1682 2118 1774 2148 non
1814 2100 2009 2161 possunt

219 2194 388 2253 absque
415 2191 621 2251 Episcopi
645 2190 799 2246 venia,
826 2193 872 2234 et
897 2190 933 2234 si
967 2188 1301 2234 monasterium
1335 2189 1490 2233 subest
1525 2186 1833 2245 Regularibus,
1863 2185 2003 2230 etiam

221 2275 474 2336 Superioris
506 2274 704 2332 Ordinis,
739 2274 824 2318 nisi
860 2272 1113 2331 periculum
1146 2272 1205 2316 sit
1238 2271 1284 2315 in
1321 2286 1463 2316 mora.
1501 2272 1629 2315 Tales
1653 2283 1871 2328 personae
1894 2283 2002 2313 cen-

222 2364 384 2406 sentur
417 2358 529 2403 fabri
555 2356 762 2413 murarii‚
790 2355 985 2411 ferrarii,
1012 2354 1192 2413 lignarii
1221 2359 1330 2411 etc.,
1358 2358 1538 2413 praeter
1570 2352 1798 2398 medicum
1832 2355 1878 2396 et
1910 2351 2005 2396 chi-

221 2440 648 2500 rurgum,adhibita
683 2439 897 2485 cautione
920 2441 973 2483 ut
1004 2437 1232 2496 eligantur
1266 2436 1353 2481 viri
1388 2435 1563 2495 probati
1599 2440 1696 2480 tum
1729 2437 1880 2479 aetate
1905 2437 2006 2478 tum
2070 2457 2080 2466 -

219 2524 352 2570 bonis
386 2522 603 2568 moribus.
642 2526 734 2566 Hae
769 2534 990 2580 personae
1023 2534 1116 2565 non
1157 2524 1347 2578 possunt
1381 2532 1477 2563 esse
1512 2518 1556 2562 in
1594 2516 1872 2562 monasterio
1905 2519 2007 2574 post

221 2621 454 2662 occasum,
492 2606 564 2651 vel
597 2609 706 2650 ante
757 2604 863 2649 solis
895 2607 1067 2659 ortum,
1103 2606 1298 2661 excepto
1348 2600 1540 2656 medico,
1575 2600 1786 2658 chirurgo
1819 2603 1865 2644 et
1897 2613 2005 2644 con·

222 2688 428 2736 fessario.
467 2687 670 2732 Licentia
714 2690 872 2731 autem
906 2684 1042 2730 toties
1073 2685 1222 2729 danda
1257 2687 1341 2740 est,
1376 2683 1554 2743 quoties
1586 2695 1698 2741 opus
1737 2680 1890 2737 fuerit,
1927 2695 2008 2726 ex-

343 2896 353 2915 ¹
383 2898 416 2934 S.
444 2895 579 2941 Congr.
605 2894 725 2940 Episc.
752 2898 787 2930 et
814 2894 889 2931 RR.
916 2893 954 2929 in
978 2892 1093 2938 Neap.
1120 2891 1141 2928 6
1168 2892 1257 2928 iunii
1288 2891 1389 2928 1601.

343 2967 356 2985 ²
382 2967 499 3004 Atax.
527 2966 572 3009 ΙΙ,
600 2965 722 3002 Const.
748 2965 869 3002 Felici.

343 3037 357 3057 ³
383 3038 464 3076 Sac.
492 3038 624 3083 congr.
651 3037 773 3083 Episc.
799 3040 834 3072 et
860 3037 950 3082 Reg.
978 3035 1017 3071 in
1045 3035 1235 3072 Pistorien.
1262 3036 1295 3071 et
1322 3033 1463 3070 Praten.
1489 3031 1510 3068 2
1536 3031 1655 3069 martii
1691 3030 1791 3068 1855.
