2176 3386
242 205 319 246 162
916 213 1027 243 PARS
1055 214 1096 242 11.
1126 213 1184 242 DE
1214 212 1352 242 REBUS

241 337 305 368 se.
342 322 470 368 Unde
502 326 693 381 patruus
731 324 778 366 et
810 333 968 378 nepos,
1003 318 1123 364 filius
1155 322 1203 364 et
1223 331 1353 364 soror
1373 318 1532 377 patris,
1556 317 1887 377 consanguinei
1916 321 2032 364 sunt

241 405 288 449 in
312 404 515 450 secundo
538 402 679 462 gradu
707 403 737 447 ¹.

361 489 462 534 956.
503 492 638 533 Porro
670 485 1051 544 consanguinitas
1082 485 1205 529 inter
1236 484 1350 529 duas
1382 496 1599 542 personas
1631 486 1782 542 potest
1814 496 1913 529 esse
1945 484 2031 530 du-

243 573 346 631 plex
379 586 437 618 ex
471 571 713 630 multiplici
747 570 922 629 capite:
978 570 1016 625 1)
1055 572 1119 613 Ex
1152 582 1206 613 eo
1237 567 1358 627 quod
1390 572 1499 612 sunt
1530 568 1620 612 duo
1653 567 1855 626 stipites:
1900 571 1952 612 ut
1987 567 2029 612 si

241 655 331 701 duo
378 656 543 700 fratres
584 653 864 699 contrahant
896 666 1003 697 cum
1037 651 1213 696 duabus
1246 649 1432 695 feminis
1464 650 1587 694 inter
1626 662 1674 694 se
1719 649 2029 706 consobrinis,

242 739 370 784 liberi
404 752 460 783 ex
495 737 566 783 his
597 737 774 782 duobus
806 735 1031 794 coniugiis
1064 734 1160 779 nati
1196 738 1334 778 erunt
1355 733 1402 777 in
1427 732 1629 778 secundo
1651 732 1792 791 gradu
1815 746 1874 778 ex
1897 736 2033 791 parte

243 827 443 883 patrum,
479 825 525 866 et
558 821 604 866 in
637 819 775 866 tertio
809 820 948 876 gradu
982 833 1038 864 ex
1076 822 1203 877 parte
1229 821 1459 874 matrum;
1484 820 1532 862 et
1553 821 1665 861 tunc
1688 816 1907 862 dicuntur
1929 829 2033 862 esse

243 907 288 952 in
323 906 542 962 secundo,
578 909 625 950 et
655 904 793 949 tertio
826 917 882 948 ex
917 902 1095 947 duobus
1127 900 1358 959 stipitibus
1381 900 1412 945 ².
1449 901 1490 955 2)
1522 903 1585 944 Ex
1619 913 1673 944 eo
1697 899 1817 959 quod
1840 900 1948 944 licet
1968 898 2028 943 sit

242 1003 363 1035 unus
394 989 551 1048 stipes,
586 988 643 1032 ab
674 1002 728 1032 eo
761 986 1096 1031 descendentes
1127 983 1250 1028 inter
1281 997 1329 1028 se
1353 983 1648 1028 matrimonia
1672 985 2031 1037 contraxerunt,

243 1088 300 1119 ex
333 1073 499 1133 quibus
531 1073 628 1117 nati
661 1071 740 1116 filii
774 1069 1017 1128 dupliciter
1055 1071 1165 1112 sunt
1207 1066 1555 1124 consanguinei.
1603 1069 1717 1112 Cum
1760 1069 1915 1110 autem
1958 1069 2035 1110 est

242 1158 410 1215 duplex
444 1154 854 1213 consanguinitas,
903 1155 1019 1197 tunc
1061 1155 1130 1196 est
1171 1163 1353 1210 quoque
1394 1149 1563 1206 duplex
1606 1147 2032 1207 impedimentum,

242 1239 363 1299 quod
395 1238 593 1296 exprimi
627 1237 762 1282 debet
784 1237 829 1280 in
854 1235 1077 1294 petitione
1101 1231 1456 1291 dispensationis
1479 1232 1510 1276 ³.
1549 1232 1591 1290 5)
1614 1230 1835 1289 Cognatio
1860 1231 2030 1289 duplex

243 1323 390 1368 oritur
421 1320 561 1365 etiam
596 1334 654 1365 ex
688 1320 774 1364 hoc
805 1319 925 1378 quod
959 1317 1103 1361 Titius
1146 1330 1204 1361 ex
1239 1329 1382 1360 uxore
1420 1316 1462 1359 1³
1496 1318 1542 1359 et
1574 1329 1631 1359 ex
1666 1327 1809 1358 uxore
1841 1314 1887 1358 2²
1921 1327 2033 1359 con-

244 1404 494 1462 sanguinea
529 1403 705 1460 primae
739 1401 950 1447 habuerit
996 1401 1163 1445 liberos
1186 1400 1227 1456 ⁸3
1281 1400 1354 1444 vel
1401 1399 1445 1454 4)
1481 1412 1535 1442 ex
1572 1411 1625 1441 eo
1657 1396 1777 1456 quod
1809 1396 1899 1441 duo
1921 1409 2034 1441 con-

245 1488 484 1547 sanguinei
517 1502 574 1532 ex
608 1487 785 1532 duobus
817 1484 1178 1543 consanguineis
1209 1482 1325 1527 filios
1359 1479 1705 1540 procreaverint
1728 1479 1757 1523 ⁵.

364 1573 465 1618 957.
503 1575 553 1616 In
587 1569 862 1628 cognatione
897 1567 1095 1613 naturali
1121 1566 1298 1625 primus
1320 1564 1483 1610 saltem
1506 1563 1671 1622 gradus
1692 1562 1738 1606 in
1762 1561 1882 1606 linea
1905 1566 2032 1607 recta

246 1654 344 1700 iure
378 1658 572 1699 naturae
606 1652 756 1697 irritat
789 1650 1156 1696 matrimonium.
1196 1647 1406 1693 Diximus
1428 1645 1625 1704 primum
1651 1646 1812 1689 saltem
1838 1643 2031 1701 gradum

245 1738 291 1781 in
325 1736 445 1781 linea
482 1740 606 1781 recta
640 1734 737 1779 iure
771 1739 964 1779 naturae
998 1732 1213 1777 dirimere
1246 1728 1614 1784 matrimonium,
1649 1731 1758 1772 sunt
1789 1726 1914 1771 enim
1950 1724 2035 1769 ali--

244 1820 339 1879 qui,
374 1819 451 1878 qui
485 1819 572 1864 hoc
605 1818 753 1877 ipsum
787 1816 994 1862 sentiant
1027 1818 1168 1861 etiam
1203 1816 1257 1860 de
1290 1813 1492 1859 secundo
1524 1812 1665 1870 gradu
1689 1811 1719 1855 ⁶.

365 1902 466 1947 938.
503 1901 659 1955 Quoad
694 1901 863 1946 lineam
898 1900 1275 1953 transversalem‚
1311 1898 1464 1942 nullus
1495 1895 1593 1941 eius
1624 1894 1789 1953 gradus
1820 1893 1917 1937 iure
1950 1906 2034 1936 na-

246 1991 376 2031 turae
408 1985 584 2030 dirimit
619 1984 968 2029 matrimonium
1003 1982 1134 2027 iuxta
1167 1980 1520 2040 probabiliorem
1558 1981 1802 2023 Doctorum
1845 1980 2028 2021 senten-

244 2069 373 2113 tiam.
410 2067 635 2127 Quidquid
672 2071 828 2111 tamen
864 2066 939 2121 sit,
977 2069 1157 2110 certum
1191 2067 1260 2108 est
1292 2063 1339 2108 in
1375 2060 1670 2108 matrimonio
1692 2059 1814 2105 inter
1836 2060 2033 2103 fratrem

245 2157 293 2198 et
323 2166 526 2197 sororem
562 2163 817 2209 numquam
851 2148 1167 2207 dispensatum
1202 2146 1342 2191 fuisse
1374 2160 1399 2190 a
1435 2143 1654 2188 Romanis
1679 2139 1971 2187 Pontificibus
1994 2140 2031 2183 ⁷.

367 2365 376 2384 ¹
404 2365 447 2400 In
474 2364 641 2401 Ecclesia
666 2371 802 2409 graeca
826 2366 862 2398 et
888 2360 1058 2398 orientali
1086 2359 1289 2396 universim
1316 2358 1453 2404 gradus
1488 2359 1771 2402 computantur,
1797 2360 1836 2391 ut
1862 2363 1927 2401 pro
1954 2363 2040 2391 suc-

246 2435 481 2473 cessionibus
507 2435 544 2470 in
571 2435 649 2470 iure
674 2442 840 2469 romano.
868 2432 918 2468 Cf.
945 2430 1083 2467 Bened.
1109 2429 1196 2466 XIV
1222 2428 1348 2465 Const.
1375 2428 1458 2464 Etsi
1476 2427 1675 2464 Pastoralis
1693 2426 1739 2463 26
1756 2426 1845 2462 maii
1864 2424 1966 2463 1742.
1985 2445 2036 2453 -

245 2507 316 2545 Cir.
344 2506 508 2543 tabulam
535 2505 563 2541 I.

367 2578 379 2597 ²
406 2577 476 2615 Cir.
504 2577 666 2614 tabulam
693 2575 739 2611 11.

368 2649 381 2668 ³
407 2648 476 2686 Cir.
504 2647 667 2685 tabulam
696 2646 759 2682 111.

366 2720 381 2740 ⁸
407 2720 476 2758 Cir.
505 2719 669 2757 tabulam
695 2719 758 2755 lV.

367 2793 380 2812 ³
406 2792 476 2829 Cir.
503 2791 666 2829 tabulam
693 2790 738 2827 V.

367 2863 380 2884 ⁶
407 2862 750 2901 Excommunicatio
776 2869 890 2906 quam
915 2858 1004 2896 olim
1032 2858 1269 2896 incurrebant
1287 2856 1450 2892 scienter
1467 2853 1728 2891 contrahentes
1750 2851 1789 2888 in
1807 2850 1922 2898 gradu
1946 2859 2037 2897 pro-

246 2934 365 2972 hibito
390 2934 537 2972 sublata
561 2937 617 2970 est
642 2942 709 2979 per
734 2931 857 2969 Consi.
886 2930 1109 2977 Apostolicae
1134 2928 1231 2965 sedis
1255 2927 1278 2964 4
1303 2927 1356 2964 Id.
1385 2929 1454 2964 oct.
1476 2924 1577 2962 1869.

367 3007 380 3027 ⁷
407 3007 477 3045 Cir.
502 3006 638 3043 Bened.
656 3004 754 3048 XIV,
771 3004 839 3050 Ep.
855 3002 985 3039 Aestas
1004 3002 1090 3038 anni
1117 3000 1158 3037 11
1185 3005 1256 3037 oct.
1284 2997 1387 3044 1757,
1413 3007 1449 3035 n.
1470 2996 1524 3040 15,
1549 2999 1586 3034 et
1610 2996 1647 3034 S.
1664 2995 1704 3032 C.
1722 2995 1760 3032 C.
1782 2995 1822 3031 in
1848 2992 2034 3031 Leodien.

251 3077 349 3124 Disp.
375 3077 485 3115 Matr.
514 3075 558 3113 14
583 3075 663 3113 dcc.
690 3074 794 3111 1795.
