2176 3386
548 233 676 261 LIBER
706 233 730 261 1.
763 233 820 260 DE
850 233 988 261 REBUS
1017 231 1253 261 ECCLESIAE
1283 232 1610 262 SPIRITUALIBUS
1896 224 1973 264 165

303 338 404 383 944.
442 340 579 382 Porro
613 337 683 382 bis
717 336 992 395 praemissis,
1029 337 1248 395 Cognatio
1283 338 1437 396 legalis
1468 342 1660 387 orta.ex
1703 340 1967 398 adoptione,

183 424 229 464 et
261 420 359 465 iure
390 419 514 465 civili
550 420 811 466 introducta
845 420 967 465 inter
997 420 1283 478 supradictas
1318 433 1534 478 personas
1575 425 1644 466 est
1685 421 1828 467 etiam
1868 423 1968 469 iure

181 504 491 550 ecclesiastico
523 506 789 563 approbata,
825 509 963 564 atque
995 519 1054 549 ex
1089 504 1185 549 iure
1219 504 1315 563 ipso
1357 506 1668 551 ecclesiastico
1710 511 1780 551 est
1826 507 1967 566 impe·

181 586 440 632 dimentum
474 580 695 632 dirimens
729 587 1077 633 matrimonium
1115 588 1235 633 inter
1266 589 1450 634 easdem
1496 603 1743 646 personas,
1795 605 1962 648 nempe

181 669 303 714 inter
334 670 632 728 adoptantem
666 676 713 714 et
743 670 1030 729 adoptatum,
1068 671 1189 715 inter
1220 672 1489 727 adoptatum
1525 676 1571 716 et
1604 672 1719 717 filios
1756 675 1966 719 carnales

180 752 457 810 adoptantis,
494 752 615 797 inter
646 753 943 811 adoptantem
978 758 1024 797 et
1056 767 1248 797 uxorem
1283 753 1503 812 adoptati,
1540 753 1662 798 inter
1693 755 1961 812 adoptatum

179 840 227 880 et
260 850 452 881 uxorem
485 836 761 894 adoptantis.

300 921 400 965 945.
437 920 682 975 Quaeritur
713 934 771 964 an
807 920 1190 979 impedimentum
1226 921 1402 966 oriatur
1444 921 1585 967 etiam
1625 937 1681 967 ex
1717 922 1963 980 adoptione

180 1003 465 1057 imperfecta.
525 1003 866 1060 Respondemus
905 1002 1289 1059 impedimentum
1339 1004 1446 1048 oriri
1481 1019 1538 1049 ex
1573 1010 1767 1064 utraque
1815 1005 1965 1063 specie

178 1085 451 1143 adoptionis.
489 1086 567 1129 Ubi
604 1087 722 1142 leges
743 1085 904 1131 civiles
928 1087 1099 1131 nullam
1123 1086 1379 1131 admittunt
1401 1088 1724 1145 cognationem
1751 1088 1961 1146 legalem,

179 1169 238 1213 ibi
272 1169 327 1214 de
361 1169 445 1213 hoc
479 1168 809 1227 impedimento
843 1182 994 1213 sermo
1017 1183 1115 1213 esse
1141 1183 1231 1214 non
1260 1174 1423 1227 potest,
1452 1185 1537 1215 nec
1560 1171 1729 1216 sufficit
1756 1186 1961 1231 unquam

177 1255 308 1296 actus
340 1252 586 1311 adoptandi
623 1254 830 1309 privatus
852 1254 883 1297 ¹.

296 1335 398 1379 946.
436 1335 477 1378 Si
513 1335 632 1392 leges
665 1335 825 1379 cixiles
865 1350 968 1380 eam
1010 1328 1293 1391 admittunt,
1339 1337 1588 1382 dummodo
1637 1337 1959 1383 substantialia

176 1417 328 1461 adsint
361 1417 578 1476 requisita
612 1417 723 1462 iuris
755 1419 951 1474 romani,
988 1433 1089 1463 eam
1123 1418 1248 1473 oriri,
1286 1419 1391 1463 licet
1423 1425 1586 1477 agatur
1618 1421 1672 1465 de
1714 1421 1960 1479 adoptione

177 1500 462 1558 imperfecta,
500 1501 690 1545 indicari
727 1501 908 1545 videtur
940 1517 962 1545 a
1001 1515 1217 1561 responso
1252 1504 1293 1547 S.
1334 1503 1506 1547 l'oenit.
1548 1505 1598 1548 ’17
1627 1503 1731 1548 maii
1770 1504 1877 1549 1826
1902 1504 1957 1548 ad

176 1585 409 1630 Vicarium
444 1587 716 1630 Generalem
751 1586 1170 1631 l’etrocoricensem
1198 1587 1228 1631 ².

650 1724 667 1768 ξ
695 1724 749 1759 11.
785 1743 827 1748 -
864 1724 921 1759 De
949 1724 1234 1771 impedimento
1261 1725 1480 1771 affinitatis.

292 1835 392 1879 947.
433 1834 638 1879 Affinitas
670 1840 739 1879 est
774 1836 1091 1895 propinquitas
1126 1851 1346 1894 personae
1381 1853 1439 1882 ex
1472 1838 1645 1883 carnali
1671 1839 1831 1897 copula
1858 1852 1957 1896 pro-

174 1917 384 1972 venienS,
419 1932 536 1976 quae
568 1919 860 1963 contrahitur
894 1919 1014 1963 inter
1049 1919 1200 1964 virum
1226 1925 1271 1964 et
1296 1920 1499 1969 mulieris
1522 1922 1890 1979 consanguineos
1912 1926 1959 1966 et

172 2013 196 2042 e
230 2012 455 2044 converso
490 1999 610 2043 inter
644 1999 881 2044 mulierem
918 2005 962 2044 et
995 2001 1363 2059 consanguineos
1398 2003 1500 2047 viri.
1556 2003 1671 2047 Hinc
1718 2003 1953 2062 sequitur:

180 2083 215 2138 l)
249 2081 411 2126 aflines
444 2096 536 2126 non
570 2095 666 2126 esse
701 2083 822 2126 inter
854 2097 900 2127 se
938 2083 1086 2127 virum
1123 2089 1169 2129 et
1203 2085 1443 2130 mulierem
1479 2086 1600 2130 inter
1642 2099 1755 2144 quos
1795 2086 1956 2143 copula

172 2164 446 2219 intercessit,
484 2165 564 2223 ipsi
600 2165 722 2209 enim
758 2172 865 2210 sunt
898 2180 1033 2211 causa
1068 2168 1338 2225 affinitatis3
1375 2171 1416 2226 2)
1454 2170 1519 2214 fas
1551 2183 1649 2213 esse
1682 2169 1956 2226 consangui-

174 2249 271 2291 neis
305 2247 389 2291 viri
427 2248 609 2305 nuptias
642 2248 758 2292 inire
791 2263 895 2293 cum
931 2251 1287 2308 consanguineis
1322 2252 1552 2297 mulieris:
1580 2258 1717 2312 atque
1742 2253 1853 2297 adeo
1878 2267 1956 2297 va-

173 2329 260 2374 lide
293 2335 339 2373 et
372 2330 494 2374 licite
530 2331 879 2376 matrimonium
916 2333 1079 2377 ineunt·
1111 2334 1200 2378 duo
1235 2335 1399 2378 fratres
1433 2349 1537 2380 cum
1572 2335 1747 2379 duabus
1792 2336 1956 2379 sorori-

173 2414 270 2467 bus,
308 2417 436 2471 pater
468 2419 513 2457 et
546 2413 665 2458 filius
697 2429 802 2459 cum
839 2419 984 2459 matre
1018 2421 1064 2460 et
1097 2416 1204 2472 filia,
1243 2417 1480 2475 privignus
1513 2432 1617 2462 cum
1654 2423 1818 2472 matre,
1865 2417 1955 2463 lilia

170 2500 251 2539 aut
282 2509 436 2541 sorore
469 2511 716 2553 novercae,
753 2497 954 2558 itemque
990 2499 1197 2557 privigna
1233 2514 1338 2545 cum
1376 2506 1520 2559 patre,
1557 2501 1649 2546 filio
1692 2507 1772 2546 aut
1814 2503 1955 2546 fratre

173 2577 354 2623 vitrici:
390 2579 602 2623 similiter
634 2581 788 2625 fratris
819 2586 866 2625 et
898 2582 1065 2627 sororis
1097 2583 1315 2641 coniuges
1348 2584 1616 2641 superstites
1650 2583 1799 2628 valide
1833 2584 1955 2629 inter

169 2675 216 2705 se
249 2662 563 2717 contrahunt,
613 2667 659 2707 et
704 2664 763 2708 ita
799 2664 916 2709 filius
952 2665 1104 2710 mariti
1138 2680 1195 2711 ex
1232 2666 1366 2724 priori
1402 2667 1614 2724 coniugio
1650 2666 1948 2724 progenitus,

168 2744 250 2788 sibi
286 2746 459 2789 nubere
493 2750 640 2804 potest
672 2746 812 2792 filiam
848 2748 1005 2793 uxoris
1037 2763 1094 2793 ex
1129 2749 1217 2794 alio
1250 2763 1430 2808 quoque
1464 2750 1684 2794 anteriori
1718 2752 1952 2795 matrimo-

169 2826 245 2870 nio
278 2827 498 2872 habitam.
525 2828 528 2831 ’

287 3007 296 3026 ¹
326 3008 359 3045 S.
387 3007 454 3045 Off.
482 3009 561 3046 Fer.
590 3010 633 3054 V,
660 3010 718 3046 die
748 3011 791 3047 16
818 3021 894 3058 apr.
922 3013 1009 3049 1761
1040 3014 1138 3059 apud
1165 3015 1359 3052 Fannius.

286 3078 299 3097 ¹
325 3079 369 3115 Et
393 3089 439 3116 ex
464 3080 555 3117 decl.
582 3081 616 3118 S.
644 3080 711 3118 Off.
739 3082 785 3119 25
811 3082 900 3119 febr.
922 3083 1027 3120 1855.
