2176 3386
879 0 2176 51 ΜΨΨΨΠΨΨἼΓἻξ

779 173 910 208 LiBER
938 179 961 207 1.
998 177 1055 206 nr:
1084 178 1277 209 emmas
1843 169 1920 209 217

135 293 204 336 est
229 291 258 336 ².
295 291 338 336 Si
371 294 620 350 quaeratur
654 303 713 334 an
750 288 955 347 Episcopi
992 288 1037 332 vi
1070 287 1240 346 Capitis
1276 289 1429 332 Liceat
1465 287 1706 332 absolvere
1749 288 1922 346 possint

134 390 159 422 3
193 375 371 420 casibus
404 374 596 420 occultis
629 376 669 418 S.
707 372 806 418 Sedi
835 371 1080 416 reservatis
1106 374 1205 429 post
1230 371 1486 416 Concilium
1520 359 1661 425 'ia-id„
1687 370 1934 429 responsio

135 458 357 516 exigenda
392 462 460 502 est
491 457 547 502 a'd
580 455 967 502 Constitutionem
1002 454 1285 511 Apostolicae
1318 454 1446 498 Sedis
1478 467 1502 497 3
1538 454 1616 498 Pio
1650 457 1705 498 IX
1735 455 1786 498 212
1817 456 1918 499 Oct.

0 545 18 628 ἱ
138 540 247 585 1869
282 540 471 592 editam,
503 554 620 599 quae
653 537 716 583 sic
751 538 913 582 habet:
964 539 1177 582 Firmani
1212 543 1370 582 tamen
1403 551 1496 582 esse
1527 538 1740 581 volumus
1778 538 1921 582 absol-

134 623 276 668 vendi
306 621 581 679 facultatem
627 635 657 667 a
703 621 831 666 Trid.
878 621 1061 678 Synodo
1105 621 1336 677 Episcopis
1383 634 1645 665 concessam
1690 623 1802 665 Sess.
1842 623 1918 676 24,

140 708 247 764 Cap.
283 708 312 749 6
347 710 410 750 De
447 707 646 751 Reform.
684 707 734 749 in
766 705 1128 763 quibuscumque
1159 706 1370 747 censuris
1404 704 1683 760 Apostolicae
1707 705 1814 748 Sedi
1834 703 1923 749 ltac

136 796 297 835 nostra
346 791 673 833 Constitutione
717 790 988 842 reservatis,
1032 789 1086 831 iis
1128 792 1314 830 tantum
1356 789 1575 844 exeeptis,
1625 800 1743 846 quas
1774 788 1922 832 eidem

138 873 418 930 Apostolicae
451 873 558 916 Secti
587 872 781 928 speciali
813 871 945 914 modo
980 875 1242 914 reservatas
1275 869 1641 914 declaravimus.
1688 870 1814 914 Unde
1848 885 1922 928 pa-

134 961 216 1012 tet,
254 970 380 1015 posse
403 956 642 1015 Episcopos
674 955 912 999 absolvere
944 968 968 998 a
1003 953 1181 999 casibus
1236 953 1427 998 occultis
1462 955 1502 997 S.
1541 953 1642 998 Sedi
1679 954 1924 998 reservatis

136 1044 233 1098 post
265 1044 400 1086 Conc.
435 1039 570 1094 'rrid.,
606 1037 811 1096 exceptis
845 1037 922 1092 iis,
965 1037 1041 1096 qui
1085 1036 1268 1095 speciali
1316 1036 1450 1081 modo
1492 1037 1776 1094 Apostolicae
1821 1037 1922 1082 Sedi

137 1122 357 1167 reservati
392 1124 500 1166 sunt
534 1135 611 1179 per
642 1121 853 1165 eamdem
888 1119 1295 1174 constitutionem,
1333 1133 1418 1163 nec
1452 1133 1544 1163 non
1584 1119 1760 1163 duobus
1803 1119 1920 1175 aliis,

135 1206 212 1266 qui
245 1209 377 1250 sunt:
419 1206 463 1249 1⁰
488 1204 791 1249 Interdictum
825 1208 986 1248 contra
1021 1202 1373 1254 sniversitates‚
1408 1202 1602 1259 Collegia
1638 1207 1684 1247 et
1717 1202 1922 1261 Capitula

136 1291 193 1336 ab
225 1288 593 1334 ordinationibus
629 1287 860 1333 pontilicis
894 1301 974 1345 pro
998 1291 1205 1344 tempore
1229 1286 1475 1331 existentis
1497 1286 1552 1331 ad
1578 1287 1784 1330 futurum
1809 1290 1922 1332 Con-

137 1372 292 1419 cilium
318 1373 670 1416 oecumenicum
696 1371 1000 1429 appellantia;
1036 1371 1083 1414 20
1102 1374 1241 1415 Casus
1266 1383 1486 1428 personae
1510 1371 1622 1415 falso
1645 1371 1923 1415 denuntian-

137 1456 195 1500 tis
227 1457 512 1500 sacerdotem
547 1454 601 1498 de
626 1453 820 1498 crimine
844 1452 1180 1498 sollicitationis
1204 1452 1247 1496 in
1275 1457 1566 1497 sacramento
1592 1452 1919 1510 poenitentiae.

863 1684 1098 1714 Ammonos
1133 1685 1192 1712 ιιι.

626 1815 686 1856 De
717 1819 934 1869 potestate
972 1815 1182 1870 Episcopi
1213 1812 1443 1869 delegyata..

258 1955 360 1998 274.
390 1958 574 1998 Praeter
601 1953 881 1998 ordinariam
914 1958 1187 2011 potestatem
1221 1953 1392 1997 liabent
1418 1952 1622 2011 Episcopi
1650 1956 1925 2011 potestatem

137 2039 409 2095 delegatam,
430 2038 560 2082 cuius
584 2037 754 2082 limites
776 2052 834 2082 ex
852 2036 1113 2095 apostolicis
1132 2036 1312 2091 litteris,
1333 2036 1498 2095 quibus
1522 2036 1616 2094 ipsa
1636 2037 1922 2092 conceditur,

138 2121 404 2166 dimetiendi
439 2126 562 2166 sunt.
603 2121 664 2166 Ad
691 2122 810 2166 hanc
845 2125 1120 2179 potestatem
1153 2121 1407 2178 delegatam
1435 2120 1672 2178 pertinent
1695 2121 1741 2164 in
1767 2120 1926 2177 primis

139 2206 379 2250 facultates
414 2207 749 2260 Formularum,
785 2218 863 2250 seu
899 2206 1141 2249 facultates
1174 2204 1272 2248 sive
1296 2204 1572 2259 ordinariae,
1598 2204 1696 2248 sive
1719 2208 1924 2249 extraor-

137 2288 358 2344 dinariae,
393 2303 508 2348 quae
543 2287 650 2346 ipsis
682 2302 706 2332 3
741 2290 782 2332 S.
819 2291 982 2345 Congr.
1020 2287 1114 2332 Fid.
1154 2291 1283 2346 Prop.
1320 2287 1509 2332 concedi
1543 2289 1709 2343 solent,
1736 2288 1780 2332 in
1815 2302 1926 2347 qua-

140 2385 241 2416 rum
275 2385 356 2416 usu
390 2372 646 2417 servandae
680 2376 790 2416 sunt
824 2371 1023 2429 regulae,
1059 2384 1172 2430 quas
1206 2370 1301 2429 ipsa
1335 2371 1571 2428 delegatae
1595 2370 1926 2417 iurisdictionis

140 2458 302 2499 natura
339 2456 536 2513 postulat
568 2458 648 2499 aut
681 2454 923 2513 permittit,
958 2454 1208 2498 dummodo
1251 2467 1342 2498 non
1388 2453 1498 2498 satis
1537 2458 1743 2511 constet,
1787 2455 1925 2500 aliam

139 2555 236 2587 esse
271 2548 474 2588 mentem
508 2542 762 2600 delegantis
795 2541 823 2586 i.
860 2556 902 2586 6.
940 2541 1225 2600 Apostolicae
1260 2539 1384 2585 Sedis
1417 2544 1463 2585 et
1486 2543 1649 2586 Sacrae
1672 2544 1924 2598 Congu-ega-

139 2624 278 2670 tionis
310 2639 334 2670 a
367 2623 454 2684 qua
490 2625 685 2669 facultas
718 2624 984 2669 immediate
1019 2623 1238 2682 procedit.
1275 2622 1434 2677 Quoad
1469 2623 1550 2668 has
1584 2628 1767 2668 notasse
1805 2625 1925 2667 suffi-

141 2707 249 2764 ciat,
283 2722 360 2753 eas
392 2721 569 2753 cessare
603 2707 755 2766 elapso
787 2711 994 2765 tempore
1027 2707 1083 2751 ad
1116 2705 1238 2765 quod
1270 2718 1515 2750 concessae
1557 2710 1681 2751 sunt.
1738 2706 1803 2750 Ad
1846 2706 1926 2750 du-

141 2789 265 2835 bium
300 2795 456 2835 tamen
493 2789 659 2836 Vicarii
695 2788 939 2848 Apostolici
975 2788 1201 2847 Tongkini
1234 2789 1533 2835 occidentalis
1565 2803 1677 2833 num
1714 2786 1813 2847 post
1837 2789 1924 2853 ela-

255 2973 264 2992 ¹
294 2974 348 3010 Dn
374 2974 476 3011 Luco
502 2974 544 3010 de
569 2975 669 3017 Fide,
695 2974 789 3021 disp.
817 2974 874 3017 25,
900 2984 936 3010 n.
962 2975 1021 3011 54.
1060 2974 1112 3011 Cf.
1140 2975 1182 3011 R.
1208 2973 1249 3010 P.
1277 2975 1318 3010 D.
1346 2974 1607 3016 D’ANMBALE,
1642 2974 1777 3010 Summ.
1810 2973 1926 3010 Theoi.

141 3043 234 3080 Mor.
262 3044 346 3082 Vol.
371 3044 405 3089 2,
431 3054 514 3091 pag.
541 3044 624 3082 255.
