2176 3386
235 166 316 207 202
908 173 1020 202 PARS
1048 173 1090 202 11.
1129 172 1187 201 DE
1215 171 1356 201 annus

237 285 338 343 fere
366 297 617 342 pauperes.
652 282 739 337 Qui
772 285 928 327 autem
962 284 1072 326 sunt
1103 279 1205 338 fere
1235 293 1482 338 pauperes,
1519 281 1700 337 praeter
1721 285 1884 324 tamam
1915 292 2021 324 con·

235 374 416 413 suetam
446 380 535 424 pro
563 365 877 424 pauperibus,
914 365 1064 410 aliam
1111 362 1484 421 componendam
1533 362 1664 406 titulo
1707 361 2024 420 eleemosynae

235 451 411 495 solvere
445 455 680 494 tenentur.

361 533 489 578 1055.
525 532 684 586 Quoad
727 530 888 588 forum
936 529 1301 589 dispensationes
1349 529 1520 574 dant-ur
1565 543 1644 588 pro
1682 527 1786 586 foro
1819 530 2019 583 interno,

236 617 311 662 vel
342 630 425 675 pro
458 616 561 673 foro
594 622 798 670 eaeterno,
838 614 910 658 vel
945 628 1024 672 pro
1057 620 1251 672 utroque
1283 611 1404 670 foro,
1441 615 1484 657 S.
1521 611 1878 661 Poenitentiaria
1912 626 2023 657 vero

240 698 390 756 prouti
417 698 682 744 monuimus
706 711 799 742 non
824 696 1037 743 concedit
1059 695 1424 753 dispensationes
1448 694 1811 740 matrimoniales
1832 694 1919 740 nisi
1942 709 2024 754 pro

239 783 337 827 foro
371 782 573 837 interno,
610 786 657 826 et
689 795 768 839 pro
804 781 901 824 foro
935 784 1130 823 externo
1164 792 1245 837 pro
1279 777 1568 836 pauperibus.

360 866 485 910 1056.
519 864 676 918 Quoad
709 862 935 908 clausulas
975 875 1092 921 qnae
1129 860 1547 919 dispensationibus
1594 863 1904 918 apponuntur,
1940 858 2020 903 ali·

237 947 421 1007 quando
445 948 646 991 induunt
669 951 882 990 naturam
908 944 1208 1000 conditionis;
1234 943 1480 1003 aliquando
1498 943 1743 1001 praecepti.
1772 947 1819 987 ln
1848 943 1893 986 1⁰
1916 955 2022 987 casu

238 1032 274 1076 si
308 1031 598 1076 conditiones
631 1044 723 1074 non
763 1032 1011 1080 sem-entur
1057 1027 1336 1086 dispensatio
1385 1026 1691 1084 invalidatur;
1740 1025 1787 1070 in
1835 1025 1882 1070 2⁰
1916 1037 2023 1069 casu

239 1114 520 1174 dispensatio
555 1113 606 1158 fit
637 1113 782 1158 solum
819 1112 991 1156 illicita.
1028 1111 1265 1157 Clausulae
1314 1112 1352 1167 l)
1385 1124 1502 1170 quae
1535 1124 1614 1166 pei·
1660 1109 1904 1167 particulas
1945 1122 2024 1152 ex-

240 1199 505 1257 primuntur
534 1201 587 1252 si,
624 1196 891 1251 dummodo,
925 1201 1187 1254 postquam,
1227 1194 1299 1238 vel
1331 1207 1448 1253 quae
1482 1193 1682 1238 ablativo
1726 1192 1928 1237 absoluto
1959 1192 2024 1236 af-

240 1283 453 1327 feruntur
485 1281 774 1326 conditiones
822 1293 920 1324 esse
970 1279 1225 1336 generatim
1260 1282 1540 1333 censentur;
1592 1278 1633 1332 2)
1670 1290 1787 1335 quae
1836 1275 1947 1319 item
1980 1274 2023 1319 id

239 1366 508 1424 exprimunt
539 1365 658 1424 quod
691 1378 746 1408 ex
777 1366 879 1420 ipsa
915 1363 995 1418 rei,
1030 1363 1086 1406 de
1118 1376 1205 1421 qua
1240 1362 1406 1419 agitur,
1443 1366 1623 1405 natura
1650 1360 1719 1404 vel
1753 1374 1808 1404 cae
1841 1363 1945 1404 iure
1967 1360 2024 1405 sit

239 1449 554 1503 servandum,
590 1447 869 1493 conditionis
917 1450 1132 1491 naturam
1181 1445 1381 1489 induunt
1414 1444 1485 1488 vel
1528 1444 1755 1503 praecepti
1794 1443 1921 1489 iuxta
1956 1445 2026 1490 ius

241 1535 322 1576 aut
357 1531 418 1575 rei
456 1535 670 1575 naturam
704 1544 729 1574 a
761 1544 850 1589 qua
874 1530 1140 1586 exiguntur.
1176 1529 1310 1573 Hisce.
1335 1526 1491 1585 positis
1524 1526 1774 1571 nonnullae
1795 1526 2024 1571 clausulae

240 1614 658 1674 dispensationibus
690 1614 855 1672 apponi
890 1613 1038 1657 solent
1071 1627 1095 1657 a
1131 1614 1280 1657 Sacra
1316 1613 1533 1665 Dataria,
1569 1611 1657 1654 alia
1690 1624 1715 1654 a
1744 1611 1893 1655 Sacra
1921 1612 2023 1653 Poe-

243 1700 543 1743 nitenttaria.

366 1783 493 1827 1057.
533 1781 805 1838 Praecipuae
838 1771 1068 1824 clausulae
1106 1778 1315 1823 Datariae
1351 1777 1633 1836 Apostolicae
1667 1777 1752 1820 hae
1776 1781 1912 1820 sunt:

364 1866 402 1923 1)
441 1867 527 1909 Nos
561 1867 707 1922 igitur
739 1863 971 1908 eosdem...
1009 1868 1050 1906 et
1081 1875 1243 1905 eorum
1266 1861 1508 1920 quemlibet
1532 1874 1562 1904 a
1585 1859 1818 1918 quibusvis
1849 1873 2025 1903 eoecom-

239 1950 576 1992 municationis
608 1953 649 1990 et
682 1947 922 1991 interdicti
953 1946 1148 2004 aliisque
1180 1945 1496 1988 ecclesiasticis
1525 1944 1780 1996 sententiis,
1816 1943 2026 1986 censuris

239 2036 280 2074 et
310 2033 471 2086 poenis
503 2044 532 2075 a
565 2032 671 2073 iure
703 2030 773 2072 vel
807 2029 863 2073 ab
895 2028 1083 2072 homine
1131 2029 1295 2086 quavis
1336 2028 1573 2071 occasione
1605 2025 1675 2069 vel
1716 2036 1861 2068 causa
1900 2024 2023 2078 latis,

238 2115 279 2157 si
309 2113 471 2172 quibus
512 2112 843 2171 quon'zodolibet
890 2112 1111 2155 innodati
1154 2113 1387 2164 existunt,
1423 2108 1487 2153 ad
1518 2108 1729 2166 effectum
1777 2107 2027 2150 dumtaxat

237 2199 562 2254 praesentium
595 2195 969 2254 consequendum
1003 2194 1171 2238 storum
1203 2195 1322 2237 serie
1354 2192 1635 2236 absolventes
1666 2192 1755 2234 etc.

365 2283 424 2323 De
459 2278 691 2335 rescriptis
727 2277 926 2321 vidimus
957 2276 1078 2335 quod
1111 2274 1506 2319 excommunicati
1540 2277 1587 2317 et
1618 2284 1812 2317 censura
1862 2269 2025 2315 irretiti

241 2368 350 2407 sunt
391 2363 633 2421 incapaces
665 2361 1018 2419 rescriptorun1;
1055 2359 1163 2409 hinc
1197 2362 1247 2402 ut
1282 2358 1433 2402 xaleat
1473 2354 1752 2414 dispensatio
1792 2354 2026 2399 matrimo-

243 2446 378 2490 nialis
413 2445 725 2503 praemittitur
755 2444 981 2489 absolutio
1014 2458 1037 2487 a
1073 2442 1280 2488 censuris
1326 2442 1474 2486 solum
1523 2444 1678 2484 tamen
1713 2439 1768 2483 ad
1802 2439 1925 2483 hunc
1961 2438 2028 2483 ef-

242 2530 415 2573 fectum
449 2528 843 2588 consequendum,
880 2527 943 2572 ita
976 2531 1028 2571 ut
1058 2525 1206 2586 quoad
1230 2524 1317 2569 alia
1342 2528 1548 2569 oratores
1579 2525 1801 2567 maneant
1831 2532 2026 2565 censura

244 2613 316 2658 vel
354 2627 497 2671 poena
533 2611 756 2656 innodati.
803 2612 864 2655 Ab
901 2610 1042 2654 huius
1072 2609 1315 2654 clausulae
1360 2607 1576 2666 beneficio
1607 2605 1909 2662 excipiuntur
1951 2615 2027 2645 ex·

241 2698 578 2742 communicati
609 2697 893 2740 nominatim
927 2694 1218 2747 denunciati,
1248 2697 1289 2736 et
1316 2691 1498 2748 publice
1528 2687 1933 2734 excommunicati.

359 2781 401 2836 2)
443 2781 626 2825 Certam
659 2779 715 2823 de
745 2779 1018 2836 praemissis
1057 2778 1273 2820 notitiam
1308 2788 1403 2819 non
1451 2773 1722 2819 habentes...
1758 2771 2028 2815 discretioni

243 2870 366 2919 tuac,
403 2865 459 2908 de
490 2876 584 2922 qua
613 2863 809 2920 plenam
842 2863 894 2905 in
929 2862 1126 2904 Domino
1172 2859 1395 2916 fiduciam
1430 2856 1682 2910 habemus,
1719 2853 2022 2900 mandamus.

243 2950 327 2991 Per
359 2947 479 2991 hanc
505 2945 756 2990 clausulam
790 2942 1067 3002 exprimitur
1099 2942 1246 2987 forma
1278 2938 1586 2999 expeditionis
1631 2950 1748 2997 quae
1795 2938 1864 2981 est
1907 2947 2027 2979 com-
