2176 3386
235 169 286 209 16
878 179 987 208 PARS
1018 181 1042 209 1.
1078 180 1133 208 DE
1163 179 1374 209 PERSONIS

233 287 323 327 tur.
361 284 445 338 Qui
479 284 572 329 sint
605 284 632 328 ii
668 284 743 344 qui
778 286 1026 330 convocari
1049 286 1234 340 debent,
1270 300 1387 346 quae
1419 288 1566 331 forma
1603 287 1647 332 in
1694 289 2012 345 convocando,

234 371 280 411 et
313 368 510 425 regendo
543 373 778 413 conventu
813 370 1039 413 servanda
1075 370 1150 424 sit,
1187 370 1381 414 habetur
1403 371 1687 429 exsequenti
1706 371 2010 429 expositione.
2071 395 2079 404 ·

353 453 438 505 Qui
474 453 519 496 in
554 452 770 497 Hibernia
806 459 1137 511 nuncupantur
1173 455 1377 509 Parochi‚
1424 454 1599 500 scilicet
1636 455 1788 500 clerici
1832 456 1887 500 ad
1933 459 2015 501 Or-

234 535 390 579 dinem
425 536 754 581 sacerdotalem
789 537 956 590 evecti,
984 550 1283 582 censurarum
1311 538 1556 593 immunes,
1583 538 1751 598 quique
1777 539 2016 597 parochiae

235 630 313 662 seu
350 618 670 675 parochiarum
705 619 941 662 unitarum
975 619 1142 663 actuali
1167 633 1220 665 ac
1249 619 1434 677 pacifica
1466 621 1747 678 possessione
1771 622 2014 678 gaudeant,

235 701 290 744 ad
324 701 509 746 comitia
544 703 830 746 convocandi
865 707 999 759 sunt;
1028 702 1100 745 ubi
1129 716 1238 747 vero
1264 703 1391 747 adest
1413 703 1667 761 Capitulum
1695 704 2018 748 convocabun-

238 788 311 828 tur
344 799 447 828 cum
486 785 694 842 parochis
718 785 858 829 etiam
884 785 1121 842 canonici,
1162 785 1382 841 vicarius,
1409 786 1558 830 edicto
1583 786 1920 844 Meti-cpolitani
1946 801 2016 831 ac-

236 873 384 925 cepto,
422 868 542 912 intra
577 873 680 912 octo
714 868 827 923 dies,
865 868 1071 925 singulos
1103 869 1396 927 presbyteros
1428 883 1561 927 supra
1588 869 1863 926 designatos,
1902 869 2017 913 litte-

236 952 296 994 ris
329 951 527 1007 scriptis,
564 950 847 1005 admonebit,
886 956 935 994 ut
968 950 1067 995 loco
1101 951 1299 1010 quodam
1335 956 1610 1009 opportuno,
1648 952 1692 995 in
1729 952 1887 996 eadem
1923 966 2017 996 mo-

237 1036 412 1080 nitione
447 1035 724 1080 nominatim
759 1036 1078 1093 exprimendo,
1115 1035 1266 1080 adsint
1298 1036 1370 1080 die
1407 1036 1449 1079 in
1485 1036 1633 1079 edicto
1680 1035 2017 1094 Metropolitani

235 1124 425 1175 statuto,
462 1121 516 1163 ad
551 1120 845 1163 tractandum
879 1119 932 1163 de
968 1119 1150 1176 negotio
1176 1118 1340 1163 ibidem
1367 1120 1611 1177 descripto.
1643 1120 2019 1177 Metropolitanus

237 1203 346 1261 ipse,
384 1204 456 1247 vel
492 1217 610 1248 unus
642 1203 696 1247 de
730 1202 1030 1260 suffraganeis
1063 1202 1161 1246 eius
1198 1202 1426 1260 lipiscopis
1459 1203 1515 1245 ab
1550 1201 1643 1259 ipso
1677 1201 1909 1258 delegatus
1940 1204 2018 1246 Co-

237 1286 379 1330 mitiis
413 1286 714 1344 praesidebit,
751 1291 797 1330 et
844 1287 966 1330 nulla
1002 1299 1184 1343 prorsus
1227 1289 1271 1329 et
1317 1284 1518 1328 invalida
1554 1284 1761 1328 habenda
1794 1288 1903 1327 sunt
1940 1283 2018 1327 ibi-

235 1369 338 1413 dem
374 1374 493 1425 acta,
529 1375 574 1413 et
608 1373 798 1425 statuta,
836 1383 926 1413 non
953 1374 1135 1413 servata
1160 1369 1305 1412 forma
1330 1381 1464 1425 supra
1488 1367 1692 1422 delinita,
1720 1367 1816 1411 sive
1841 1367 1886 1411 in
1912 1381 2017 1412 con-

240 1453 466 1506 vocando,
501 1453 600 1498 sive
635 1453 679 1496 in
716 1452 995 1497 moderando
1029 1456 1282 1496 conventu.
1322 1449 1536 1494 Parochis
1569 1449 1823 1508 ceterisque
1846 1449 1900 1493 de
1923 1448 2019 1507 qui-

240 1536 323 1581 hus
356 1551 507 1595 supra,
544 1536 617 1581 die
650 1540 696 1580 et
729 1537 826 1580 loco
860 1534 1044 1580 statutis
1080 1548 1215 1578 mane
1253 1535 1297 1577 in
1343 1547 1486 1576 unum
1532 1531 1836 1589 congregatis,
1884 1531 2020 1575 Missa

235 1620 453 1665 solemnis
486 1622 540 1664 de
574 1620 741 1679 Spiritu
778 1622 944 1664 Sancto
978 1618 1257 1662 celebretur:
1297 1616 1523 1674 Missaque
1557 1614 1703 1669 linita,
1740 1617 1925 1658 Praeses
1948 1627 2021 1658 su-

237 1719 316 1762 per
347 1705 485 1749 sedile
520 1705 564 1748 in
602 1704 751 1748 medio
789 1702 1013 1748 Ecclesiae
1047 1701 1282 1754 ascendet,
1320 1699 1640 1758 omnibusque,
1677 1712 1870 1756 quorum
1908 1697 2019 1741 nihil

236 1787 444 1843 interest,
481 1788 607 1832 exire
642 1787 788 1843 iussis,
827 1786 1089 1845 foribusque
1127 1784 1352 1829 Ecclesiae
1387 1783 1568 1837 clausis,
1608 1781 1811 1826 Vicarius
1853 1781 2019 1825 catalo-

235 1887 341 1931 gum
377 1873 621 1918 nominum
659 1872 961 1931 parochorum
999 1874 1045 1914 et
1078 1868 1427 1922 canonicorum,
1453 1866 1490 1912 si
1514 1865 1632 1911 adsit
1656 1866 1714 1909 ibi
1740 1863 2017 1922 Capitulum,

240 1956 464 2002 Dioecesis
499 1955 708 2001 vacantis
743 1953 940 1998 Praesidi
979 1952 1143 2006 tradet,
1178 1950 1255 2010 qui
1290 1949 1557 1994 eorumdem
1597 1946 1785 1992 nomina
1824 1946 1943 1990 clara
1968 1959 2020 1989 ac

234 2040 450 2084 distincta
486 2053 599 2083 voce
631 2053 655 2081 a
691 2036 945 2081 Secretario
980 2048 1062 2079 suo
1097 2032 1279 2078 recitari
1315 2030 1568 2084 mandabit,
1597 2034 1643 2073 et
1676 2028 1922 2086 unicuique
1946 2040 2017 2071 eo-

236 2138 356 2178 rum,
394 2127 634 2182 postquam
669 2119 846 2164 nomini
882 2115 1183 2175 responderit,
1220 2115 1377 2159 sedem
1413 2113 1640 2171 propriam
1674 2109 1939 2168 assignabit.
1969 2108 2020 2152 Si

236 2221 371 2262 unus,
407 2212 487 2251 aut
520 2207 670 2264 plures
703 2202 889 2262 parochi
923 2200 1092 2255 absint,
1130 2204 1314 2244 Praeses
1346 2213 1370 2242 a
1397 2196 1577 2242 Vicario
1603 2194 1917 2254 probationem
1942 2206 2020 2236 ex-

235 2292 387 2350 quiret
419 2289 684 2335 absentibus
716 2287 815 2332 sine
850 2286 1008 2330 fraude
1043 2284 1246 2329 edictum
1283 2283 1437 2336 fuisse,
1475 2286 1520 2326 et
1554 2280 1632 2325 tali
1656 2278 1924 2338 probatione
1944 2276 2020 2321 ad-

238 2374 391 2429 missa,
427 2374 634 2418 absentia
668 2369 871 2416 cuiusvis
906 2367 1106 2422 numeri,
1143 2367 1277 2411 modo
1310 2369 1473 2424 quarta
1508 2376 1609 2422 pars
1633 2361 1774 2406 totius
1804 2359 2020 2418 parocho-

238 2471 338 2502 rum
375 2456 555 2501 numeri
579 2455 712 2509 adsit,
741 2452 852 2497 nihil
876 2451 1090 2505 obstabit,
1119 2449 1367 2509 quominus
1391 2452 1489 2491 rata
1525 2452 1569 2490 et
1603 2445 1752 2490 valida
1786 2443 1879 2487 sint
1904 2455 2020 2500 quae

238 2540 284 2584 in
318 2539 527 2585 Comitiis
559 2540 793 2596 gerantur.

356 2624 478 2668 Idem
514 2621 796 2666 servandum
830 2619 917 2663 erit
950 2618 1072 2662 circa
1106 2616 1437 2661 canonicorum
1474 2625 1717 2657 numerum
1743 2610 1789 2654 in
1818 2607 2017 2654 Dioecesi

237 2707 284 2752 in
317 2721 405 2766 qua
439 2706 698 2764 Capitulum
720 2704 862 2747 adest.
892 2701 1105 2746 Parochis
1127 2715 1180 2744 ac
1203 2698 1440 2744 canonicis
1462 2695 1538 2756 qui
1566 2694 1730 2739 Vicarii
1757 2691 2018 2747 monitioni,

237 2792 335 2835 sive
369 2794 553 2848 propter
584 2788 824 2833 adversam
861 2785 1193 2838 valetudinem,
1229 2782 1428 2827 aliamve
1453 2780 1510 2824 ob
1533 2792 1718 2823 causam
1745 2791 1902 2835 parere
1928 2789 2018 2820 non

239 2875 441 2928 valeant,
477 2872 671 2916 liberum
706 2869 793 2915 erit
826 2867 1040 2923 suffragia
1074 2880 1155 2910 sua
1190 2863 1369 2923 propria
1405 2863 1604 2921 ipsorum
1641 2874 1781 2904 manu
1822 2857 2016 2916 scripta,

239 2957 478 3002 involucro
510 2954 705 3012 sigillato
739 2952 930 3006 inclusa,
967 2956 1012 2994 et
1044 2948 1334 2994 extrinsecus
1365 2945 1421 2990 ad
1456 2943 1713 2988 praesidem
1732 2941 1905 2986 directa
1927 2939 2020 2984 cui-

239 3043 310 3085 vis
342 3039 416 3084 alii
455 3038 651 3098 parocho
686 3035 758 3080 vel
791 3033 1015 3079 canonico
1049 3030 1251 3076 eiusdem
1291 3025 1515 3072 Dioecesis
1553 3023 1797 3079 confidere,
1841 3026 1888 3066 et
1929 3020 2019 3065 suf-
