2176 3386
166 0 271 42 -κεὲᾚ
413 24 425 35 .
447 1 487 22 ²»

561 197 691 227 Lmen
719 198 748 226 1.
779 197 836 226 DE
866 197 1004 226 manus
1032 196 1269 226 ECCLESIAE
1298 196 1624 226 SPIRITUALIBUS
1908 186 1986 226 135

198 306 313 351 tiam
346 305 537 365 protulit
565 305 604 350 si
637 305 772 364 paulo
805 309 907 364 post
951 304 1302 369 matrimonium
1343 309 1638 371 contractum
1679 306 1982 352 reclamatum

194 394 282 447 est,
319 389 394 434 sed
431 390 515 434 hoc
546 388 922 448 experimentum
957 389 1052 433 fere
1084 387 1305 434 exolevit.
1583 377 1588 384 ’

317 472 418 517 901.
454 474 703 516 Transacto
737 470 953 516 triennali
987 470 1307 528 experimento
1341 470 1398 515 ob
1431 470 1566 516 dubia
1601 471 1904 531 impotentiae
1927 473 1982 518 si-

192 569 284 614 gna
318 567 554 610 concesso,
589 553 625 598 si
660 568 753 598 non
788 554 983 598 iteratur
1017 552 1259 610 instantia,
1296 554 1409 598 nihil
1435 558 1709 612 praestatur,
1739 555 1817 599 sed
1840 554 1877 600 si
1901 555 1982 600 ite-

197 642 341 694 ratur,
376 639 527 683 denuo
560 637 768 683 facienda
804 641 874 681 est
905 637 1145 695 inspectio.
1182 641 1279 691 Qua
1317 642 1518 696 peracta,
1543 637 1579 682 si
1603 637 1731 696 signa
1755 638 1983 697 impoten-

194 721 287 767 tiae
319 721 418 766 sive
452 721 640 780 physice
673 720 927 777 evidentia,
961 720 1060 766 sive
1099 721 1337 766 moraliter
1368 726 1495 766 certa
1529 726 1709 780 reperta
1732 727 1857 778 sunt,
1884 737 1983 789 pro-

194 804 402 850 nuntiari
437 807 586 863 potest
618 804 823 860 nullitas,
859 804 1054 862 expletis
1085 818 1202 863 quae
1235 803 1444 863 superius
1467 804 1685 850 diximus.
1724 806 1766 850 Si
1791 819 1902 872 vero
1926 820 1983 872 ne

198 888 434 934 moraliter
465 888 650 947 quidem
684 891 810 932 certa
845 888 1019 932 fuerint
1054 892 1249 946 reperta,
1280 887 1357 932 sed
1380 887 1570 933 dubium
1595 892 1798 944 maneat,
1825 884 1983 933 viden·

195 972 305 1016 dum
338 975 408 1016 est
439 970 547 1030 quid
582 970 664 1029 ipsi
699 970 917 1028 coniuges
949 975 1174 1016 asserant.
1221 970 1263 1016 Si
1308 970 1381 1015 vir
1422 975 1559 1029 neget
1598 970 1737 1015 fuisse
1770 984 1984 1016 consum·

196 1061 376 1101 matum
412 1054 780 1111 matrimonium,
817 1054 990 1100 flemina
1029 1069 1139 1100 vero
1172 1055 1386 1110 affirmet,
1422 1054 1534 1100 fides
1566 1059 1635 1099 est
1667 1055 1876 1100 habenda
1919 1056 1983 1099 af-

192 1137 416 1194 firmanti,
454 1137 540 1182 nisi
577 1138 648 1182 vir
682 1151 762 1196 per
796 1142 1033 1195 aspectum
1069 1137 1272 1195 corporis
1304 1137 1556 1183 convincat
1588 1152 1690 1183 eam
1725 1151 1823 1183 esse
1847 1139 1983 1197 virgi·

194 1236 320 1266 nem.
358 1221 399 1266 Si
435 1220 607 1266 femina
643 1226 794 1279 neget,
833 1221 904 1265 vir
936 1226 1094 1266 autem
1128 1223 1341 1277 affirmet,
1378 1222 1488 1267 tides
1522 1222 1730 1268 habenda
1764 1228 1833 1268 est
1864 1222 1981 1278 viro,

194 1305 282 1350 nisi
317 1304 482 1350 mulier
517 1319 594 1363 per
626 1309 865 1363 aspectum
900 1304 1105 1363 corporis
1129 1305 1288 1363 probet
1310 1318 1357 1350 se
1384 1305 1613 1363 virginem
1642 1318 1755 1351 esse.
1792 1306 1984 1360 Quando

194 1402 306 1434 vero
328 1389 463 1433 dubia
488 1392 682 1433 manent
705 1388 853 1446 signa,
881 1387 1035 1447 praxis
1059 1393 1129 1433 est
1151 1389 1446 1447 dispensandi
1470 1391 1515 1434 in
1543 1389 1841 1434 matrimonio
1864 1392 1981 1444 rato,

188 1471 444 1516 dummodo
476 1475 658 1516 constet
692 1485 785 1517 non
821 1485 919 1517 esse
952 1476 1349 1517 consummatum.
1388 1471 1499 1516 Addi
1534 1471 1675 1517 etiam
1709 1472 1825 1517 solet
1861 1472 1983 1516 clau-

188 1554 308 1610 sula,
345 1559 395 1598 ut
430 1568 531 1613 pars
565 1555 795 1613 impotens
840 1555 962 1600 aliud
1008 1556 1358 1600 matrimonium
1402 1570 1494 1602 non
1536 1557 1782 1609 contrahat
1824 1539 1983 1602 incon·ss

191 1639 311 1682 suita
347 1640 386 1683 S.
420 1641 584 1696 Congr.
620 1652 737 1698 quae
772 1638 1035 1684 interdictio
1068 1645 1136 1684 est
1179 1643 1362 1684 tantum
1408 1639 1794 1699 impedimentum
1841 1640 1982 1699 impe·

189 1721 338 1766 diens.
376 1722 614 1766 Sententia
648 1736 776 1778 vem,
803 1736 891 1782 qua
918 1723 1270 1768 matrimonium
1294 1723 1575 1783 diremptum
1601 1729 1686 1780 est,
1713 1738 1819 1770 cum
1845 1739 1980 1770 num·

188 1819 331 1864 quam
365 1808 572 1850 transeat
603 1805 650 1850 in
687 1820 785 1850 rem
819 1806 1086 1862 iudicatam,
1123 1806 1222 1852 ideo
1256 1807 1291 1852 si
1327 1811 1484 1866 postea
1529 1809 1792 1868 apparuerit
1838 1810 1982 1869 impo-

193 1888 390 1933 tentiam
426 1889 497 1933 vel
532 1889 705 1934 nullam
742 1890 813 1934 vel
849 1904 939 1935 non
989 1896 1256 1949 perpetuam
1301 1891 1472 1948 fuisse,
1524 1893 1579 1937 ad
1629 1893 1980 1939 matrimonium

187 1972 471 2030 diremptum
508 1973 791 2018 redeundum
827 1979 912 2029 est,
947 1975 1164 2034 quamvis
1196 1979 1390 2035 uterque
1434 1976 1604 2022 coniux
1648 1978 1704 2022 ad
1751 1978 1838 2023 alia
1874 1983 1981 2024 vota

190 2053 427 2098 transierit
451 2054 482 2098 ¹.
519 2057 733 2100 Ceterum
767 2054 803 2099 si
839 2054 984 2113 putati
1022 2055 1241 2114 coniuges
1273 2060 1383 2100 sunt
1416 2056 1461 2101 in
1497 2057 1617 2102 bona
1650 2057 1763 2114 fide,
1808 2058 1982 2116 regula·

193 2136 304 2181 riter
338 2137 383 2182 in
419 2151 470 2182 ea
506 2137 796 2197 relinquendi
820 2143 930 2183 sunt
952 2138 983 2183 ².
1022 2143 1072 2183 In
1097 2152 1205 2185 casu
1228 2153 1318 2199 quo
1342 2140 1416 2184 lex
1439 2140 1590 2185 civilis
1613 2154 1705 2185 non
1737 2141 1976 2199 permittat

191 2218 375 2264 irritum
409 2220 641 2265 declarare
676 2221 1046 2278 matrimonium,
1071 2227 1118 2268 et
1142 2222 1344 2268 vicissim
1370 2224 1479 2269 illud
1506 2224 1684 2270 nullum
1709 2225 1879 2271 iudicet
1902 2227 1973 2271 lex

188 2304 433 2360 canonica,
471 2304 516 2349 in
551 2305 803 2351 subsidium
839 2311 988 2364 potest
1023 2307 1195 2363 vocari,
1234 2312 1411 2353 remoto
1436 2314 1592 2354 tamen
1616 2310 1847 2367 scandalo,
1876 2325 1974 2369 pro·

192 2387 287 2445 prie
320 2387 495 2432 dictum
529 2387 668 2433 civile
701 2389 971 2435 divortium.

689 2598 706 2644 ἕ
734 2600 766 2635 7.
793 2619 838 2624 -
864 2600 924 2636 De
951 2600 1239 2647 impedimento
1267 2602 1482 2648 Iiyaminis.

311 2729 412 2773 902.
453 2732 516 2773 Ex
550 2729 774 2774 libertatis
796 2730 979 2776 defectu
1002 2731 1150 2776 oritur
1182 2731 1565 2791 impedimentum
1604 2734 1833 2792 ligaminis
1858 2736 1902 2780 in
1925 2751 1980 2782 eo

190 2811 467 2868 consistens,
501 2811 622 2871 quod
654 2813 756 2872 quis
788 2813 911 2859 aliud
946 2815 1295 2860 matrimonium
1322 2816 1471 2861 valide
1495 2816 1667 2873 inierit,
1693 2832 1783 2877 quo
1807 2823 1977 2877 stante,

312 2989 322 3008 ¹
351 2990 486 3027 Bened.
514 2991 611 3034 XIV,
639 2991 762 3030 Const.
789 2993 856 3030 Dei
880 2995 1124 3033 miseratione.

313 3062 326 3080 ¹
352 3061 487 3099 ΑΝΝιΒ.
517 3064 559 3100 de
583 3064 693 3101 Matr.
721 3074 804 3111 pag.
830 3064 911 3104 258.
