2176 3386
218 154 298 194 286
890 165 1000 195 PAns
1028 166 1068 194 11.
1099 166 1156 194 DE
1185 165 1324 195 uenus

342 275 468 320 1261.
507 276 562 318 Ut
598 274 826 333 Episcopis
857 275 903 319 in
938 274 1178 320 Seminarii
1228 274 1452 333 regimine
1491 276 1671 336 aliquod
1716 282 1896 337 praesto
1936 279 1996 324 sit

218 359 522 414 adiutorium,
559 357 814 404 Concilium
847 358 965 403 Trid.
1003 357 1292 416 praescripsit
1327 358 1595 418 Episcopum
1633 360 1799 418 eligere
1831 361 1995 408 debere

218 441 330 486 duos
362 442 610 486 canonicos
647 455 841 501 quorum
888 440 1078 486 consilio
1120 445 1277 486 utatur
1315 442 1372 486 ad
1413 441 1701 500 disciplinam
1735 443 1991 490 Seminarii.

220 529 316 570 Duo
350 525 460 570 item
493 525 547 569 de
580 524 785 583 Capitulo
817 523 1029 569 sumendi
1062 529 1171 569 sunt
1201 539 1396 584 quorum
1431 527 1546 570 alter
1580 526 1636 571 ab
1672 526 1906 587 Episcopo,
1930 530 1992 573 al-

216 614 287 654 ter
317 609 375 653 ab
408 608 503 667 ipso
535 607 740 667 Capitulo
773 608 983 665 eligatur,
1010 622 1063 652 ac
1086 608 1175 653 duo
1198 608 1252 652 de
1277 609 1399 654 clero
1420 609 1626 654 civitatis
1647 625 1842 670 quorum
1876 625 1995 657 unus

217 692 274 737 ab
310 692 544 751 Episcopo,
579 691 693 736 alter
725 705 749 735 a
783 691 904 736 clero
937 689 1145 748 eligatur.
1183 695 1356 736 Horum
1389 696 1458 736 est
1489 692 1796 738 adhibendum
1846 694 1994 740 consi·

218 775 328 820 lium
366 776 410 819 in
447 775 499 819 iis
531 789 648 834 quae
682 774 1003 832 temporalium
1048 788 1200 819 rerum
1249 774 1698 821 administrationem
1741 781 1788 821 et
1820 781 1993 822 rectam

220 858 459 904 Seminarii
494 858 863 917 procurationem
905 857 1168 916 respiciunt.
1221 858 1304 916 {psi
1351 859 1553 917 perpetui
1587 863 1716 918 sunt,
1747 860 1855 906 hinc
1896 861 1995 907 sine

219 941 419 999 legitima
453 954 589 985 causa
623 940 828 985 amoveri
865 954 957 985 non
992 944 1213 998 possunt,
1249 955 1302 985 ac
1335 940 1529 986 redditio
1564 942 1791 989 rationum
1826 943 1994 1002 absque

219 1021 447 1081 deputatis
482 1022 618 1076 facta,
656 1021 777 1065 nulla
811 1027 1027 1066 censetur
1055 1024 1081 1067 ¹.

343 1088 466 1149 1262.
503 1108 613 1149 Cum
650 1119 759 1149 vero
794 1105 903 1150 locis
939 1105 1207 1150 missionum
1235 1107 1303 1150 vel
1338 1106 1595 1164 Capitulum
1632 1121 1723 1152 non
1757 1107 1897 1164 adsit,
1922 1108 1994 1152 vel

219 1189 328 1234 satis
370 1202 641 1233 numerosus
691 1189 868 1246 clerus,
907 1189 1013 1234 binc
1048 1189 1092 1233 in
1129 1190 1287 1234 eadem
1341 1194 1470 1234 [nstr.
1508 1191 1612 1235 data
1655 1190 1710 1235 ad
1755 1191 1996 1249 Episcopos

221 1271 457 1315 Americae
490 1270 739 1326 statuitur,
775 1271 893 1330 quod
927 1271 1129 1329 deputati
1179 1272 1340 1316 saltem
1374 1274 1461 1316 duo
1495 1285 1591 1316 esse
1642 1272 1840 1327 dehent,
1877 1286 1995 1317 unus

220 1369 298 1414 pro
346 1354 687 1413 spiritualibus,
723 1355 838 1399 alter
870 1370 949 1413 pro
985 1355 1337 1413 temporalibus,
1373 1357 1447 1415 qui
1492 1356 1685 1414 eligendi
1734 1360 1870 1400 erunt
1918 1369 1995 1414 pro

220 1438 484 1483 Seminariis
532 1438 814 1482 dioecesanis
846 1439 902 1482 ab
937 1438 1156 1498 Episcopo
1203 1440 1257 1483 de
1306 1439 1494 1484 consilio
1533 1440 1878 1494 consultorum,
1915 1452 1993 1496 pro

220 1522 579 1580 provincialibus
601 1523 657 1566 ab
683 1522 910 1580 Episcopis
932 1522 1242 1580 collegialiter.
1284 1526 1418 1567 Porro
1449 1522 1771 1580 deputatorum
1807 1521 1995 1566 consilio

219 1607 284 1651 uti
323 1606 567 1664 Episcopus
600 1606 733 1650 debet
766 1606 811 1650 in
846 1605 1132 1663 gravioribus
1166 1605 1375 1662 negotiis,
1401 1605 1654 1650 cuiusmodi
1688 1609 1795 1648 sunt
1828 1604 1994 1649 consti·

220 1689 336 1733 tutio
373 1690 649 1746 regularum,
690 1688 893 1733 Rectoris
924 1693 970 1733 et
1005 1688 1326 1745 magistrorum
1361 1689 1578 1743 delectus,
1605 1687 1876 1732 discolorum
1907 1687 1994 1731 eie-

220 1773 327 1828 ctio,
356 1773 614 1816 reddituum
642 1772 754 1817 ratio
779 1778 866 1817 etc.
904 1772 1126 1825 Quamvis
1152 1787 1259 1816 vero
1287 1772 1528 1830 Episcopus
1561 1785 1717 1816 eorum
1753 1771 1994 1816 consilium

221 1855 385 1900 debeat
417 1856 673 1915 exquirere,
713 1856 817 1900 illud
851 1861 1008 1900 tamen
1043 1856 1168 1915 sequi
1204 1870 1294 1901 non
1331 1861 1529 1900 tenetur.

342 1940 467 1984 1265.
509 1939 709 1998 Denique
744 1939 986 1984 Seminarii
1025 1944 1186 1983 Rector
1219 1944 1265 1982 et
1297 1939 1556 1984 sacerdotes
1587 1938 1879 1998 quicumque,
1918 1953 1996 1996 per

219 2034 332 2081 quos
364 2021 536 2065 alumni
572 2026 680 2066 sunt
713 2021 966 2077 erudiendi,
1002 2022 1120 2066 serio
1153 2023 1445 2066 considerent
1490 2035 1537 2066 se
1571 2035 1648 2066 eos
1690 2020 1995 2065 instituendos

220 2104 627 2164 int'ormandosque
660 2104 906 2163 suscipere,
931 2119 1125 2163 quorum
1157 2105 1379 2164 plerisque
1403 2109 1448 2149 et
1472 2105 1766 2149 ecclesiarum
1792 2103 1993 2161 regimen

219 2192 265 2233 et
298 2190 564 2246 populorum
600 2188 719 2233 salus
752 2189 995 2247 aliquando
1029 2189 1287 2246 incumbet,
1339 2189 1447 2234 hinc
1480 2202 1571 2233 non
1615 2187 1861 2247 quamdam
1895 2190 1994 2231 tan-

223 2275 318 2316 tum
370 2271 654 2330 privatorum
706 2286 802 2316 rem
836 2287 882 2317 se
916 2287 1071 2330 gerere
1110 2272 1402 2327 existiment,
1437 2272 1514 2316 sed
1566 2270 1790 2317 Ecclesiae
1838 2270 1992 2328 ipsius,

219 2359 356 2414 atque
389 2355 500 2400 adeo
526 2355 636 2400 nulli
661 2355 913 2403 industriae
948 2361 1153 2414 parcant.
1192 2356 1299 2401 Heic
1325 2369 1434 2400 vero
1467 2355 1722 2400 notandum
1745 2355 1866 2414 quod
1888 2366 1994 2398 con—

220 2437 394 2482 fessarii
430 2451 597 2482 munus
629 2452 734 2482 cum
771 2451 961 2482 munere
998 2437 1202 2483 Rectoris
1229 2437 1451 2483 cumulari
1487 2451 1578 2482 non
1613 2437 1762 2481 debet.

338 2600 346 2618 ¹
378 2600 429 2635 De
449 2600 663 2646 quaestione
681 2609 731 2636 an
748 2600 888 2637 alumni
909 2601 1022 2646 gratis
1042 2600 1198 2636 ¹admissi
1226 2599 1429 2636 seminario
1448 2608 1632 2645 expensas
1657 2597 1810 2635 reficere
1836 2597 1994 2634 debeant

219 2672 249 2708 si
278 2671 465 2708 Ecclesiae
490 2676 609 2708 castra
634 2673 814 2715 deserant,
841 2673 973 2718 triplex
999 2671 1157 2708 efficitur
1183 2671 1416 2717 hypothesis.
1449 2670 1485 2706 Si
1513 2670 1551 2706 in
1577 2670 1791 2706 fundatione
1830 2669 1993 2705 locorum

219 2744 459 2790 gratuitorum
487 2744 588 2781 nulla
613 2745 776 2781 conditio
803 2744 911 2781 fuerit
929 2753 1081 2790 prorsus
1107 2743 1259 2786 adiecta,
1286 2742 1456 2788 negative
1486 2742 1739 2788 respondetur.
1770 2740 1889 2777 Aliter
1913 2748 1992 2794 sen-

219 2815 395 2858 tiendum,
414 2815 444 2851 si
470 2816 564 2851 adsit
591 2816 784 2862 dispositio
804 2815 995 2862 synodalis
1014 2819 1076 2852 aut
1096 2815 1261 2860 legitima
1279 2813 1508 2851 consuetudo
1534 2816 1574 2849 ut
1591 2820 1775 2858 expensae
1800 2810 1994 2848 restituan-

217 2891 285 2923 tur.
313 2887 404 2923 Item
429 2887 676 2924 restituendas
701 2897 795 2930 esse,
822 2888 854 2924 si
882 2887 916 2924 id
944 2887 982 2923 in
1007 2886 1221 2924 fundatione
1249 2885 1442 2922 Seminarii
1470 2884 1526 2921 vel
1553 2884 1591 2920 in
1616 2883 1801 2921 erectione
1828 2883 1994 2919 locorum

217 2938 460 3002 gratuitorum
486 2963 633 2995 cautum
673 2958 799 3001 fuerit,
827 2957 1013 3004 colligitur
1039 2967 1084 2994 ex
1110 2956 1400 2994 resolutionibus
1437 2955 1594 2992 duarum
1620 2963 1813 2992 causarum
1839 2952 1946 2990 editis
1972 2961 1994 2988 a

220 3029 253 3065 S.
280 3029 317 3065 C.
345 3028 454 3065 Conc.
481 3028 519 3064 in
551 3028 689 3066 Tiburt.
718 3029 755 3065 11
786 3029 906 3066 martii
935 3027 1036 3071 1752,
1063 3037 1106 3065 ac
1131 3028 1169 3064 in
1195 3028 1401 3064 Ferrarien.
1429 3027 1475 3063 20
1500 3026 1572 3063 ian.
1600 3026 1702 3063 1821.
