2176 3386
229 185 308 225 230
900 197 1009 227 PARS
1039 198 1078 227 11.
1110 198 1167 226 DE
1197 197 1334 227 REBUS

228 304 499 350 missionum
531 303 672 350 etiam
715 304 1009 350 heterodoxis
1040 304 1096 349 ad
1129 304 1392 350 huiusmodi
1436 305 1614 350 scholas
1653 306 1804 352 aditus
1835 312 2005 366 pateat.

230 389 444 433 Attamen
485 388 625 433 etiam
659 388 704 432 in
741 387 810 433 his
841 387 1093 433 catholicae
1140 387 1400 432 iuventutis
1445 387 1675 434 institutio
1721 403 1813 435 non
1860 391 2010 437 omnis

228 471 416 531 periculi
449 484 613 530 expers
644 475 727 516 est.
766 470 954 516 Assidua
987 470 1113 515 enim
1145 475 1192 515 et
1223 469 1491 529 quotidiana
1538 472 1821 518 consuetudo
1854 474 2008 519 catho-

227 554 420 600 licorum
453 569 558 601 cum
592 553 858 599 acatholicis
890 554 1144 613 periculum
1178 553 1362 612 ingerit,
1397 568 1454 598 ne
1487 554 1700 599 catholici
1733 569 1898 614 pravas
1930 557 2007 601 ho·

228 653 329 683 rum
364 638 598 683 doctrinas
639 637 812 683 incauti
854 638 1071 682 hauriant
1102 641 1148 682 et
1180 637 1462 683 combibant.
1515 637 1630 682 Huic
1675 637 1874 696 periculo
1905 638 2007 683 sub-

228 722 458 767 movendo
492 721 647 766 variae
681 720 978 779 praestitutae
1026 724 1134 764 sunt
1183 735 1373 765 normae
1408 734 1487 779 pro
1521 719 1661 765 variis
1707 720 2008 766 circumstan-

229 806 398 851 tiarum
451 805 695 850 adiunctis.
755 804 989 849 interdum
1049 805 1378 863 praescriptum
1433 804 1519 849 fuit
1571 809 1622 849 ut
1673 804 1913 850 acatholici
1962 805 2008 850 in

229 894 437 949 separata
470 890 572 934 aula
607 889 911 932 instituantur
936 888 963 931 ².
1017 893 1129 933 Item
1164 886 1496 946 praescriptum
1542 887 1628 932 fuit
1666 893 1716 931 ut
1749 902 1827 946 per
1870 889 2009 945 magi-

229 979 427 1019 strorum
477 972 761 1030 diligentiam
794 984 847 1015 ac
882 985 960 1028 per
991 971 1220 1015 delectum
1264 970 1487 1015 iuvenum
1522 970 1898 1027 acatholicorum,
1934 984 2011 1015 eos

229 1058 403 1102 scilicet
438 1055 716 1100 removendo
748 1054 825 1114 qui
861 1054 988 1098 bonis
1022 1053 1225 1098 moribus
1270 1067 1361 1098 non
1403 1058 1667 1111 praestant,
1703 1053 2011 1112 perversionis

228 1141 481 1199 periculum
517 1142 826 1182 removeatur.

352 1223 477 1267 1120.
515 1221 671 1274 Quoad
705 1220 896 1278 Collegia
936 1220 1079 1265 mixta
1113 1222 1182 1277 5),
1219 1234 1325 1265 curn
1368 1234 1529 1265 norma
1563 1220 1753 1265 omnino
1790 1220 2012 1278 generalis

229 1307 325 1352 dari
362 1320 452 1351 non
489 1305 626 1364 possit
658 1304 845 1349 cuilibet
885 1304 1009 1348 casui
1048 1304 1351 1363 applicanda,
1389 1307 1429 1348 S.
1467 1307 1628 1361 Congr.
1667 1304 1760 1348 Fid.
1799 1307 1927 1362 Prop.
1963 1304 2010 1348 in

229 1391 409 1436 casibus
443 1389 792 1448 particularibus
825 1394 875 1433 ut
908 1393 1188 1447 opportunas
1223 1388 1466 1433 facultates
1499 1389 1746 1445 elargiatur
1777 1387 1936 1446 exigit,
1962 1393 2012 1432 ut

231 1478 475 1533 sequentes
523 1472 713 1517 notitiae
755 1472 800 1516 in
841 1477 1131 1516 antecessum
1166 1471 1205 1516 ei
1240 1471 1562 1516 exhibeantur.
1613 1471 1792 1515 Scilicet
1823 1471 2012 1530 quinam

231 1556 418 1614 collegio
451 1556 505 1600 de
538 1569 627 1614 quo
658 1554 808 1612 agitur
857 1554 1156 1612 praestitutus
1188 1554 1246 1598 sit
1280 1554 1415 1609 linis,
1451 1567 1680 1613 quaenam
1724 1553 1783 1598 sit
1815 1553 2014 1598 conditio

232 1645 278 1684 et
310 1645 436 1684 aetas
468 1640 761 1683 alumnorum
797 1637 964 1682 ibidem
999 1637 1281 1695 degentium,
1319 1637 1509 1696 quinam
1547 1638 1710 1695 gradus
1743 1643 1789 1682 et
1821 1637 2015 1697 qualitas

230 1722 536 1768 institutionis
568 1735 684 1781 quae
719 1721 775 1764 ibi
811 1720 1089 1779 impertitur,
1126 1721 1314 1780 quinam
1353 1722 1614 1778 regularum
1649 1721 1793 1765 codex
1827 1720 2011 1766 interio-

234 1822 330 1853 rem
364 1806 538 1863 collegii
573 1804 860 1863 disciplinam
897 1804 1189 1860 moderetur,
1226 1818 1455 1863 quaenam
1502 1805 1747 1849 relationes
1795 1806 1916 1849 inter
1949 1805 2013 1849 iu—

233 1905 375 1936 venes
407 1888 656 1934 catholicos
688 1892 733 1932 et
765 1887 1044 1933 acatholicos
1081 1888 1169 1945 (vel
1204 1887 1392 1945 puellas,
1419 1887 1455 1931 si
1480 1888 1534 1931 de
1559 1887 1766 1932 muliebri
1801 1887 2014 1933 instituto

232 1976 408 2033 agatur)
445 1973 679 2027 existant,
716 1986 773 2016 an
809 1971 982 2016 scilicet
1030 1971 1169 2016 libere
1203 1970 1325 2015 inter
1357 1984 1403 2016 se
1438 1973 1702 2016 conversari
1742 1976 1788 2015 et
1819 1971 2013 2031 colloqui

234 2058 506 2117 permissum
554 2057 643 2111 sit,
680 2071 736 2100 au
771 2055 835 2099 eis
870 2054 1066 2099 vetitum
1100 2055 1154 2098 dc
1188 2054 1405 2113 religione
1452 2068 1713 2100 sermonem
1754 2055 2009 2101 instituere.

235 2144 299 2188 Ad
332 2143 475 2196 haec,
511 2141 739 2200 quomodo
785 2138 1026 2184 acatholici
1071 2139 1116 2183 in
1159 2138 1375 2196 religione
1427 2139 1716 2195 educentur,
1751 2153 1809 2184 an
1843 2139 2017 2184 scilicet

233 2225 452 2270 catholice
487 2224 789 2268 instituantur
821 2223 990 2281 absque
1023 2222 1096 2266 vel
1130 2236 1235 2266 cum
1272 2225 1515 2279 parentum
1552 2234 1795 2277 consensu,
1831 2227 1876 2266 et
1907 2235 2015 2280 qua-

233 2313 370 2353 tenus
416 2306 640 2351 catholice
675 2319 765 2349 non
802 2304 1129 2361 instituantur,
1165 2319 1223 2349 an
1259 2306 1326 2349 fas
1360 2304 1466 2363 ipsis
1506 2304 1563 2349 sit
1597 2306 1669 2349 vel
1703 2304 1916 2362 obligatio
1948 2305 2015 2349 in·

234 2392 422 2438 cumbat
454 2389 757 2435 interessendi
780 2403 884 2434 cum
910 2388 1147 2433 catholicis
1171 2388 1334 2433 missae
1357 2387 1581 2433 sacrificio
1614 2388 1801 2448 aliisque
1836 2389 2016 2447 pietatis

234 2476 409 2530 officiis,
445 2489 503 2519 an
537 2474 767 2519 abstinere
805 2487 830 2518 a
863 2473 1165 2517 sacramentis
1203 2471 1506 2529 suscipiendis
1539 2472 1757 2528 debeant,
1793 2487 1851 2517 an
1886 2473 2017 2517 statis

235 2560 392 2605 diebus
441 2559 547 2617 ipsis
597 2557 889 2616 permittatur
922 2556 977 2601 ad
1011 2555 1214 2614 proprias
1260 2555 1476 2600 ecclesias
1517 2568 1565 2601 se
1598 2556 1833 2612 conferre,
1867 2569 2015 2601 sacra·

236 2648 498 2688 mentorum
533 2640 927 2699 suscipiendorum
951 2652 1101 2683 causa.
1140 2638 1341 2697 Denique
1366 2638 1557 2697 quinam
1581 2638 1639 2682 sit
1660 2651 1883 2683 numerus
1914 2651 2014 2682 aca-

234 2727 510 2772 tholicorum
544 2726 790 2782 respective
821 2723 877 2767 ad
910 2721 1175 2767 catholicos.
1212 2721 1497 2766 Praestiterit
1529 2725 1686 2766 tamen
1722 2721 1821 2765 heic
1845 2721 2015 2765 referre

235 2810 471 2855 decretum
507 2811 548 2854 S.
575 2808 710 2852 L'niv.
742 2812 867 2866 inqu.
900 2805 971 2850 die
1008 2806 1023 2850 1
1064 2803 1174 2849 iunii
1213 2804 1323 2850 1866
1357 2805 1519 2860 latum,
1554 2803 1673 2863 quod
1707 2803 1791 2847 etsi
1831 2817 1910 2861 pro
1942 2817 2013 2861 ge-

238 2892 381 2938 nerali
416 2906 576 2936 norma
611 2890 764 2936 haberi
800 2905 891 2935 non
928 2890 1093 2948 possit,
1131 2893 1289 2934 tamen
1322 2888 1545 2933 inserviet
1583 2888 1638 2932 ad
1678 2887 2017 2945 cognoscendas

237 2976 455 3032 cautelas,
490 2989 606 3034 quae
641 2975 685 3019 in
722 2973 982 3019 huiusmodi
1018 2972 1218 3031 collegiis
1250 2972 1536 3016 adhibendae
1569 2971 1676 3016 siut.

356 3120 365 3139 ¹
394 3120 429 3158 S.
456 3118 493 3156 C.
520 3119 596 3155 Fid.
616 3119 723 3164 Prop.
752 3118 796 3154 18
822 3118 899 3155 dec.
930 3116 1032 3154 1742.

2167 1006 2169 1011 ·
2162 964 2176 989 ἰ·
2158 813 2176 948 ’ΧΨΙΜ
