2176 3386
223 225 306 264 432
871 238 980 267 PARS
1010 239 1032 266 ι.
1065 239 1120 267 DE
1149 239 1360 268 Pensoisis

229 347 339 389 voto
371 344 564 390 solemni
600 346 879 404 paupertatis
928 346 1038 391 nihil
1074 348 1306 406 proprium
1341 349 1508 398 habere
1556 355 1703 409 potest
1749 365 1908 396 earum
1942 367 2008 397 re·

229 443 350 485 rum,
384 443 502 490 quae
535 430 679 488 pretio
711 430 1032 487 aestimantur,
1053 437 1100 476 et
1130 432 1348 492 quidquid
1380 433 1597 493 adquirit,
1634 435 1912 480 monasterio
1933 435 2010 480 ad-

221 512 382 571 quirit.
418 512 536 557 Hinc
568 526 682 572 quae
716 512 757 557 ei
791 513 1062 558 deferuntur
1095 513 1286 559 ultimae
1322 515 1573 561 voluntatis
1606 516 1798 573 actibus,
1824 517 1880 562 ad
1914 531 2008 562 mo-

228 594 482 640 nasterium
517 600 638 640 recta
668 594 738 639 via
765 595 1012 653 pertinent,
1038 611 1155 656 quae
1189 598 1366 642 actibus
1400 612 1476 642 seu
1505 598 1653 657 potius
1686 599 2011 645 donationibus

226 678 352 724 inter
375 678 523 735 vivos,
552 679 751 737 ipsorum
787 679 1060 735 ministerio,
1086 681 1288 741 adeoque
1323 682 1506 727 nonnisi
1537 682 1643 741 ipsis
1665 683 2012 742 acceptantibus

230 765 489 806 transeunt.
529 761 834 819 Principium:
876 782 895 801 α
928 762 1162 820 Quidquid
1184 753 1435 820 Regularis
1467 766 1671 823 acquirit
1703 778 1797 808 non
1829 765 1915 809 sibi
1933 764 2012 809 sed

229 847 514 889 monasterio
548 847 750 904 acquirit
776 864 793 884 ν,
831 859 994 889 verum
1028 849 1096 890 est
1129 846 1307 905 quoties
1328 847 1382 891 de
1411 847 1704 905 Regularibus
1735 847 2010 892 solemnium

235 932 448 973 votorum
482 932 671 985 agatur,
707 941 760 972 ac
793 928 847 972 de
880 928 1039 973 ordine
1072 934 1234 987 agatur
1264 931 1340 988 qui
1374 944 1432 974 ex
1466 930 1559 974 suis
1596 930 1780 975 statutis
1821 929 2012 975 dominii

230 1024 377 1068 capax
411 1009 485 1055 sit.
530 1016 679 1063 Quare
715 1014 1043 1055 testamentum
1087 1025 1176 1070 quo
1210 1010 1355 1056 Titius
1396 1013 1709 1071 Cappuccinus
1748 1013 1879 1058 heres
1912 1013 2010 1056 reli·

232 1097 335 1138 ctus
368 1094 505 1138 fuerit
542 1094 717 1138 nullum
754 1099 819 1138 esi
854 1108 957 1138 cum
995 1109 1078 1139 nec
1112 1095 1271 1150 Titius,
1298 1110 1382 1140 nee
1418 1096 1746 1141 Monasterium
1780 1110 1860 1141 seu
1892 1096 2012 1141 Ordo

234 1177 536 1222 hereditatem
562 1177 769 1235 accipere
798 1177 987 1235 possint.
1015 1180 1151 1222 Secus
1178 1193 1286 1223 vero
1309 1180 1345 1224 si
1368 1179 1421 1224 dc
1448 1179 1689 1225 Missurum
1709 1180 1856 1237 legato
1879 1194 1920 1224 v.
1944 1194 2008 1237 gr.

230 1266 421 1319 agatur3
457 1266 569 1305 tunc
593 1262 715 1305 enim
742 1262 891 1319 potius
923 1262 975 1305 de
1000 1262 1292 1321 eleemosyna
1316 1267 1541 1320 ageretur.
1582 1267 1643 1307 Ex
1669 1277 1757 1322 quo
1783 1267 1906 1320 palet
1938 1275 2014 1306 eos

235 1358 319 1389 nec
353 1344 560 1402 accipere
595 1344 841 1403 quidquam
878 1358 1005 1403 posse
1044 1346 1231 1391 nomine
1264 1361 1362 1402 suo,
1396 1346 1610 1405 quamvis
1641 1347 1798 1391 datum
1832 1360 1884 1390 ea
1919 1347 2014 1403 lege

233 1429 293 1472 sit
326 1433 376 1472 ut
410 1428 609 1486 ipsorum
646 1427 739 1484 fiat,
766 1443 850 1473 nec
886 1429 930 1473 in
959 1429 1071 1474 alios
1108 1431 1353 1474 transferre
1377 1430 1541 1489 quovis
1565 1430 1714 1484 titulo,
1743 1444 1826 1475 nec
1862 1429 2014 1473 remit·

235 1517 348 1567 tere,
375 1514 410 1556 si
433 1512 537 1572 quid
575 1514 690 1556 forie
725 1513 789 1558 cis
821 1513 1028 1570 debetur,
1055 1518 1105 1558 ut
1129 1519 1234 1572 puta
1260 1514 1481 1570 livelluin,
1508 1530 1592 1560 nec
1627 1520 1903 1573 permutare,
1930 1528 2014 1559 nec

234 1597 530 1642 commodare
566 1611 621 1641 ne
654 1597 857 1642 eiusdem
891 1596 1074 1657 quidem
1109 1598 1316 1643 coenobii
1353 1599 1584 1654 fratribus,
1624 1612 1706 1643 nec
1740 1597 1783 1641 in
1820 1597 2012 1642 eleemo-

232 1694 401 1738 synam
436 1681 558 1725 dare.
616 1680 879 1740 Excipiendi
919 1687 1027 1726 sunt
1076 1682 1262 1740 professi
1299 1682 1342 1726 in
1393 1685 1489 1726 Soc.
1530 1686 1625 1726 lesu
1674 1681 1751 1740 qui
1793 1681 2015 1726 solemnia

237 1767 345 1807 vota
386 1763 775 1821 nuncupaverint,
813 1763 856 1807 hi
891 1763 1016 1808 enim
1052 1764 1247 1809 radicale
1280 1764 1535 1809 dominium
1572 1765 1794 1809 bonorum
1828 1777 2015 1808 suorum

238 1851 441 1894 retinent
473 1853 519 1893 et
553 1863 631 1907 per
664 1848 1022 1905 haereditatem,
1058 1850 1132 1894 vel
1176 1849 1472 1894 donationem
1520 1849 1758 1908 adquirere
1809 1855 2013 1907 possunt,

233 1932 450 1991 quamvis
472 1932 537 1977 eis
560 1932 624 1975 uti
648 1936 693 1976 et
714 1931 953 1990 disponere
978 1932 1098 1977 licite
1122 1932 1219 1977 sine
1244 1931 1494 1989 Superioris
1517 1944 1742 1976 consensu
1768 1935 2013 1990 nequeant.

241 2018 484 2074 Regularcs
519 2016 791 2062 Missionarii
828 2017 1053 2061 indultum
1089 2017 1300 2062 obtinent
1329 2016 1581 2075 accipiendi
1605 2030 1658 2061 ac
1684 2015 1908 2060 retinendi
1943 2029 2016 2073 pe·

234 2099 423 2144 cuniam
459 2099 577 2143 intra
610 2099 748 2158 ipsius
784 2099 944 2144 indulti
980 2101 1149 2144 limites
1175 2101 1203 2144 ¹.
1243 2105 1379 2145 Porro
1413 2099 1468 2144 ad
1493 2099 1785 2158 professionis
1810 2099 2016 2144 validita-

236 2187 332 2227 tem
368 2182 638 2242 requiritur:
680 2185 716 2238 l)
744 2184 799 2226 [t
832 2183 911 2227 siat
938 2183 984 2227 in
1017 2187 1168 2228 aetate
1204 2183 1429 2242 legitima,
1467 2184 1508 2239 9.)
1542 2183 1711 2238 Libere,
1750 2197 1840 2227 non
1870 2183 2016 2227 solum

235 2266 295 2309 ab
327 2279 480 2310 errore
515 2271 560 2310 et
594 2265 849 2323 ignorantia
876 2266 907 2321 ²,
944 2266 1019 2310 sed
1055 2266 1194 2310 etiam
1227 2280 1251 2310 a
1280 2266 1323 2310 vi
1359 2272 1575 2325 metuque
1608 2266 1664 2310 ad
1687 2266 1830 2324 ipsam
1865 2269 2016 2310 extor-

239 2395 320 2432 ferri
342 2405 417 2432 non
436 2406 546 2441 posse
568 2397 762 2442 parochias
782 2397 1000 2434 saeculares.
1029 2397 1106 2433 Hoc
1126 2397 1307 2434 indultum
1336 2398 1553 2434 conceditur
1571 2398 1766 2444 Episcopis
1786 2399 1866 2434 Sac.
1885 2399 2019 2444 Congr.

236 2467 316 2503 Fid.
333 2468 439 2513 Prop.
460 2468 636 2504 subiectis
663 2478 746 2505 cum
774 2468 940 2505 clausula
966 2472 1087 2504 tamen
1122 2483 1134 2499 a
1155 2470 1192 2505 in
1219 2469 1361 2506 defectu
1389 2469 1636 2506 saecularium
1655 2483 1668 2501 »
1702 2474 1737 2507 et
1763 2470 1807 2506 dc
1834 2479 2019 2508 consensu

239 2549 391 2576 suorum
419 2539 670 2585 Super-iorum,
692 2541 754 2586 qui
782 2550 986 2578 consensus
1014 2541 1245 2578 necessarius
1273 2545 1326 2578 est
1353 2551 1428 2578 non
1455 2546 1596 2578 tantum
1624 2546 1663 2578 ut
1690 2542 1865 2588 parochia
1891 2542 1929 2578 in
1955 2552 2019 2587 po-

241 2616 378 2648 sterum
406 2622 471 2657 per
497 2612 670 2648 Ordinem
698 2613 742 2650 de
769 2613 920 2649 Rectore
948 2613 1191 2657 provideatur,
1217 2613 1280 2649 sed
1307 2613 1416 2649 etiam
1446 2617 1484 2649 ut
1510 2612 1591 2649 talis
1619 2613 1676 2650 vel
1703 2613 1785 2649 talis
1811 2623 1857 2649 ex
1884 2612 2019 2650 Ordine

242 2682 485 2728 praeficiatur.
511 2683 581 2719 Per
607 2682 794 2729 regulares
821 2693 906 2719 vero
934 2683 1190 2729 intelliguntur
1216 2683 1404 2729 regulares
1430 2688 1596 2721 votorum
1624 2683 1860 2720 solemnium.
1881 2684 2021 2720 Notan-

239 2753 328 2789 dum
356 2753 507 2799 insupcr
532 2758 588 2790 est
607 2754 817 2791 huiusmodi
839 2754 1021 2791 facultatis
1042 2755 1074 2790 vi
1095 2754 1173 2790 sine
1192 2755 1265 2791 alia
1284 2755 1521 2801 Apostolicae
1540 2755 1644 2791 Sedis
1672 2754 1791 2798 venia,
1809 2754 2018 2807 Episcopos

240 2834 319 2862 non
347 2835 455 2871 posse
482 2826 694 2871 parochiam
716 2826 825 2863 alicui
846 2826 1002 2863 familiae
1030 2826 1224 2872 religiosae
1244 2827 1281 2862 in
1302 2830 1519 2872 perpetuum
1546 2826 1710 2869 tradere;
1738 2825 1892 2862 facultas
1918 2825 2018 2861 enim

236 2895 418 2934 limitatur
435 2907 500 2943 per
519 2897 722 2934 clausulam
757 2911 770 2929 ι
789 2899 827 2934 in
843 2898 985 2934 defectu
1004 2897 1250 2934 saecularium
1270 2911 1302 2940 »‚
1331 2897 1476 2934 traditio
1495 2902 1617 2934 autem
1637 2898 1675 2932 in
1694 2903 1913 2943 perpetuum
1932 2907 2021 2943 sup-

239 2967 347 3013 ponit
374 2968 621 3011 traditionem,
647 2978 739 3014 quae
767 2968 922 3006 valitura
948 2969 995 3005 sit
1019 2969 1128 3005 etiam
1156 2969 1243 3005 dum
1271 2978 1347 3005 non
1373 2969 1526 3006 deerunt
1551 2968 1771 3006 saeculares.

365 3039 373 3057 ¹
403 3038 635 3076 Collectanea
661 3050 695 3076 n.
722 3038 801 3082 592,
827 3040 909 3084 598,
935 3040 1016 3077 415.

365 3110 377 3128 ²
404 3111 490 3157 Cap.
520 3111 563 3147 15
589 3111 634 3147 de
661 3111 748 3157 Reg.

2139 2888 2153 2907 t

2135 3032 2148 3059 ε

2132 3063 2153 3088 ¹3

2130 3102 2152 3136 ἴ

2085 3149 2176 3386 ll
