2176 3386
1751 0 2030 22 :·‚*r--·-·rr.r,-*z·.¹¹r
2079 8 2082 9 ν

1847 32 1850 34 -
1956 31 1960 38 ,

249 210 302 251 66
920 225 1031 254 PARS
1060 226 1101 254 11.
1137 226 1193 254 DE
1227 226 1365 255 miuus

869 383 887 429 ἓ
916 385 949 420 4.
975 405 1022 408 -
1048 384 1110 420 De
1145 384 1415 422 Absolutione.

366 502 467 547 729.
505 501 764 558 Absolufflo,
813 516 929 562 quae
962 507 1032 547 est
1073 516 1175 560 pars
1206 502 1464 549 essentialis
1505 504 1640 550 huius
1671 506 1949 551 sacramenti
1986 510 2040 552 et

247 583 416 629 dicitur
448 586 594 630 forma
638 585 683 629 in
717 600 805 645 qua
840 586 1085 644 praecipue
1123 586 1258 630 huius
1290 586 1569 632 sacramenti
1603 587 1672 632 vis
1705 588 1791 633 sita
1824 593 1917 646 est,
1963 594 2033 635 est

247 661 439 720 prolatio
471 663 731 708 sententiae
774 664 893 708 facta
927 677 951 708 a
986 663 1229 708 Sacerdote
1273 668 1460 721 potente
1498 669 1544 709 et
1578 664 1761 710 volente
1793 666 2038 713 absolvere

246 761 271 792 a
306 747 518 805 peccatis.
574 747 805 792 Absolutio
841 761 931 792 non
967 750 1116 804 potest
1147 746 1242 792 dari
1276 747 1543 794 absentibus
1574 763 1655 808 per
1686 749 1922 808 epistolam
1957 753 2032 797 vel

249 845 327 888 per
360 829 724 886 internuncium,
763 844 846 875 nec
868 829 962 874 dari
990 834 1137 888 potest
1172 829 1359 875 nutibus
1380 830 1570 890 aliisque
1592 831 1749 890 signis,
1779 833 1857 877 sed
1881 834 2040 879 verbis

245 928 270 959 a
305 913 547 958 Sacerdote
581 913 782 972 prolatis.
835 913 981 957 Verba
1016 918 1170 958 autem
1206 913 1375 958 debent
1401 927 1497 959 esse
1531 914 1668 959 haec:
1708 935 1727 956 a
1758 919 1845 973 Ego
1878 920 1923 961 te
1954 917 2030 961 ab·

245 997 372 1041 solvo
404 1010 428 1040 a
465 995 662 1053 peccatis
693 995 784 1040 tuis
817 995 863 1039 in
898 995 1085 1040 nomine
1121 996 1291 1052 Patris,
1322 1002 1410 1042 etc.
1441 1016 1479 1042 n.
1535 998 1702 1043 Omnia
1744 998 1855 1043 haec
1889 999 2033 1045 verba:

246 1079 502 1124 necessario
532 1079 720 1137 proferri
744 1079 911 1123 debent
935 1079 1210 1125 necessitate
1234 1080 1479 1139 praecepti,
1508 1095 1598 1126 non
1624 1095 1733 1126 vero
1757 1082 2036 1128 necessitate

245 1163 541 1219 sacramenti,
575 1164 631 1209 ad
656 1163 791 1209 huius
821 1163 944 1209 enim
971 1164 1174 1209 valorem
1210 1165 1473 1209 sufficerent
1495 1165 1634 1210 verba
1661 1185 1680 1205 u
1703 1165 1898 1211 Absolvo
1922 1171 1965 1211 te
1986 1185 2032 1211 ni
2088 1172 2090 1179 ⁴

244 1247 467 1303 Quamvis
500 1262 611 1292 vero
643 1247 991 1293 sacramentalis
1024 1247 1269 1292 efficientia
1303 1247 1475 1306 optime
1507 1262 1586 1306 per
1619 1248 1919 1294 indicativam
1953 1250 2029 1293 ab·

244 1332 484 1377 solutionis
508 1332 751 1376 formulam
775 1331 1075 1389 significetur,
1096 1346 1234 1390 quam
1257 1346 1382 1377 nunc
1399 1331 1613 1377 adhibere
1633 1332 1859 1389 iubemur,
1881 1337 2038 1392 potest

244 1419 400 1459 tamen
437 1429 515 1472 per
546 1428 592 1459 se
626 1414 735 1459 satis
767 1415 962 1473 exprimi
998 1415 1193 1460 formula
1229 1415 1368 1460 etiam
1394 1415 1704 1474 deprecativa,
1739 1422 1825 1476 qua
1861 1417 2027 1462 instru-

243 1497 457 1542 mentalis
489 1503 535 1542 et
560 1498 870 1543 ministerialis
893 1512 1059 1543 causae
1093 1499 1397 1557 dependentia
1422 1514 1446 1543 a
1470 1512 1606 1544 causa
1631 1499 1834 1557 principe
1857 1499 2036 1544 directe

243 1580 542 1639 significatur,
580 1586 629 1625 ut
661 1596 719 1626 ex
755 1582 974 1640 liturgicis
1005 1582 1296 1642 antiquitatis
1331 1582 1645 1628 monumentis
1677 1583 1916 1641 colligitur.

362 1666 464 1710 750.
504 1670 640 1711 Porro
674 1666 781 1711 illud
815 1666 861 1710 in
899 1666 1058 1724 primis
1090 1665 1363 1711 Confessarii
1398 1667 1564 1711 habere
1595 1667 1764 1711 debent
1795 1667 1951 1712 animo
1979 1667 2027 1712 fi-

242 1762 370 1804 xum,
408 1752 681 1805 potestatem
716 1747 1035 1793 Sacerdotibus
1076 1748 1230 1793 datam
1274 1748 1320 1792 in
1359 1762 1464 1803 eos,
1508 1747 1583 1808 qui
1626 1750 1681 1794 ad
1716 1750 2034 1807 poenitentiae

242 1832 441 1876 tribunal
474 1831 718 1887 accedunt,
754 1831 951 1878 discreto
986 1832 1194 1891 iustoque
1219 1832 1386 1877 iudicio
1420 1837 1517 1878 tum
1545 1833 1589 1877 in
1615 1832 1902 1878 remittendis
1925 1847 2030 1892 pec--

240 1914 370 1969 catis,
407 1919 505 1959 tum
544 1914 587 1959 in
614 1914 867 1959 retinendis
892 1928 990 1959 esse
1014 1915 1337 1960 exercendam.
1379 1914 1558 1960 Etenim
1587 1915 1825 1973 Confessor
1860 1915 2036 1976 (inquit.

242 2000 406 2042 Suarez
438 1996 551 2055 disp.
579 1998 651 2051 52,
686 2000 799 2042 sect.
826 1998 867 2054 2)
903 2003 1086 2041 tenetur
1122 1999 1348 2041 iustitiam
1371 2003 1411 2041 et
1433 1998 1708 2054 religionem
1742 2000 1790 2041 in
1825 2000 1923 2042 eius
1945 1999 2025 2043 ad·

243 2082 589 2124 ministratione
619 2093 811 2125 servare
824 2099 837 2132 ‚·
873 2083 986 2139 quia
1018 2086 1058 2124 et
1091 2080 1318 2124 iudicium
1353 2086 1393 2123 et
1426 2082 1653 2125 actionem
1676 2093 1865 2125 sacram
1898 2095 2031 2125 emer--

237 2170 319 2208 cet.
362 2165 443 2207 Cui
476 2166 666 2207 muneri
699 2170 746 2207 ut
776 2163 1073 2220 satisfaciat,
1110 2177 1260 2207 uuum
1294 2178 1349 2207 ex
1377 2166 1648 2220 praecipuis
1679 2170 1761 2219 est,
1799 2170 1848 2208 ut
1878 2165 2025 2222 dispo-

237 2249 450 2291 sitionem
467 2249 776 2292 conscientiae
789 2249 1066 2303 poenitentis
1083 2247 1364 2306 sufficienter
1381 2254 1620 2305 aquascat.
1650 2251 1727 2291 Est
1742 2250 1867 2292 enim
1889 2262 2026 2305 prae-

238 2332 428 2386 cipuum
462 2328 602 2373 liuius
626 2332 855 2374 materiae
877 2328 1265 2385 fundamentum,
1293 2343 1387 2373 ‘non
1414 2343 1539 2386 posse
1567 2330 1877 2387 Confessorem
1906 2331 2035 2375 licite

234 2415 545 2470 poenitentem
579 2413 825 2468 absolvere,
864 2414 958 2456 nisi
990 2412 1068 2456 ille
1098 2414 1155 2456 sit
1189 2412 1301 2456 bene
1323 2413 1568 2469 dispositus
1599 2413 1663 2457 ad
1695 2413 2030 2457 absolucionem

237 2496 600 2553 suscipiendam.
661 2498 842 2550 Primo,
886 2498 997 2554 quia
1045 2509 1138 2539 nort
1166 2501 1310 2552 potest
1343 2497 1435 2552 ipse
1467 2495 1711 2551 absolvere,
1758 2498 1852 2540 nisi
1890 2510 2028 2555 quem

243 2577 446 2622 Christus
478 2580 621 2623 etiam
654 2579 858 2634 absolvit,
895 2582 1017 2636 ycrit
1048 2580 1174 2622 enim
1208 2580 1325 2622 vices
1362 2577 1540 2633 Christi,
1577 2585 1617 2623 et
1640 2593 1759 2637 quae
1780 2581 1875 2636 ipse
1894 2579 2026 2623 solvit

238 2665 289 2706 in
324 2664 486 2718 terris,
531 2662 692 2706 debent
722 2662 872 2708 soluta
907 2676 1103 2708 manere
1134 2668 1175 2706 et
1207 2664 1258 2706 in
1292 2662 1455 2718 caelis,
1498 2663 1621 2707 altas
1653 2662 1798 2708 clavis
1829 2663 2028 2718 errabit,

236 2755 278 2790 et
311 2747 523 2790 minister
556 2746 640 2790 illa
675 2746 905 2801 abutetur,
940 2751 981 2790 et
1010 2745 1229 2802 peccabit.
1286 2746 1508 2801 Secundo,
1544 2747 1657 2803 quia
1690 2751 1909 2790 tenentur
1941 2746 2030 2788 mi·-

238 2831 378 2873 nistri
409 2830 828 2874 Sacramentorum
863 2843 959 2872 non
995 2828 1113 2873 dare
1145 2828 1230 2873 illa
1265 2829 1494 2886 indiynis.
1538 2830 1698 2883 Tertio,
1725 2831 1837 2887 quia
1859 2833 1922 2872 est
1954 2829 2028 2871 tu-

237 2911 339 2966 ἄρα),
375 2916 417 2954 et
449 2917 632 2956 tenetur
666 2913 844 2955 iustum.
870 2912 1098 2956 iudicium
1133 2910 1309 2968 facere.
1347 2914 1417 2955 Ex
1438 2924 1525 2970 quo
1546 2911 1612 2970 sit,
1644 2913 1924 2969 priusquam
1947 2910 2028 2956 ab*

234 2994 382 3038 solvat
414 3008 592 3039 necesse
621 3009 734 3051 esse,
770 3001 820 3039 ut
848 2990 1111 3052 prudenter
1142 2994 1336 3050 iudicet,
1369 2999 1679 3051 poenitentem
1711 3007 1803 3037 esse
1834 2980 2032 3050 disposi-

238 3082 359 3120 tum.-
404 3079 517 3136 quia
551 3077 674 3123 alias
703 3091 749 3122 se
781 3084 1031 3135 exponeret
1061 3077 1268 3135 periculo
1300 3077 1504 3122 errandi
1513 3096 1529 3132 ;
1572 3083 1614 3121 et
1648 3078 1750 3121 stne
1778 3075 2032 3136 sufficienti
