2176 3386
198 181 277 221 420
839 193 949 222 PARS
978 194 1004 223 1.
1041 194 1098 222 DE
1127 193 1337 223 PERsoms

317 297 568 344 cardinalis
591 297 798 343 Vicarius
830 297 1195 344 iurisdictionem
1219 298 1357 343 habet
1381 298 1679 356 ordinariam,
1703 313 1757 344 ac
1781 300 1974 345 Romani

199 379 434 425 pontilicis
465 381 605 425 etiam
638 380 684 425 in
718 379 890 425 divinis
927 379 1132 425 Vicarius
1178 385 1262 426 est.
1298 385 1447 435 Quare
1479 380 1634 427 omnia
1681 381 1797 440 gerit
1827 383 1976 442 quoad

201 467 475 523 potestatem
524 463 697 509 ordinis
743 478 796 508 30
845 463 1170 510 iurisdictionis
1216 478 1332 524 quae
1369 464 1613 524 Episcopus
1650 464 1765 524 gerit
1810 465 1858 510 in
1895 479 1976 511 sua

203 547 420 604 Dioecesi‚
446 552 637 606 excepta
675 547 898 593 Dioecesis
935 551 1166 592 Romanae
1201 546 1464 592 visitatione
1496 562 1612 607 quae
1645 548 1830 607 speciali
1863 551 1974 594 Con-

198 631 450 690 gregationi
482 645 637 676 sacrae
671 630 948 675 visitationis
979 631 1224 675 commissa
1258 635 1342 685 est,
1375 643 1461 675 nec
1493 644 1584 675 non
1618 636 1811 690 excepta
1840 630 1976 675 bene-

200 714 409 759 ficiorum
443 714 686 759 collatione
734 727 851 773 quae
889 713 989 758 Sedi
1025 712 1307 771 Apostolicae
1343 713 1413 757 vel
1447 713 1758 759 cardinalibus
1805 714 1853 758 in
1885 714 1978 758 suis

199 797 346 843 titulis
377 797 612 856 competit.
650 797 767 842 Hinc
799 796 1050 841 cardinalis
1085 796 1212 841 Urbis
1248 795 1451 841 Viearius
1496 801 1543 840 et
1574 797 1809 854 Synodum
1851 797 1976 842 Dioe·

200 894 415 926 cesanam
450 895 708 926 convocare
740 894 793 924 ac
826 880 1056 924 celebrare
1090 884 1240 936 potest
1263 879 1292 923 ¹.

318 969 567 1015 Cardinalis
603 968 767 1013 Vicarii
803 968 1054 1013 iurisdictio
1086 969 1140 1013 ad
1174 972 1318 1013 totam
1355 968 1519 1013 Urbem
1557 967 1838 1024 extenditur,
1873 968 1975 1027 ipsi-

198 1069 285 1114 que
319 1055 439 1099 tituli
473 1054 756 1100 Cardinalitii
791 1053 954 1112 populo
987 1040 1172 1108 carent,
1207 1067 1261 1098 ac
1291 1051 1600 1098 Cardinalium
1634 1052 1884 1097 iurisdictio
1921 1052 1977 1096 ad

199 1140 430 1184 internam
465 1137 821 1183 ecclesiasticam
855 1135 1161 1194 disciplinam,
1186 1149 1239 1180 ac
1272 1135 1327 1180 ad
1362 1149 1539 1180 merum
1578 1135 1802 1180 Ecclesiae
1835 1134 1977 1179 servi-

199 1223 316 1268 tium
367 1222 660 1280 restringitur
683 1222 712 1264 ².
750 1225 844 1266 [mo
886 1219 1137 1266 Cardinalis
1170 1219 1336 1264 Vicarii
1384 1219 1636 1264 iurisdictio
1683 1220 1739 1264 ad
1786 1220 1976 1279 quadra-

199 1306 423 1364 gesimum
458 1305 514 1350 ab
549 1306 663 1349 Urbe
696 1304 891 1362 lapidem
939 1303 1223 1359 extenditur,
1260 1303 1345 1347 illis
1377 1301 1582 1360 exceptis
1626 1302 1830 1360 personis
1861 1316 1977 1362 quae

200 1390 320 1434 intra
365 1390 648 1448 praedictum
684 1387 965 1434 territorium
1002 1386 1291 1432 Dioecesibus
1326 1387 1410 1431 hoc
1444 1386 1490 1430 in
1527 1386 1755 1431 territorio
1778 1386 1977 1431 existen-

198 1475 320 1519 tibus
351 1474 655 1519 subiiciantur
677 1474 705 1518 ³.

317 1543 567 1605 Cal-dinalis
590 1557 757 1603 Vicarii
792 1556 1044 1601 iurisdictio
1078 1556 1163 1601 hoc
1196 1555 1427 1614 proprium
1461 1555 1599 1600 babet
1630 1558 1680 1598 ut
1713 1560 1860 1600 morte
1895 1559 1977 1599 Ro—

199 1644 324 1690 mani
358 1643 589 1689 Pontificis
622 1656 713 1687 non
747 1644 907 1686 cessat.

933 1823 1164 1853 Ammonos
1197 1825 1240 1853 11.

665 1932 723 1973 De
755 1931 949 1973 caeteris
988 1931 1319 1985 Episcoporwn
1358 1929 1521 1972 Curiis.

320 2062 420 2106 547.
460 2059 776 2119 Unusquisque
813 2058 1056 2117 Episcopus
1099 2058 1329 2117 propriam
1363 2060 1538 2103 curiam
1574 2058 1734 2116 habet,
1773 2073 1889 2119 quae
1920 2073 1980 2103 ex

200 2144 287 2190 illis
320 2143 588 2189 officialibus
621 2146 804 2188 constat
834 2155 948 2201 quos
979 2141 1062 2186 sibi
1094 2141 1150 2185 ad
1177 2140 1402 2186 Dioecesis
1433 2140 1813 2198 gubernationem
1847 2140 1981 2185 utiles

199 2242 252 2273 ac
273 2226 556 2272 necessarios
579 2229 724 2284 putat.
752 2229 874 2271 [nter
896 2225 978 2269 bos
1000 2224 1176 2269 eminet
1199 2223 1405 2269 vicarius
1427 2223 1663 2269 Generalis
1679 2224 1733 2268 de
1751 2224 1880 2268 cuius
1904 2237 1978 2282 po·

202 2315 371 2356 testate
419 2309 525 2354 alibi
562 2322 775 2367 expresse
807 2308 981 2352 dictum
1016 2311 1099 2351 est.
1153 2310 1349 2351 Pronum
1399 2311 1468 2350 est
1511 2306 1763 2364 intelligere
1804 2305 1978 2364 Episco-

204 2409 313 2454 pum
349 2396 621 2452 potestatem
654 2391 821 2436 habere
858 2390 1168 2436 constituendi
1202 2389 1285 2434 sibi
1317 2390 1701 2448 congregationes
1736 2403 1813 2435 seu
1848 2393 1979 2436 Con,-

203 2477 444 2523 missiones
476 2476 640 2536 quibus
672 2474 882 2534 specialia
916 2475 1097 2532 negotia
1131 2472 1382 2518 committit
1402 2472 1537 2518 sicuti
1561 2472 1831 2519 Benedictus
1860 2476 1975 2530 xlv,

203 2561 312 2606 dum
349 2559 576 2605 Bononiae
610 2557 946 2617 Archiepiscopi
980 2557 1180 2603 officium
1214 2557 1414 2616 gerebat,
1450 2557 1705 2602 constituit.

324 2729 331 2747 ¹
362 2728 465 2765 Paul.
492 2728 542 2763 111
563 2729 686 2764 Const.
713 2735 771 2763 an.
800 2725 891 2763 1549.
919 2726 955 2762 in
982 2725 1142 2762 Bullario
1171 2725 1268 2771 apud
1295 2725 1495 2762 Cumanum
1521 2734 1556 2761 n.
1582 2724 1629 2761 56
1654 2729 1668 2765 ς
1696 2724 1751 2761 10.

322 2801 333 2819 ²
362 2801 446 2846 Cap.
473 2800 495 2836 5
521 2801 565 2837 de
591 2800 713 2837 officio
740 2800 886 2843 Vicar.;
915 2799 1103 2836 Innocent.
1131 2798 1193 2842 XI,
1220 2799 1407 2835 Romanus
1431 2798 1600 2844 Pontifeoe
1626 2797 1669 2834 17
1691 2797 1788 2843 Sept.
1817 2796 1918 2834 1692.

321 2871 335 2890 ³
362 2872 583 2909 Benedictus
613 2872 710 2917 XIV,
738 2871 889 2908 constit.
916 2872 1101 2908 Romanae
1129 2870 1260 2908 Curiae
1285 2869 1331 2908 22
1357 2871 1444 2907 Dec.
1471 2869 1573 2906 1755.
