2176 3386
202 205 285 245 170
880 215 989 244 PARS
1018 216 1059 244 11.
1090 216 1147 244 DE
1178 215 1315 245 nimus

327 323 430 368 961.
465 322 584 367 Hinc
617 324 659 367 2.
692 337 748 367 ex
785 323 1082 368 matrimomo
1113 322 1343 368 celebrato
1375 308 1499 368 inter
1523 327 1750 379 amentes,
1774 322 1987 380 furiosos,

199 405 374 462 ebrios,
410 410 537 451 metu
571 405 700 463 graii
734 405 1046 461 constrictos,
1070 420 1173 451 non
1214 406 1398 464 exurgit
1431 404 1815 465 impedimentum
1850 408 1990 451 hone-

201 489 355 543 statis,
390 488 495 548 quia
529 489 658 534 deest
690 501 942 534 consensus
976 489 1048 534 vel
1082 489 1250 545 omniS,
1288 489 1361 534 vel
1393 489 1557 534 saltem
1591 488 1718 534 liber.
1755 489 1879 534 Idem
1917 489 1990 534 dic

199 572 260 617 de
299 571 595 617 matrimonio
630 586 687 616 ex
721 586 875 617 errore
909 572 1030 617 circa
1065 586 1326 631 personam,
1365 572 1436 616 vel
1459 586 1566 617 cum
1591 586 1784 631 persona
1813 573 1989 618 incerta

200 656 465 709 contracto,
500 655 604 711 Cap.
632 655 733 699 Tua
760 667 843 698 nos
873 653 928 698 de
961 655 1180 712 sponsat,
1217 653 1292 698 ubi
1324 653 1389 698 ait
1410 653 1708 699 Innocentius
1734 658 1805 700 III:
1843 657 1899 698 ln
1922 668 1987 710 eo,

203 736 323 781 idest
355 735 653 781 matrimonio
686 735 787 781 sine
819 750 1064 792 consensu,
1101 751 1185 781 nec
1215 737 1476 782 substantia
1508 737 1773 794 coniuyalis
1804 742 1990 782 contra-

198 825 317 875 ctus,
354 834 439 864 nee
470 819 635 877 forma
666 819 981 865 contrahendi
1010 822 1284 877 coniuyium
1317 820 1440 865 valet
1471 821 1694 864 inveniri.

326 903 427 947 962.
462 901 581 947 Hinc
629 902 671 946 5.
707 902 743 946 si
785 905 978 947 Ioannes
1015 902 1242 961 sponsalia
1269 902 1417 947 valide
1440 901 1726 947 contraxerit
1747 915 1853 947 cum
1884 906 1989 946 Ber-

200 986 318 1040 tha,
369 990 415 1030 et
449 986 639 1044 posthac
676 986 1025 1031 matrimonium
1060 987 1306 1032 contrahat
1336 999 1442 1030 cum
1480 986 1621 1032 MarIa
1666 986 1765 1031 eius
1800 999 1987 1042 sorore,

199 1073 315 1113 ante
348 1068 538 1114 secundi
575 1068 709 1113 huius
743 1069 1027 1114 matrimonii
1052 1068 1503 1114 consummationem
1526 1068 1694 1126 poterit
1715 1069 1991 1114 contrahere

199 1166 313 1198 cum
348 1153 535 1209 Bertha;
573 1152 679 1211 quia
715 1152 1084 1207 matrimonium,
1119 1152 1240 1212 quod
1273 1156 1459 1210 propter
1490 1150 1874 1209 impedimentum
1911 1151 1990 1196 ho·

205 1235 399 1280 nestatis
431 1249 455 1279 e
488 1235 779 1293 sponsalibus
811 1239 964 1280 ortum
1001 1249 1092 1279 non
1129 1235 1273 1289 valet,
1320 1233 1537 1292 impedire
1573 1247 1666 1278 non
1702 1238 1849 1292 potest
1880 1247 1991 1293 quo-

203 1318 361 1363 minus
393 1322 588 1363 Ioannes
627 1317 979 1377 promissionem
1013 1321 1206 1363 Berthae
1241 1319 1411 1362 factam
1444 1316 1719 1375 adimpleat,
1759 1322 1807 1362 et
1846 1316 1990 1362 adim-

203 1401 328 1460 plere
361 1405 592 1446 teneatur.
632 1404 771 1446 Secus
803 1415 913 1446 vero
945 1401 1223 1456 dIcendum,
1265 1400 1300 1445 si
1344 1404 1538 1444 loannes
1576 1414 1683 1445 cum
1719 1400 1862 1447 Maria
1895 1414 1989 1446 ma·

200 1484 480 1530 trimonium
515 1484 671 1544 inique
706 1484 1129 1541 consummaverit;
1165 1489 1278 1528 tunc
1309 1483 1435 1528 enim
1471 1487 1683 1528 neutram
1717 1484 1883 1529 ducere
1913 1498 1989 1542 po-

199 1573 320 1613 test:
359 1582 451 1613 non
489 1567 681 1613 Mariam
715 1568 772 1613 ob
803 1567 978 1612 dIctum
1025 1566 1231 1625 publicae
1273 1567 1528 1611 honestatis
1569 1566 1986 1625 impedimentum:

206 1665 301 1696 non
338 1651 550 1696 Berthain
585 1653 642 1696 ob
674 1651 1059 1710 impedimentum
1094 1650 1336 1695 affinitatis
1374 1663 1657 1709 consurgens
1702 1665 1761 1695 ex
1806 1650 1986 1709 copula,

199 1749 345 1795 quam
380 1735 539 1780 habuit
570 1750 675 1780 cum
710 1749 864 1780 sorore
897 1735 1011 1780 eius,

327 1820 427 1864 965.
464 1819 711 1873 Quaeritur
743 1819 939 1878 denique
972 1832 1032 1863 an
1066 1832 1123 1862 cx
1159 1817 1456 1862 matrimonio
1490 1818 1774 1862 clandestine
1807 1822 1988 1863 contra-

199 1905 279 1946 cto
314 1905 532 1946 nascatur
564 1901 650 1946 hoc
692 1900 1091 1958 impedimentum.
1144 1899 1366 1958 Negative
1413 1900 1658 1958 respondet
1705 1900 1909 1945 Sanchez
1935 1901 1980 1955 ¹,

201 1983 328 2043 quia,
366 1983 540 2043 inquit,
587 1983 674 2028 tale
709 1983 1058 2028 matrimonium
1094 1983 1270 2028 nullum
1304 1987 1374 2028 est
1405 1997 1463 2027 ex
1497 1983 1678 2028 defectu
1713 1996 1981 2038 consensus,

198 2081 313 2112 cum
347 2071 502 2112 careat
534 2080 588 2112 eo
622 2080 788 2124 genere
821 2079 1091 2121 consensus,
1126 2080 1262 2126 quem
1296 2065 1439 2124 exigit
1477 2066 1690 2111 Ecclesia.
1744 2064 1991 2110 Affirmant

199 2150 298 2206 alii,
335 2151 440 2210 quia
473 2152 550 2210 qui
584 2149 869 2195 clandestine
902 2150 1151 2204 contrahit,
1190 2164 1296 2194 vere
1330 2149 1577 2204 consentit,
1614 2148 1699 2193 etsi
1733 2147 1986 2205 illegitime,

204 2249 299 2280 non
333 2248 465 2280 secus
497 2249 550 2280 ac
587 2234 854 2292 Religi03us,
889 2233 965 2293 qui
1002 2233 1298 2278 matrimonio
1333 2232 1553 2291 iungitur.
1593 2236 1639 2277 In
1668 2231 1723 2277 iis
1744 2237 1901 2277 autem
1925 2232 1987 2276 lo-

199 2318 271 2363 cis
306 2317 378 2362 ubi
416 2316 767 2362 matrimonium
801 2317 1170 2362 contrahendum
1204 2321 1274 2361 est
1295 2331 1450 2361 coram
1478 2316 1678 2361 Parocho
1705 2319 1751 2360 et
1775 2314 1984 2370 testibus,

199 2415 266 2445 ex
300 2399 596 2445 matrimonio
630 2399 754 2445 civili
789 2414 882 2444 non
916 2401 1023 2445 oriri
1065 2400 1447 2457 impedimentum
1482 2399 1688 2459 publicae
1733 2399 1988 2444 honestatis

198 2483 459 2528 declaravit
491 2485 533 2527 S.
570 2485 730 2541 Congr.
764 2485 900 2528 Conc.
944 2484 996 2528 15
1030 2483 1183 2528 martii
1221 2483 1348 2538 1879,
1376 2483 1597 2542 probante
1621 2486 1769 2527 Leone
1794 2484 1891 2527 XIII
1913 2480 1986 2526 die

211 2567 262 2612 17
295 2566 502 2612 eiusdem
536 2567 723 2612 mensis.

327 2650 426 2694 964.
463 2649 710 2703 Quaeritur
741 2664 799 2695 an
839 2650 1186 2696 Matrimonium
1220 2655 1371 2695 ratum
1396 2664 1490 2695 non
1513 2654 1890 2695 consummatum
1913 2663 1990 2708 pa·

200 2746 434 2791 ganorum
469 2732 759 2778 honestatem
793 2733 1020 2792 publicam
1057 2733 1261 2789 inducat,
1296 2734 1370 2778 vel
1403 2738 1648 2778 censeatur
1688 2731 1990 2792 impedimen·

207 2821 306 2861 tum
341 2815 562 2861 dirimens
596 2819 696 2875 post
729 2830 889 2861 eorum
922 2816 1292 2862 conversionem.
1332 2820 1414 2862 Ex.
1451 2831 1516 2875 gr.
1555 2816 1598 2861 si
1623 2816 1766 2861 'ritIus
1788 2828 1992 2874 paganus

202 2899 442 2944 Maeviam
476 2911 701 2956 paganam
735 2896 898 2953 duxit,
942 2901 988 2942 et
1021 2911 1128 2942 cum
1171 2912 1224 2943 ea
1268 2911 1360 2943 non
1401 2897 1763 2952 consummavit,
1806 2900 1854 2941 et
1886 2900 1988 2954 post

327 3078 337 3098 ¹
366 3078 405 3115 L.
425 3078 456 3121 7,
475 3077 569 3123 disp.
590 3077 646 3121 70,
666 3087 703 3114 n.
727 3077 782 3116 15.
