<?xml version="1.0" encoding="UTF-8"?>
<!DOCTYPE html PUBLIC "-//W3C//DTD XHTML 1.0 Transitional//EN"
    "http://www.w3.org/TR/xhtml1/DTD/xhtml1-transitional.dtd">
<html xmlns="http://www.w3.org/1999/xhtml" xml:lang="en" lang="en">
 <head>
  <title>
</title>
<meta http-equiv="Content-Type" content="text/html;charset=utf-8" />
  <meta name='ocr-system' content='tesseract 3.04.00' />
  <meta name='ocr-capabilities' content='ocr_page ocr_carea ocr_par ocr_line ocrx_word'/>
</head>
<body>
  <div class='ocr_page' id='page_1' title='image "apparatus00ziteuoft_0183.png"; bbox 0 0 2176 3386; ppageno 0'>
   <div class='ocr_carea' id='block_1_1' title="bbox 0 0 592 137">
    <p class='ocr_par' dir='ltr' id='par_1_1' title="bbox 0 0 592 137">
     <span class='ocr_line' id='line_1_1' title="bbox 0 0 592 137; baseline 0 3249"><span class='ocrx_word' id='word_1_1' title='bbox 0 0 592 137; x_wconf 95' lang='lat' dir='ltr'> </span> 
     </span>
    </p>
   </div>
   <div class='ocr_carea' id='block_1_2' title="bbox 798 180 1935 220">
    <p class='ocr_par' dir='ltr' id='par_1_2' title="bbox 798 180 1935 220">
     <span class='ocr_line' id='line_1_2' title="bbox 798 180 1935 220; baseline -0.001 -1"><span class='ocrx_word' id='word_1_2' title='bbox 798 191 927 220; x_wconf 77' lang='lat' dir='ltr'>Lim-:R</span> <span class='ocrx_word' id='word_1_3' title='bbox 956 191 980 219; x_wconf 88' lang='lat'>1.</span> <span class='ocrx_word' id='word_1_4' title='bbox 1015 191 1072 219; x_wconf 83' lang='lat' dir='ltr'>DE</span> <span class='ocrx_word' id='word_1_5' title='bbox 1101 189 1295 219; x_wconf 69' lang='lat' dir='ltr'>cmmms</span> <span class='ocrx_word' id='word_1_6' title='bbox 1863 180 1935 218; x_wconf 92' lang='lat'>171</span> 
     </span>
    </p>
   </div>
   <div class='ocr_carea' id='block_1_3' title="bbox 131 296 1936 3102">
    <p class='ocr_par' dir='ltr' id='par_1_3' title="bbox 149 296 1936 692">
     <span class='ocr_line' id='line_1_3' title="bbox 154 296 1936 356; baseline -0.001 -11"><span class='ocrx_word' id='word_1_7' title='bbox 154 304 202 346; x_wconf 86' lang='lat' dir='ltr'>et</span> <span class='ocrx_word' id='word_1_8' title='bbox 232 298 459 356; x_wconf 88' lang='lat' dir='ltr'>parochiis</span> <span class='ocrx_word' id='word_1_9' title='bbox 479 299 578 344; x_wconf 91' lang='lat' dir='ltr'>sive</span> <span class='ocrx_word' id='word_1_10' title='bbox 604 297 893 356; x_wconf 84' lang='lat' dir='ltr'>Regularium</span> <span class='ocrx_word' id='word_1_11' title='bbox 927 297 1026 342; x_wconf 88' lang='lat' dir='ltr'>sive</span> <span class='ocrx_word' id='word_1_12' title='bbox 1049 297 1379 342; x_wconf 87' lang='lat' dir='ltr'>Saecularium.</span> <span class='ocrx_word' id='word_1_13' title='bbox 1419 296 1723 355; x_wconf 88' lang='lat' dir='ltr'>Excipiuntur</span> <span class='ocrx_word' id='word_1_14' title='bbox 1753 298 1936 344; x_wconf 88' lang='lat' dir='ltr'>scholae</span> 
     </span>
     <span class='ocr_line' id='line_1_4' title="bbox 153 371 1934 443; baseline -0.001 -15"><span class='ocrx_word' id='word_1_15' title='bbox 153 387 199 428; x_wconf 88' lang='lat' dir='ltr'>et</span> <span class='ocrx_word' id='word_1_16' title='bbox 232 383 419 441; x_wconf 89' lang='lat' dir='ltr'>collegia</span> <span class='ocrx_word' id='word_1_17' title='bbox 452 383 499 428; x_wconf 92' lang='lat' dir='ltr'>in</span> <span class='ocrx_word' id='word_1_18' title='bbox 532 381 697 443; x_wconf 91' lang='lat' dir='ltr'>quibus</span> <span class='ocrx_word' id='word_1_19' title='bbox 730 381 974 439; x_wconf 87' lang='lat' dir='ltr'>Regulares</span> <span class='ocrx_word' id='word_1_20' title='bbox 1001 380 1194 425; x_wconf 91' lang='lat' dir='ltr'>iuvenes</span> <span class='ocrx_word' id='word_1_21' title='bbox 1225 379 1535 424; x_wconf 90' lang='lat' dir='ltr'>instituuntur</span> <span class='ocrx_word' id='word_1_22' title='bbox 1557 371 1810 424; x_wconf 82' lang='lat' dir='ltr'>secundum</span> <span class='ocrx_word' id='word_1_23' title='bbox 1845 384 1934 426; x_wconf 90' lang='lat' dir='ltr'>sta-</span> 
     </span>
     <span class='ocr_line' id='line_1_5' title="bbox 153 461 1934 524; baseline -0.001 -15"><span class='ocrx_word' id='word_1_24' title='bbox 153 469 306 511; x_wconf 91' lang='lat' dir='ltr'>tutum</span> <span class='ocrx_word' id='word_1_25' title='bbox 341 465 509 524; x_wconf 90' lang='lat' dir='ltr'>proprii</span> <span class='ocrx_word' id='word_1_26' title='bbox 543 464 731 510; x_wconf 80' lang='lat' dir='ltr'>ordinis.</span> <span class='ocrx_word' id='word_1_27' title='bbox 770 469 960 522; x_wconf 80' lang='lat' dir='ltr'><strong>Insuper</strong></span> <span class='ocrx_word' id='word_1_28' title='bbox 984 463 1228 520; x_wconf 85' lang='lat' dir='ltr'>Regulares</span> <span class='ocrx_word' id='word_1_29' title='bbox 1260 462 1359 507; x_wconf 91' lang='lat' dir='ltr'>sine</span> <span class='ocrx_word' id='word_1_30' title='bbox 1392 461 1579 507; x_wconf 90' lang='lat' dir='ltr'>licentia</span> <span class='ocrx_word' id='word_1_31' title='bbox 1616 462 1822 522; x_wconf 83' lang='lat' dir='ltr'>Episcopi</span> <span class='ocrx_word' id='word_1_32' title='bbox 1857 477 1934 508; x_wconf 90' lang='lat' dir='ltr'>ne·</span> 
     </span>
     <span class='ocr_line' id='line_1_6' title="bbox 151 546 1934 608; baseline -0.002 -14"><span class='ocrx_word' id='word_1_33' title='bbox 151 554 329 608; x_wconf 90' lang='lat' dir='ltr'>queunt</span> <span class='ocrx_word' id='word_1_34' title='bbox 361 561 507 594; x_wconf 89' lang='lat' dir='ltr'>novas</span> <span class='ocrx_word' id='word_1_35' title='bbox 542 547 763 592; x_wconf 83' lang='lat' dir='ltr'>Ecclesias</span> <span class='ocrx_word' id='word_1_36' title='bbox 794 547 988 604; x_wconf 88' lang='lat' dir='ltr'>erigere,</span> <span class='ocrx_word' id='word_1_37' title='bbox 1025 559 1174 605; x_wconf 89' lang='lat' dir='ltr'>neque</span> <span class='ocrx_word' id='word_1_38' title='bbox 1206 546 1400 600; x_wconf 84' lang='lat' dir='ltr'>scholas,</span> <span class='ocrx_word' id='word_1_39' title='bbox 1429 559 1577 604; x_wconf 87' lang='lat' dir='ltr'>neque</span> <span class='ocrx_word' id='word_1_40' title='bbox 1609 546 1819 603; x_wconf 86' lang='lat' dir='ltr'>collegia:</span> <span class='ocrx_word' id='word_1_41' title='bbox 1856 561 1934 591; x_wconf 91' lang='lat' dir='ltr'>ne-</span> 
     </span>
     <span class='ocr_line' id='line_1_7' title="bbox 149 629 1928 692; baseline -0.001 -15"><span class='ocrx_word' id='word_1_42' title='bbox 149 646 239 692; x_wconf 88' lang='lat' dir='ltr'>que</span> <span class='ocrx_word' id='word_1_43' title='bbox 273 632 449 677; x_wconf 85' lang='lat' dir='ltr'>scholas</span> <span class='ocrx_word' id='word_1_44' title='bbox 479 635 657 676; x_wconf 86' lang='lat' dir='ltr'>erectas</span> <span class='ocrx_word' id='word_1_45' title='bbox 690 631 957 685; x_wconf 89' lang='lat' dir='ltr'>immutare,</span> <span class='ocrx_word' id='word_1_46' title='bbox 985 643 1133 689; x_wconf 86' lang='lat' dir='ltr'>neque</span> <span class='ocrx_word' id='word_1_47' title='bbox 1165 630 1219 674; x_wconf 91' lang='lat' dir='ltr'>de</span> <span class='ocrx_word' id='word_1_48' title='bbox 1241 630 1352 674; x_wconf 89' lang='lat' dir='ltr'>-loco</span> <span class='ocrx_word' id='word_1_49' title='bbox 1385 629 1441 673; x_wconf 90' lang='lat' dir='ltr'>ad</span> <span class='ocrx_word' id='word_1_50' title='bbox 1476 629 1626 674; x_wconf 90' lang='lat' dir='ltr'>locum</span> <span class='ocrx_word' id='word_1_51' title='bbox 1662 631 1928 675; x_wconf 83' lang='lat' dir='ltr'>transferre.</span> 
     </span>
    </p>

    <p class='ocr_par' dir='ltr' id='par_1_4' title="bbox 141 712 1934 1844">
     <span class='ocr_line' id='line_1_8' title="bbox 270 712 1930 772; baseline -0.001 -12"><span class='ocrx_word' id='word_1_52' title='bbox 270 716 371 761; x_wconf 75' lang='lat'>226.</span> <span class='ocrx_word' id='word_1_53' title='bbox 394 719 451 758; x_wconf 77' lang='lat' dir='ltr'>In</span> <span class='ocrx_word' id='word_1_54' title='bbox 475 717 613 759; x_wconf 77' lang='lat' dir='ltr'>tertia</span> <span class='ocrx_word' id='word_1_55' title='bbox 632 720 769 772; x_wconf 76' lang='lat' dir='ltr'>parce</span> <span class='ocrx_word' id='word_1_56' title='bbox 792 713 818 758; x_wconf 92' lang='lat' dir='ltr'>i.</span> <span class='ocrx_word' id='word_1_57' title='bbox 842 727 882 758; x_wconf 91' lang='lat' dir='ltr'>e.</span> <span class='ocrx_word' id='word_1_58' title='bbox 910 713 1059 772; x_wconf 89' lang='lat' dir='ltr'>quoad</span> <span class='ocrx_word' id='word_1_59' title='bbox 1084 716 1200 757; x_wconf 91' lang='lat' dir='ltr'>bona</span> <span class='ocrx_word' id='word_1_60' title='bbox 1225 712 1493 769; x_wconf 88' lang='lat' dir='ltr'>temporalia</span> <span class='ocrx_word' id='word_1_61' title='bbox 1522 716 1754 758; x_wconf 86' lang='lat' dir='ltr'>Romanus</span> <span class='ocrx_word' id='word_1_62' title='bbox 1778 715 1930 758; x_wconf 88' lang='lat' dir='ltr'>Ponti·</span> 
     </span>
     <span class='ocr_line' id='line_1_9' title="bbox 152 796 1934 857; baseline -0.001 -14"><span class='ocrx_word' id='word_1_63' title='bbox 152 800 228 844; x_wconf 80' lang='lat' dir='ltr'>fex</span> <span class='ocrx_word' id='word_1_64' title='bbox 253 799 516 856; x_wconf 84' lang='lat' dir='ltr'>distinguit:</span> <span class='ocrx_word' id='word_1_65' title='bbox 544 799 616 842; x_wconf 90' lang='lat' dir='ltr'>vel</span> <span class='ocrx_word' id='word_1_66' title='bbox 641 799 776 853; x_wconf 89' lang='lat' dir='ltr'>bona,</span> <span class='ocrx_word' id='word_1_67' title='bbox 797 811 914 857; x_wconf 90' lang='lat' dir='ltr'>quae</span> <span class='ocrx_word' id='word_1_68' title='bbox 936 811 961 841; x_wconf 90' lang='lat' dir='ltr'>a</span> <span class='ocrx_word' id='word_1_69' title='bbox 985 796 1192 841; x_wconf 84' lang='lat' dir='ltr'>fidelibus</span> <span class='ocrx_word' id='word_1_70' title='bbox 1214 796 1488 854; x_wconf 89' lang='lat' dir='ltr'>largiuntur,</span> <span class='ocrx_word' id='word_1_71' title='bbox 1508 797 1741 842; x_wconf 89' lang='lat' dir='ltr'>donantur</span> <span class='ocrx_word' id='word_1_72' title='bbox 1758 800 1934 842; x_wconf 67' lang='lat' dir='ltr'>intuita</span> 
     </span>
     <span class='ocr_line' id='line_1_10' title="bbox 151 879 1932 940; baseline -0.001 -14"><span class='ocrx_word' id='word_1_73' title='bbox 151 885 393 928; x_wconf 76' lang='lat' dir='ltr'>missionis.</span> <span class='ocrx_word' id='word_1_74' title='bbox 431 882 504 927; x_wconf 89' lang='lat' dir='ltr'>vel</span> <span class='ocrx_word' id='word_1_75' title='bbox 537 884 712 926; x_wconf 73' lang='lat' dir='ltr'>intuitu</span> <span class='ocrx_word' id='word_1_76' title='bbox 746 883 1051 926; x_wconf 70' lang='lat' dir='ltr'>missionarv&#39;i.</span> <span class='ocrx_word' id='word_1_77' title='bbox 1101 885 1149 925; x_wconf 91' lang='lat' dir='ltr'>ln</span> <span class='ocrx_word' id='word_1_78' title='bbox 1189 881 1233 924; x_wconf 87' lang='lat'>10</span> <span class='ocrx_word' id='word_1_79' title='bbox 1267 893 1373 925; x_wconf 84' lang='lat' dir='ltr'>casu</span> <span class='ocrx_word' id='word_1_80' title='bbox 1408 880 1577 924; x_wconf 84' lang='lat' dir='ltr'>debent</span> <span class='ocrx_word' id='word_1_81' title='bbox 1613 879 1821 939; x_wconf 87' lang='lat' dir='ltr'>Religiosi</span> <span class='ocrx_word' id='word_1_82' title='bbox 1855 882 1932 940; x_wconf 85' lang='lat' dir='ltr'>qui</span> 
     </span>
     <span class='ocr_line' id='line_1_11' title="bbox 149 962 1932 1024; baseline -0.001 -14"><span class='ocrx_word' id='word_1_83' title='bbox 149 966 267 1010; x_wconf 87' lang='lat' dir='ltr'>bona</span> <span class='ocrx_word' id='word_1_84' title='bbox 302 965 529 1024; x_wconf 91' lang='lat' dir='ltr'>recipiunt</span> <span class='ocrx_word' id='word_1_85' title='bbox 563 964 788 1010; x_wconf 87' lang='lat' dir='ltr'>rationem</span> <span class='ocrx_word' id='word_1_86' title='bbox 824 964 1011 1009; x_wconf 80' lang='lat' dir='ltr'>reddere</span> <span class='ocrx_word' id='word_1_87' title='bbox 1036 963 1255 1021; x_wconf 76' lang='lat' dir='ltr'>Episcopo</span> <span class='ocrx_word' id='word_1_88' title='bbox 1279 962 1455 1021; x_wconf 81' lang='lat' dir='ltr'>accepti</span> <span class='ocrx_word' id='word_1_89' title='bbox 1489 967 1536 1007; x_wconf 92' lang='lat' dir='ltr'>et</span> <span class='ocrx_word' id='word_1_90' title='bbox 1559 963 1784 1021; x_wconf 82' lang='lat' dir='ltr'>expensi:</span> <span class='ocrx_word' id='word_1_91' title='bbox 1825 964 1932 1009; x_wconf 89' lang='lat' dir='ltr'>binc</span> 
     </span>
     <span class='ocr_line' id='line_1_12' title="bbox 146 1046 1931 1107; baseline -0.002 -12"><span class='ocrx_word' id='word_1_92' title='bbox 146 1064 224 1095; x_wconf 84' lang='lat' dir='ltr'>an.</span> <span class='ocrx_word' id='word_1_93' title='bbox 270 1050 379 1095; x_wconf 88' lang='grc'>1868</span> <span class='ocrx_word' id='word_1_94' title='bbox 413 1052 452 1094; x_wconf 91' lang='lat' dir='ltr'>S.</span> <span class='ocrx_word' id='word_1_95' title='bbox 487 1052 648 1106; x_wconf 90' lang='lat' dir='ltr'>Congr.</span> <span class='ocrx_word' id='word_1_96' title='bbox 686 1052 814 1107; x_wconf 91' lang='lat' dir='ltr'>Prop.</span> <span class='ocrx_word' id='word_1_97' title='bbox 854 1046 977 1092; x_wconf 84' lang='lat' dir='ltr'>Fidei</span> <span class='ocrx_word' id='word_1_98' title='bbox 1011 1046 1254 1091; x_wconf 91' lang='lat' dir='ltr'>constituit</span> <span class='ocrx_word' id='word_1_99' title='bbox 1288 1051 1338 1089; x_wconf 93' lang='lat' dir='ltr'>ut</span> <span class='ocrx_word' id='word_1_100' title='bbox 1372 1047 1490 1091; x_wconf 86' lang='lat' dir='ltr'>bona</span> <span class='ocrx_word' id='word_1_101' title='bbox 1526 1047 1798 1091; x_wconf 85' lang='lat' dir='ltr'>missionum</span> <span class='ocrx_word' id='word_1_102' title='bbox 1833 1047 1931 1091; x_wconf 93' lang='lat' dir='ltr'>dili-</span> 
     </span>
     <span class='ocr_line' id='line_1_13' title="bbox 147 1129 1932 1190; baseline -0.002 -12"><span class='ocrx_word' id='word_1_103' title='bbox 147 1137 308 1190; x_wconf 78' lang='lat' dir='ltr'>genter</span> <span class='ocrx_word' id='word_1_104' title='bbox 339 1132 734 1186; x_wconf 89' lang='lat' dir='ltr'>describerentur,</span> <span class='ocrx_word' id='word_1_105' title='bbox 770 1131 1052 1175; x_wconf 89' lang='lat' dir='ltr'>secernendo</span> <span class='ocrx_word' id='word_1_106' title='bbox 1086 1144 1137 1174; x_wconf 88' lang='lat' dir='ltr'>ea</span> <span class='ocrx_word' id='word_1_107' title='bbox 1170 1144 1287 1189; x_wconf 90' lang='lat' dir='ltr'>quae</span> <span class='ocrx_word' id='word_1_108' title='bbox 1334 1133 1444 1174; x_wconf 88' lang='lat' dir='ltr'>sunt</span> <span class='ocrx_word' id='word_1_109' title='bbox 1477 1129 1657 1187; x_wconf 85' lang='lat' dir='ltr'>propria</span> <span class='ocrx_word' id='word_1_110' title='bbox 1702 1129 1932 1174; x_wconf 85' lang='lat' dir='ltr'>missionis</span> 
     </span>
     <span class='ocr_line' id='line_1_14' title="bbox 144 1213 1927 1275; baseline -0.002 -14"><span class='ocrx_word' id='word_1_111' title='bbox 144 1216 203 1261; x_wconf 88' lang='lat' dir='ltr'>ab</span> <span class='ocrx_word' id='word_1_112' title='bbox 235 1216 288 1260; x_wconf 93' lang='lat' dir='ltr'>iis</span> <span class='ocrx_word' id='word_1_113' title='bbox 320 1230 436 1275; x_wconf 88' lang='lat' dir='ltr'>quae</span> <span class='ocrx_word' id='word_1_114' title='bbox 469 1215 524 1259; x_wconf 85' lang='lat' dir='ltr'>ad</span> <span class='ocrx_word' id='word_1_115' title='bbox 548 1214 754 1259; x_wconf 88' lang='lat' dir='ltr'>sodalitia</span> <span class='ocrx_word' id='word_1_116' title='bbox 789 1218 835 1258; x_wconf 85' lang='lat' dir='ltr'>et</span> <span class='ocrx_word' id='word_1_117' title='bbox 867 1214 921 1258; x_wconf 87' lang='lat' dir='ltr'>ad</span> <span class='ocrx_word' id='word_1_118' title='bbox 955 1213 1157 1270; x_wconf 90' lang='lat' dir='ltr'>singulos</span> <span class='ocrx_word' id='word_1_119' title='bbox 1190 1213 1365 1258; x_wconf 88' lang='lat' dir='ltr'>sodales</span> <span class='ocrx_word' id='word_1_120' title='bbox 1405 1213 1651 1269; x_wconf 85' lang='lat' dir='ltr'>pertinent.</span> <span class='ocrx_word' id='word_1_121' title='bbox 1694 1218 1742 1258; x_wconf 91' lang='lat' dir='ltr'>ln</span> <span class='ocrx_word' id='word_1_122' title='bbox 1780 1214 1927 1273; x_wconf 89' lang='lat' dir='ltr'>praxi,</span> 
     </span>
     <span class='ocr_line' id='line_1_15' title="bbox 143 1296 1930 1354; baseline -0.003 -9"><span class='ocrx_word' id='word_1_123' title='bbox 143 1300 210 1345; x_wconf 88' lang='lat' dir='ltr'>ait</span> <span class='ocrx_word' id='word_1_124' title='bbox 234 1305 363 1345; x_wconf 88' lang='lat' dir='ltr'>Rom.</span> <span class='ocrx_word' id='word_1_125' title='bbox 389 1303 536 1354; x_wconf 90' lang='lat' dir='ltr'>Pont.,</span> <span class='ocrx_word' id='word_1_126' title='bbox 563 1297 895 1343; x_wconf 88' lang='lat' dir='ltr'>attendendum</span> <span class='ocrx_word' id='word_1_127' title='bbox 930 1310 1028 1341; x_wconf 91' lang='lat' dir='ltr'>esse</span> <span class='ocrx_word' id='word_1_128' title='bbox 1050 1296 1105 1341; x_wconf 88' lang='lat' dir='ltr'>ad</span> <span class='ocrx_word' id='word_1_129' title='bbox 1132 1297 1419 1341; x_wconf 79' lang='lat' dir='ltr'>voluntatem</span> <span class='ocrx_word' id='word_1_130' title='bbox 1454 1296 1697 1354; x_wconf 88' lang='lat' dir='ltr'>largitoris,</span> <span class='ocrx_word' id='word_1_131' title='bbox 1723 1297 1769 1340; x_wconf 91' lang='lat' dir='ltr'>in</span> <span class='ocrx_word' id='word_1_132' title='bbox 1793 1296 1930 1341; x_wconf 92' lang='lat' dir='ltr'>dubio</span> 
     </span>
     <span class='ocr_line' id='line_1_16' title="bbox 142 1380 1929 1442; baseline -0.002 -13"><span class='ocrx_word' id='word_1_133' title='bbox 142 1389 299 1430; x_wconf 87' lang='lat' dir='ltr'>autem</span> <span class='ocrx_word' id='word_1_134' title='bbox 336 1382 644 1442; x_wconf 82' lang='lat' dir='ltr'>praesumitur</span> <span class='ocrx_word' id='word_1_135' title='bbox 683 1382 803 1441; x_wconf 90' lang='lat' dir='ltr'>quod</span> <span class='ocrx_word' id='word_1_136' title='bbox 845 1380 1032 1425; x_wconf 88' lang='lat' dir='ltr'>donatio</span> <span class='ocrx_word' id='word_1_137' title='bbox 1078 1381 1276 1438; x_wconf 79' lang='lat' dir='ltr'>parocho</span> <span class='ocrx_word' id='word_1_138' title='bbox 1311 1382 1430 1425; x_wconf 86' lang='lat' dir='ltr'>facta</span> <span class='ocrx_word' id='word_1_139' title='bbox 1464 1380 1536 1424; x_wconf 93' lang='lat' dir='ltr'>sit.</span> <span class='ocrx_word' id='word_1_140' title='bbox 1588 1381 1929 1425; x_wconf 80' lang='lat' dir='ltr'>Consuetudine</span> 
     </span>
     <span class='ocr_line' id='line_1_17' title="bbox 145 1463 1926 1523; baseline -0.001 -12"><span class='ocrx_word' id='word_1_141' title='bbox 145 1467 383 1511; x_wconf 88' lang='lat' dir='ltr'>inductum</span> <span class='ocrx_word' id='word_1_142' title='bbox 418 1471 518 1520; x_wconf 89' lang='lat' dir='ltr'>est,</span> <span class='ocrx_word' id='word_1_143' title='bbox 554 1469 605 1509; x_wconf 86' lang='lat' dir='ltr'>ut</span> <span class='ocrx_word' id='word_1_144' title='bbox 636 1465 889 1510; x_wconf 91' lang='lat' dir='ltr'>oblationes</span> <span class='ocrx_word' id='word_1_145' title='bbox 936 1478 1052 1523; x_wconf 84' lang='lat' dir='ltr'>quae</span> <span class='ocrx_word' id='word_1_146' title='bbox 1086 1463 1132 1507; x_wconf 92' lang='lat' dir='ltr'>in</span> <span class='ocrx_word' id='word_1_147' title='bbox 1171 1464 1368 1507; x_wconf 78' lang='lat' dir='ltr'>Ecclesia</span> <span class='ocrx_word' id='word_1_148' title='bbox 1402 1464 1457 1508; x_wconf 90' lang='lat' dir='ltr'>ad</span> <span class='ocrx_word' id='word_1_149' title='bbox 1492 1464 1635 1508; x_wconf 84' lang='lat' dir='ltr'>altare</span> <span class='ocrx_word' id='word_1_150' title='bbox 1685 1464 1803 1508; x_wconf 86' lang='lat' dir='ltr'>fiunt</span> <span class='ocrx_word' id='word_1_151' title='bbox 1854 1466 1926 1509; x_wconf 90' lang='lat' dir='ltr'>vel</span> 
     </span>
     <span class='ocr_line' id='line_1_18' title="bbox 145 1529 1928 1608; baseline -0.001 -14"><span class='ocrx_word' id='word_1_152' title='bbox 145 1564 224 1608; x_wconf 88' lang='lat' dir='ltr'>pro</span> <span class='ocrx_word' id='word_1_153' title='bbox 270 1549 670 1594; x_wconf 84' lang='lat' dir='ltr'>administratione</span> <span class='ocrx_word' id='word_1_154' title='bbox 720 1551 1116 1592; x_wconf 88' lang='lat' dir='ltr'>sacramentorum</span> <span class='ocrx_word' id='word_1_155' title='bbox 1152 1547 1223 1590; x_wconf 77' lang='lat' dir='ltr'>vel</span> <span class='ocrx_word' id='word_1_156' title='bbox 1276 1561 1353 1604; x_wconf 90' lang='lat' dir='ltr'>pro</span> <span class='ocrx_word' id='word_1_157' title='bbox 1398 1529 1721 1592; x_wconf 84' lang='lat' dir='ltr'>benedicendis</span> <span class='ocrx_word' id='word_1_158' title='bbox 1755 1548 1928 1606; x_wconf 90' lang='lat' dir='ltr'>nuptiis</span> 
     </span>
     <span class='ocr_line' id='line_1_19' title="bbox 141 1629 1927 1695; baseline -0.001 -18"><span class='ocrx_word' id='word_1_159' title='bbox 141 1638 222 1678; x_wconf 87' lang='lat' dir='ltr'>aut</span> <span class='ocrx_word' id='word_1_160' title='bbox 263 1633 538 1695; x_wconf 26' lang='lat' dir='ltr'>*mulieribus</span> <span class='ocrx_word' id='word_1_161' title='bbox 586 1636 685 1690; x_wconf 90' lang='lat' dir='ltr'>post</span> <span class='ocrx_word' id='word_1_162' title='bbox 721 1637 935 1689; x_wconf 88' lang='lat' dir='ltr'>partum,</span> <span class='ocrx_word' id='word_1_163' title='bbox 971 1645 1051 1688; x_wconf 87' lang='lat' dir='ltr'>pro</span> <span class='ocrx_word' id='word_1_164' title='bbox 1086 1629 1292 1687; x_wconf 75' lang='lat' dir='ltr'>exequiis</span> <span class='ocrx_word' id='word_1_165' title='bbox 1334 1635 1380 1674; x_wconf 90' lang='lat' dir='ltr'>et</span> <span class='ocrx_word' id='word_1_166' title='bbox 1420 1631 1664 1686; x_wconf 85' lang='lat' dir='ltr'>sepulturis</span> <span class='ocrx_word' id='word_1_167' title='bbox 1706 1636 1785 1675; x_wconf 88' lang='lat' dir='ltr'>aut</span> <span class='ocrx_word' id='word_1_168' title='bbox 1827 1631 1927 1676; x_wconf 87' lang='lat' dir='ltr'>aliis</span> 
     </span>
     <span class='ocr_line' id='line_1_20' title="bbox 142 1713 1926 1773; baseline 0.001 -14"><span class='ocrx_word' id='word_1_169' title='bbox 142 1716 365 1761; x_wconf 80' lang='lat' dir='ltr'>similibus</span> <span class='ocrx_word' id='word_1_170' title='bbox 412 1714 726 1760; x_wconf 89' lang='lat' dir='ltr'>functionibus</span> <span class='ocrx_word' id='word_1_171' title='bbox 769 1714 823 1759; x_wconf 90' lang='lat' dir='ltr'>ad</span> <span class='ocrx_word' id='word_1_172' title='bbox 859 1714 1108 1772; x_wconf 88' lang='lat' dir='ltr'>parocbum</span> <span class='ocrx_word' id='word_1_173' title='bbox 1158 1713 1446 1771; x_wconf 85' lang='lat' dir='ltr'>pertineant:</span> <span class='ocrx_word' id='word_1_174' title='bbox 1499 1714 1671 1773; x_wconf 85' lang='lat' dir='ltr'>reliqua</span> <span class='ocrx_word' id='word_1_175' title='bbox 1711 1728 1822 1759; x_wconf 83' lang='lat' dir='ltr'>vero</span> <span class='ocrx_word' id='word_1_176' title='bbox 1871 1715 1926 1759; x_wconf 89' lang='lat' dir='ltr'>ad</span> 
     </span>
     <span class='ocr_line' id='line_1_21' title="bbox 146 1798 408 1844; baseline 0 -1"><span class='ocrx_word' id='word_1_177' title='bbox 146 1798 408 1844; x_wconf 82' lang='lat' dir='ltr'>Ecclesiam.</span> 
     </span>
    </p>

    <p class='ocr_par' dir='ltr' id='par_1_5' title="bbox 140 1880 1924 2026">
     <span class='ocr_line' id='line_1_22' title="bbox 258 1880 1924 1936; baseline -0.001 -9"><span class='ocrx_word' id='word_1_178' title='bbox 258 1884 359 1927; x_wconf 72' lang='lat'><strong>227.</strong></span> <span class='ocrx_word' id='word_1_179' title='bbox 381 1882 537 1936; x_wconf 80' lang='lat' dir='ltr'>Quoad</span> <span class='ocrx_word' id='word_1_180' title='bbox 562 1885 716 1925; x_wconf 85' lang='lat' dir='ltr'>Patres</span> <span class='ocrx_word' id='word_1_181' title='bbox 734 1880 972 1925; x_wconf 69' lang='lat' dir='ltr'>societatis</span> <span class='ocrx_word' id='word_1_182' title='bbox 998 1886 1094 1925; x_wconf 88' lang='lat' dir='ltr'>lesu</span> <span class='ocrx_word' id='word_1_183' title='bbox 1120 1881 1339 1925; x_wconf 86' lang='lat' dir='ltr'>nonnulla</span> <span class='ocrx_word' id='word_1_184' title='bbox 1362 1880 1575 1933; x_wconf 86' lang='lat' dir='ltr'>specialia</span> <span class='ocrx_word' id='word_1_185' title='bbox 1598 1881 1779 1926; x_wconf 86' lang='lat' dir='ltr'>decreta</span> <span class='ocrx_word' id='word_1_186' title='bbox 1805 1881 1924 1926; x_wconf 90' lang='lat' dir='ltr'>edita</span> 
     </span>
     <span class='ocr_line' id='line_1_23' title="bbox 140 1964 1234 2026; baseline -0.004 -15"><span class='ocrx_word' id='word_1_187' title='bbox 140 1972 263 2021; x_wconf 90' lang='lat' dir='ltr'>sunt,</span> <span class='ocrx_word' id='word_1_188' title='bbox 299 1981 416 2026; x_wconf 81' lang='lat' dir='ltr'>quae</span> <span class='ocrx_word' id='word_1_189' title='bbox 450 1965 550 2010; x_wconf 92' lang='lat' dir='ltr'>beic</span> <span class='ocrx_word' id='word_1_190' title='bbox 585 1967 753 2009; x_wconf 85' lang='lat' dir='ltr'>referre</span> <span class='ocrx_word' id='word_1_191' title='bbox 787 1970 1096 2023; x_wconf 88' lang='lat' dir='ltr'>opportunum</span> <span class='ocrx_word' id='word_1_192' title='bbox 1131 1964 1234 2008; x_wconf 88' lang='lat' dir='ltr'>erit.</span> 
     </span>
    </p>

    <p class='ocr_par' dir='ltr' id='par_1_6' title="bbox 131 2046 1924 3102">
     <span class='ocr_line' id='line_1_24' title="bbox 260 2046 1923 2105; baseline 0 -12"><span class='ocrx_word' id='word_1_193' title='bbox 260 2049 463 2093; x_wconf 88' lang='lat' dir='ltr'>Primum</span> <span class='ocrx_word' id='word_1_194' title='bbox 511 2048 747 2092; x_wconf 83' lang='lat' dir='ltr'>‹leci-etum</span> <span class='ocrx_word' id='word_1_195' title='bbox 796 2051 866 2091; x_wconf 85' lang='lat' dir='ltr'>est</span> <span class='ocrx_word' id='word_1_196' title='bbox 913 2046 1023 2090; x_wconf 82' lang='lat' dir='ltr'>anni</span> <span class='ocrx_word' id='word_1_197' title='bbox 1062 2047 1166 2091; x_wconf 45' lang='lat'>‘1851</span> <span class='ocrx_word' id='word_1_198' title='bbox 1206 2047 1278 2091; x_wconf 88' lang='lat' dir='ltr'>die</span> <span class='ocrx_word' id='word_1_199' title='bbox 1329 2049 1377 2092; x_wconf 74' lang='lat'>12</span> <span class='ocrx_word' id='word_1_200' title='bbox 1420 2048 1599 2105; x_wconf 81' lang='lat' dir='ltr'>augusti</span> <span class='ocrx_word' id='word_1_201' title='bbox 1647 2047 1818 2092; x_wconf 85' lang='lat' dir='ltr'>tenoris</span> <span class='ocrx_word' id='word_1_202' title='bbox 1856 2062 1923 2093; x_wconf 91' lang='lat' dir='ltr'>se-</span> 
     </span>
     <span class='ocr_line' id='line_1_25' title="bbox 138 2130 1924 2192; baseline 0 -15"><span class='ocrx_word' id='word_1_203' title='bbox 138 2132 335 2192; x_wconf 85' lang='lat' dir='ltr'>quentis.</span> <span class='ocrx_word' id='word_1_204' title='bbox 373 2135 484 2177; x_wconf 88' lang='lat' dir='ltr'>Cum</span> <span class='ocrx_word' id='word_1_205' title='bbox 519 2130 808 2175; x_wconf 84' lang='lat' dir='ltr'>difficultates</span> <span class='ocrx_word' id='word_1_206' title='bbox 840 2130 960 2174; x_wconf 89' lang='lat' dir='ltr'>baud</span> <span class='ocrx_word' id='word_1_207' title='bbox 995 2144 1095 2174; x_wconf 83' lang='lat' dir='ltr'>raro</span> <span class='ocrx_word' id='word_1_208' title='bbox 1128 2130 1399 2174; x_wconf 76' lang='lat' dir='ltr'>exoriantur</span> <span class='ocrx_word' id='word_1_209' title='bbox 1440 2131 1561 2175; x_wconf 88' lang='lat' dir='ltr'>circa</span> <span class='ocrx_word' id='word_1_210' title='bbox 1601 2131 1776 2177; x_wconf 86' lang='lat' dir='ltr'>litteras</span> <span class='ocrx_word' id='word_1_211' title='bbox 1811 2135 1924 2190; x_wconf 83' lang='lat' dir='ltr'>Apo-</span> 
     </span>
     <span class='ocr_line' id='line_1_26' title="bbox 138 2212 1922 2274; baseline 0.001 -15"><span class='ocrx_word' id='word_1_212' title='bbox 138 2215 319 2260; x_wconf 88' lang='lat' dir='ltr'>stolicas</span> <span class='ocrx_word' id='word_1_213' title='bbox 351 2214 513 2274; x_wconf 88' lang='lat' dir='ltr'>quibus</span> <span class='ocrx_word' id='word_1_214' title='bbox 549 2213 785 2271; x_wconf 88' lang='lat' dir='ltr'>presbyter</span> <span class='ocrx_word' id='word_1_215' title='bbox 817 2213 981 2271; x_wconf 87' lang='lat' dir='ltr'>aliquis</span> <span class='ocrx_word' id='word_1_216' title='bbox 1014 2212 1253 2258; x_wconf 84' lang='lat' dir='ltr'>Societatis</span> <span class='ocrx_word' id='word_1_217' title='bbox 1290 2219 1384 2259; x_wconf 88' lang='lat' dir='ltr'>[esu</span> <span class='ocrx_word' id='word_1_218' title='bbox 1409 2215 1461 2258; x_wconf 89' lang='lat' dir='ltr'>ad</span> <span class='ocrx_word' id='word_1_219' title='bbox 1493 2214 1773 2259; x_wconf 85' lang='lat' dir='ltr'>vicariatum</span> <span class='ocrx_word' id='word_1_220' title='bbox 1810 2219 1922 2272; x_wconf 76' lang='lat' dir='ltr'>Apo-</span> 
     </span>
     <span class='ocr_line' id='line_1_27' title="bbox 136 2297 1922 2357; baseline 0.001 -15"><span class='ocrx_word' id='word_1_221' title='bbox 136 2297 347 2343; x_wconf 88' lang='lat' dir='ltr'>stolicum</span> <span class='ocrx_word' id='word_1_222' title='bbox 386 2297 633 2355; x_wconf 91' lang='lat' dir='ltr'>regendum</span> <span class='ocrx_word' id='word_1_223' title='bbox 669 2297 982 2351; x_wconf 82' lang='lat' dir='ltr'>constituitur,</span> <span class='ocrx_word' id='word_1_224' title='bbox 1018 2299 1152 2341; x_wconf 80' lang='lat' dir='ltr'>Sacra</span> <span class='ocrx_word' id='word_1_225' title='bbox 1187 2297 1486 2355; x_wconf 71' lang='lat' dir='ltr'>congregatio</span> <span class='ocrx_word' id='word_1_226' title='bbox 1531 2298 1585 2342; x_wconf 91' lang='lat' dir='ltr'>de</span> <span class='ocrx_word' id='word_1_227' title='bbox 1631 2300 1922 2357; x_wconf 86' lang='lat' dir='ltr'>Propaganda</span> 
     </span>
     <span class='ocr_line' id='line_1_28' title="bbox 139 2380 1921 2441; baseline 0.001 -15"><span class='ocrx_word' id='word_1_228' title='bbox 139 2382 242 2426; x_wconf 87' lang='lat' dir='ltr'>Fide</span> <span class='ocrx_word' id='word_1_229' title='bbox 276 2380 457 2426; x_wconf 87' lang='lat' dir='ltr'>censuit</span> <span class='ocrx_word' id='word_1_230' title='bbox 501 2380 851 2439; x_wconf 80' lang='lat' dir='ltr'>supplicandum</span> <span class='ocrx_word' id='word_1_231' title='bbox 899 2380 1033 2425; x_wconf 75' lang='lat' dir='ltr'>SSmo</span> <span class='ocrx_word' id='word_1_232' title='bbox 1078 2381 1273 2425; x_wconf 87' lang='lat' dir='ltr'>Domino</span> <span class='ocrx_word' id='word_1_233' title='bbox 1314 2384 1363 2425; x_wconf 80' lang='lat' dir='ltr'>ut</span> <span class='ocrx_word' id='word_1_234' title='bbox 1395 2396 1511 2440; x_wconf 90' lang='lat' dir='ltr'>quae</span> <span class='ocrx_word' id='word_1_235' title='bbox 1552 2382 1642 2426; x_wconf 85' lang='lat' dir='ltr'>iam</span> <span class='ocrx_word' id='word_1_236' title='bbox 1679 2397 1758 2441; x_wconf 93' lang='lat' dir='ltr'>pro</span> <span class='ocrx_word' id='word_1_237' title='bbox 1792 2383 1921 2428; x_wconf 88' lang='lat' dir='ltr'>Vica-</span> 
     </span>
     <span class='ocr_line' id='line_1_29' title="bbox 138 2463 1920 2522; baseline 0.002 -14"><span class='ocrx_word' id='word_1_238' title='bbox 138 2465 253 2508; x_wconf 87' lang='lat' dir='ltr'>riatu</span> <span class='ocrx_word' id='word_1_239' title='bbox 282 2463 576 2509; x_wconf 83' lang='lat' dir='ltr'>Mandurensi</span> <span class='ocrx_word' id='word_1_240' title='bbox 611 2477 635 2508; x_wconf 86' lang='lat' dir='ltr'>a</span> <span class='ocrx_word' id='word_1_241' title='bbox 670 2467 712 2508; x_wconf 86' lang='lat' dir='ltr'>S.</span> <span class='ocrx_word' id='word_1_242' title='bbox 741 2468 800 2509; x_wconf 87' lang='grc' dir='ltr'>Μ.</span> <span class='ocrx_word' id='word_1_243' title='bbox 827 2464 1044 2520; x_wconf 87' lang='lat' dir='ltr'>Gregorio</span> <span class='ocrx_word' id='word_1_244' title='bbox 1068 2467 1165 2509; x_wconf 75' lang='lat' dir='ltr'>XV!</span> <span class='ocrx_word' id='word_1_245' title='bbox 1201 2464 1470 2522; x_wconf 83' lang='lat' dir='ltr'>Apostolicis</span> <span class='ocrx_word' id='word_1_246' title='bbox 1496 2466 1677 2510; x_wconf 86' lang='lat' dir='ltr'>Litteris</span> <span class='ocrx_word' id='word_1_247' title='bbox 1701 2469 1746 2510; x_wconf 92' lang='lat' dir='ltr'>in</span> <span class='ocrx_word' id='word_1_248' title='bbox 1773 2468 1920 2512; x_wconf 85' lang='lat' dir='ltr'>forma</span> 
     </span>
     <span class='ocr_line' id='line_1_30' title="bbox 138 2546 1918 2606; baseline 0.002 -15"><span class='ocrx_word' id='word_1_249' title='bbox 138 2546 292 2591; x_wconf 88' lang='lat' dir='ltr'>Brevis</span> <span class='ocrx_word' id='word_1_250' title='bbox 322 2546 394 2591; x_wconf 91' lang='lat' dir='ltr'>die</span> <span class='ocrx_word' id='word_1_251' title='bbox 433 2547 482 2590; x_wconf 82' lang='lat'>19</span> <span class='ocrx_word' id='word_1_252' title='bbox 519 2546 627 2590; x_wconf 87' lang='lat' dir='ltr'>maii</span> <span class='ocrx_word' id='word_1_253' title='bbox 663 2546 775 2591; x_wconf 76' lang='lat'>1846</span> <span class='ocrx_word' id='word_1_254' title='bbox 808 2547 942 2601; x_wconf 90' lang='lat' dir='ltr'>datis,</span> <span class='ocrx_word' id='word_1_255' title='bbox 979 2551 1116 2606; x_wconf 82' lang='lat' dir='ltr'>atque</span> <span class='ocrx_word' id='word_1_256' title='bbox 1149 2547 1260 2591; x_wconf 91' lang='lat' dir='ltr'>alias</span> <span class='ocrx_word' id='word_1_257' title='bbox 1292 2547 1458 2593; x_wconf 91' lang='lat' dir='ltr'>deinde</span> <span class='ocrx_word' id='word_1_258' title='bbox 1500 2550 1753 2594; x_wconf 89' lang='lat' dir='ltr'>constituta</span> <span class='ocrx_word' id='word_1_259' title='bbox 1793 2555 1918 2606; x_wconf 92' lang='lat' dir='ltr'>sunt,</span> 
     </span>
     <span class='ocr_line' id='line_1_31' title="bbox 135 2629 1919 2687; baseline 0.003 -15"><span class='ocrx_word' id='word_1_260' title='bbox 135 2629 333 2686; x_wconf 89' lang='lat' dir='ltr'>generali</span> <span class='ocrx_word' id='word_1_261' title='bbox 382 2629 566 2674; x_wconf 88' lang='lat' dir='ltr'>decreto</span> <span class='ocrx_word' id='word_1_262' title='bbox 614 2630 1131 2687; x_wconf 89' lang='lat' dir='ltr'>comprehenderentur.</span> <span class='ocrx_word' id='word_1_263' title='bbox 1185 2635 1364 2676; x_wconf 86' lang='lat' dir='ltr'>Statuta</span> <span class='ocrx_word' id='word_1_264' title='bbox 1400 2646 1510 2676; x_wconf 91' lang='lat' dir='ltr'>vero</span> <span class='ocrx_word' id='word_1_265' title='bbox 1558 2632 1817 2677; x_wconf 87' lang='lat' dir='ltr'>huiusmodi</span> <span class='ocrx_word' id='word_1_266' title='bbox 1866 2647 1919 2678; x_wconf 92' lang='lat' dir='ltr'>eo</span> 
     </span>
     <span class='ocr_line' id='line_1_32' title="bbox 135 2711 1918 2773; baseline 0.001 -17"><span class='ocrx_word' id='word_1_267' title='bbox 135 2717 345 2768; x_wconf 87' lang='lat' dir='ltr'>spectant</span> <span class='ocrx_word' id='word_1_268' title='bbox 377 2716 428 2755; x_wconf 90' lang='lat' dir='ltr'>ut</span> <span class='ocrx_word' id='word_1_269' title='bbox 459 2711 639 2770; x_wconf 85' lang='lat' dir='ltr'>quoties</span> <span class='ocrx_word' id='word_1_270' title='bbox 672 2713 957 2770; x_wconf 78' lang='lat' dir='ltr'>Apostolicae</span> <span class='ocrx_word' id='word_1_271' title='bbox 993 2713 1190 2758; x_wconf 88' lang='lat' dir='ltr'>Litterae</span> <span class='ocrx_word' id='word_1_272' title='bbox 1233 2714 1503 2767; x_wconf 88' lang='lat' dir='ltr'>traduntur,</span> <span class='ocrx_word' id='word_1_273' title='bbox 1538 2714 1703 2773; x_wconf 81' lang='lat' dir='ltr'>quibus</span> <span class='ocrx_word' id='word_1_274' title='bbox 1745 2728 1918 2758; x_wconf 89' lang='lat' dir='ltr'>memo-</span> 
     </span>
     <span class='ocr_line' id='line_1_33' title="bbox 135 2793 1917 2855; baseline 0.002 -18"><span class='ocrx_word' id='word_1_275' title='bbox 135 2797 258 2838; x_wconf 84' lang='lat' dir='ltr'>ratae</span> <span class='ocrx_word' id='word_1_276' title='bbox 291 2793 531 2839; x_wconf 88' lang='lat' dir='ltr'>Societatis</span> <span class='ocrx_word' id='word_1_277' title='bbox 555 2793 764 2839; x_wconf 90' lang='lat' dir='ltr'>Vicarius</span> <span class='ocrx_word' id='word_1_278' title='bbox 797 2796 1099 2853; x_wconf 77' lang='lat' dir='ltr'>Apostolicus,</span> <span class='ocrx_word' id='word_1_279' title='bbox 1135 2810 1214 2841; x_wconf 91' lang='lat' dir='ltr'>seu</span> <span class='ocrx_word' id='word_1_280' title='bbox 1252 2797 1421 2842; x_wconf 78' lang='lat' dir='ltr'>Vicat-ii</span> <span class='ocrx_word' id='word_1_281' title='bbox 1452 2798 1696 2855; x_wconf 75' lang='lat' dir='ltr'>Apostolici</span> <span class='ocrx_word' id='word_1_282' title='bbox 1730 2797 1917 2842; x_wconf 86' lang='lat' dir='ltr'>Coadiu-</span> 
     </span>
     <span class='ocr_line' id='line_1_34' title="bbox 136 2876 1917 2937; baseline 0.003 -18"><span class='ocrx_word' id='word_1_283' title='bbox 136 2879 220 2930; x_wconf 87' lang='lat' dir='ltr'>tor,</span> <span class='ocrx_word' id='word_1_284' title='bbox 258 2876 629 2933; x_wconf 85' lang='lat' dir='ltr'>Administrator,</span> <span class='ocrx_word' id='word_1_285' title='bbox 665 2883 745 2922; x_wconf 90' lang='lat' dir='ltr'>aut</span> <span class='ocrx_word' id='word_1_286' title='bbox 785 2879 1026 2937; x_wconf 88' lang='lat' dir='ltr'>Delegatus</span> <span class='ocrx_word' id='word_1_287' title='bbox 1060 2880 1346 2937; x_wconf 80' lang='lat' dir='ltr'>Apostolicus</span> <span class='ocrx_word' id='word_1_288' title='bbox 1366 2880 1421 2924; x_wconf 90' lang='lat' dir='ltr'>ad</span> <span class='ocrx_word' id='word_1_289' title='bbox 1454 2880 1734 2925; x_wconf 80' lang='lat' dir='ltr'>vicariatum</span> <span class='ocrx_word' id='word_1_290' title='bbox 1759 2895 1917 2937; x_wconf 78' lang='lat' dir='ltr'>regen·</span> 
     </span>
     <span class='ocr_line' id='line_1_35' title="bbox 133 2958 1915 3021; baseline 0.003 -19"><span class='ocrx_word' id='word_1_291' title='bbox 133 2958 239 3004; x_wconf 90' lang='lat' dir='ltr'>‹lum</span> <span class='ocrx_word' id='word_1_292' title='bbox 272 2964 550 3015; x_wconf 87' lang='lat' dir='ltr'>assumatur,</span> <span class='ocrx_word' id='word_1_293' title='bbox 585 2974 702 3020; x_wconf 87' lang='lat' dir='ltr'>quae</span> <span class='ocrx_word' id='word_1_294' title='bbox 738 2966 995 3021; x_wconf 86' lang='lat' dir='ltr'>sequuntur</span> <span class='ocrx_word' id='word_1_295' title='bbox 1041 2962 1218 3007; x_wconf 87' lang='lat' dir='ltr'>sancita</span> <span class='ocrx_word' id='word_1_296' title='bbox 1260 2963 1602 3020; x_wconf 90' lang='lat' dir='ltr'>intelligantur:</span> <span class='ocrx_word' id='word_1_297' title='bbox 1653 2964 1690 3018; x_wconf 87' lang='lat' dir='ltr'>l)</span> <span class='ocrx_word' id='word_1_298' title='bbox 1731 2963 1915 3021; x_wconf 88' lang='lat' dir='ltr'>Dispen-</span> 
     </span>
     <span class='ocr_line' id='line_1_36' title="bbox 131 3040 1912 3102; baseline 0.003 -18"><span class='ocrx_word' id='word_1_299' title='bbox 131 3040 245 3086; x_wconf 88' lang='lat' dir='ltr'>satio</span> <span class='ocrx_word' id='word_1_300' title='bbox 276 3055 330 3086; x_wconf 85' lang='lat' dir='ltr'>ac</span> <span class='ocrx_word' id='word_1_301' title='bbox 362 3041 528 3087; x_wconf 88' lang='lat' dir='ltr'>solutio</span> <span class='ocrx_word' id='word_1_302' title='bbox 571 3044 721 3088; x_wconf 89' lang='lat' dir='ltr'>locum</span> <span class='ocrx_word' id='word_1_303' title='bbox 766 3044 931 3089; x_wconf 90' lang='lat' dir='ltr'>babeat</span> <span class='ocrx_word' id='word_1_304' title='bbox 962 3059 986 3089; x_wconf 88' lang='lat' dir='ltr'>a</span> <span class='ocrx_word' id='word_1_305' title='bbox 1023 3045 1176 3102; x_wconf 89' lang='lat' dir='ltr'>regula</span> <span class='ocrx_word' id='word_1_306' title='bbox 1214 3045 1607 3090; x_wconf 78' lang='lat' dir='ltr'>constitutionum</span> <span class='ocrx_word' id='word_1_307' title='bbox 1653 3046 1912 3102; x_wconf 78' lang='lat' dir='ltr'>societatis,</span> 
     </span>
    </p>
   </div>
  </div>
 </body>
</html>
