2176 3386
186 164 266 205 456
827 174 936 203 PARS
965 174 989 203 1.
1025 173 1081 202 DE
1111 172 1320 202 PERsoms

188 281 259 326 ius
300 279 561 340 excipiendi
607 280 889 339 postulantes
931 282 1062 339 (quae
1111 278 1330 324 nimirum
1380 278 1427 322 in
1469 277 1738 322 institutum
1783 276 1964 322 admitti

189 364 437 425 postulant)
458 378 481 408 :¹
503 363 808 409 nihilominus
839 361 1135 421 superiorissa
1170 362 1221 406 in
1249 360 1429 406 casibus
1463 359 1825 420 particularibus,
1859 373 1971 405 cuin

190 447 458 508 praesertim
501 448 556 492 de
597 446 806 492 domibus
857 445 1117 504 longinquis
1160 449 1350 502 agatur,
1390 442 1734 503 superiorissam
1775 443 1972 488 localem

189 533 410 592 deputare
443 531 626 590 poterit,
651 534 699 573 ul
724 529 906 574 easdem
943 528 1225 587 postulantes
1253 527 1465 586 excipere
1499 526 1592 585 ipsa
1618 526 1783 571 valeat.
1821 526 1862 570 9.
1890 528 1975 570 Su-

193 616 432 676 periorissa
476 613 700 672 generalis
742 612 970 670 invigilat,
1006 615 1057 655 ut
1098 612 1279 668 regulae
1321 608 1663 655 accuratissime
1705 612 1974 662 serventur,

191 703 328 759 atque
351 697 623 743 institutum
657 695 934 754 ubicumque
969 709 1103 740 suum
1127 708 1313 752 scopum
1347 698 1618 752 assequatur
1640 693 1670 737 ¹.
1707 690 1978 738 Communi-

193 785 268 826 cat
301 795 380 839 per
413 780 567 824 literas
600 793 706 823 cum
746 777 959 822 omnibus
992 776 1195 822 instituti
1238 775 1463 830 domibus,
1500 774 1700 834 itemque
1742 787 1846 819 cum
1880 772 1978 831 epi-⁷

193 863 340 922 scopis
371 862 657 917 dioeceseon,
693 861 769 905 ubi
802 860 1046 906 Charitatis
1080 859 1214 904 Filiae
1247 862 1607 905 commorantur.

313 948 355 991 7.
393 944 693 1004 Superiorissa
729 943 953 1001 generalis
985 946 1257 1001 potestatem
1293 942 1430 987 habet
1462 940 1678 985 visitandi
1706 952 1866 984 omnes
1897 938 1980 982 do-

197 1045 294 1076 mos
326 1034 373 1075 et
405 1029 614 1074 instituta
653 1027 805 1085 (vulgo
837 1027 1155 1083 stabilimenti)
1192 1026 1248 1070 ad
1272 1027 1467 1070 formam
1502 1022 1815 1083 praecedentis
1849 1035 1977 1080 para-

196 1113 353 1172 graphi
401 1113 442 1167 6,
480 1125 523 1156 n.
562 1112 605 1155 6.
650 1109 691 1153 Si
735 1109 917 1169 quando
961 1108 1006 1153 in
1051 1108 1200 1168 aliqua
1243 1108 1378 1153 domo
1424 1107 1642 1165 regularis
1681 1105 1977 1150 observantia

197 1197 446 1250 relaxetur,
472 1198 552 1238 aut
585 1193 720 1252 (quod
753 1193 886 1250 absit)
921 1191 1102 1251 aliquod
1142 1191 1302 1249 ingens
1336 1190 1678 1235 incommodum
1713 1187 1979 1242 intercidat,

198 1294 299 1324 eam
334 1279 522 1323 domum
548 1291 636 1335 ‚per
668 1289 715 1320 se
750 1275 938 1320 visitare
972 1279 1174 1330 tenetur,
1209 1278 1304 1330 aut,
1340 1273 1376 1318 si
1412 1273 1613 1331 legitimo
1648 1270 1984 1330 impedimento

198 1362 404 1408 districta
452 1362 526 1417 sit,
565 1375 643 1419 per
676 1373 877 1404 sororem
913 1359 967 1402 ad
1003 1359 1086 1402 lioc
1124 1357 1432 1415 deputandam
1484 1354 1796 1400 visitationem
1833 1358 1979 1412 potest

198 1448 452 1493 absolvere.

319 1531 359 1575 8.
395 1528 525 1574 Hisce
561 1528 604 1572 in
630 1526 810 1572 casibus
843 1525 1083 1570 domorum
1118 1524 1276 1579 etiam,
1302 1537 1418 1583 quae
1446 1522 1492 1567 in
1516 1522 1680 1567 itinere
1712 1524 1984 1574 occurrunt,

203 1610 274 1655 vel
309 1611 464 1669 procul
499 1622 590 1653 non
625 1607 809 1661 absunt,
847 1604 1160 1649 visitationem
1194 1604 1424 1662 adimplet.

322 1693 363 1737 9.
400 1694 513 1736 Cum
547 1690 602 1734 a‘d
636 1703 756 1743 eam,
792 1702 907 1747 quae
941 1686 1116 1731 visitari
1152 1686 1302 1743 debet,
1327 1686 1513 1731 domum
1550 1683 1829 1742 pervenerit,
1854 1686 1982 1727 ante-

202 1790 340 1836 quam
373 1773 650 1819 visitationis
684 1771 868 1816 initium
905 1770 1060 1825 faciat,
1086 1769 1347 1828 episcopum
1383 1769 1706 1813 dioecesanum
1741 1766 1834 1811 adit
1856 1765 1988 1810 obse-

201 1858 361 1918 quium
397 1855 689 1915 praestitura,
725 1854 782 1898 ab
814 1867 958 1912 eoque
992 1851 1360 1896 benedictionem
1394 1853 1653 1908 acceptura.

205 2049 354 2085 vitiatus
392 2047 638 2087 diminuatu1·;
667 2054 750 2082 cum
778 2044 876 2080 bona
902 2043 1063 2079 Instituti
1104 2042 1300 2079 alienanda
1326 2042 1409 2084 sint,
1435 2050 1529 2086 quae
1569 2039 1783 2085 ceteroquin
1814 2037 1988 2074 alienatio

204 2120 282 2156 tie-ri
310 2119 436 2165 nequit
464 2118 537 2153 nisi
564 2116 760 2153 accedente
788 2114 1020 2160 heneplacito
1047 2112 1275 2149 auctoritatis
1303 2111 1577 2148 ecclesiasticae
1604 2110 1650 2146 ad
1676 2110 1831 2146 formam
1859 2118 1907 2144 ss.
1935 2117 1994 2144 ce.

206 2196 241 2228 et
268 2190 571 2228 constitutionum
599 2187 918 2233 Apostolicarum3
952 2194 1037 2221 cum
1077 2184 1209 2229 agendi
1250 2184 1354 2227 ratio,
1381 2194 1491 2230 quam
1531 2183 1777 2230 superiorissa
1813 2181 1990 2227 sequitur,

206 2261 453 2300 examinanda
479 2261 526 2297 sit
552 2262 655 2296 iuxta
681 2258 765 2305 Cap.
791 2258 831 2300 V,
858 2262 872 2297 ἓ
899 2258 931 2299 1,
965 2256 1095 2299 Consu,
1117 2256 1285 2292 videlicet
1311 2256 1341 2292 si
1369 2256 1516 2301 quando
1542 2256 1705 2291 destruat
1731 2254 1852 2300 potius
1877 2262 1989 2299 quam

208 2334 394 2377 aedificet;
422 2332 581 2377 denique
607 2331 647 2367 in
666 2329 838 2366 omnibus
863 2328 1023 2373 negotiis
1050 2327 1174 2363 arduis
1200 2333 1236 2363 et
1260 2327 1446 2373 gravibus,
1466 2326 1601 2372 quibus
1628 2325 1874 2372 superiorissa
1897 2324 1990 2361 nolit

209 2414 303 2441 onus
333 2413 378 2440 ac
406 2401 612 2448 periculum
650 2401 689 2437 in
714 2410 752 2437 se
780 2399 969 2444 suscipere
1006 2397 1166 2434 alicuius
1204 2397 1406 2443 capiendae
1444 2397 1708 2443 dispositionis,
1734 2396 1853 2442 deque
1892 2396 1997 2432 bono

209 2474 375 2511 eiusdem
403 2473 504 2509 exitu
530 2471 764 2517 respondere.

331 2545 338 2562 ¹
369 2544 554 2588 Quantum
573 2543 618 2579 ad
636 2542 942 2580 communionem
967 2541 1269 2579 sacramentalem
1298 2545 1449 2587 spectat,
1468 2539 1719 2586 Superiorissa
1743 2538 1861 2575 solam
1881 2537 1992 2573 habet

211 2615 422 2652 facultatem
451 2613 667 2661 prohibendi
697 2614 819 2650 Sorori
847 2624 1040 2651 accessum
1068 2614 1113 2650 ad
1141 2613 1239 2649 illam
1269 2612 1306 2648 in
1332 2611 1442 2648 unico
1480 2620 1580 2654 casu,
1607 2611 1644 2647 in
1671 2620 1744 2656 quo
1770 2609 1882 2646 Soror
1909 2611 1993 2654 post

212 2687 378 2724 ultimam
395 2686 673 2722 confessionem
700 2686 930 2723 commiserit
957 2686 1138 2724 defectum
1165 2684 1434 2730 aliquantulum
1462 2692 1610 2729 gravem
1636 2686 1673 2720 et
1698 2681 1886 2728 publicum
1908 2689 1995 2718 cum

213 2758 369 2795 aliarum
396 2766 563 2793 sororum
602 2756 855 2799 admiratione,
885 2757 993 2803 idque
1021 2765 1139 2802 usque
1167 2755 1252 2793 dum
1294 2754 1479 2800 praedicta
1504 2754 1615 2790 Soror
1639 2753 1769 2789 iterum
1795 2750 1842 2801 ad
1867 2750 1996 2787 Sacra-

213 2833 379 2865 mentum
406 2826 659 2863 Poenitentiae
684 2827 892 2863 accesserit.
920 2826 955 2864 S.
974 2827 1011 2862 C.
1038 2827 1111 2862 EE.
1138 2829 1175 2862 et
1201 2826 1274 2861 RR.
1293 2824 1336 2861 27
1366 2824 1445 2861 Iun.
1466 2823 1568 2861 1876.
1595 2823 1736 2860 Pariter
1761 2822 1841 2858 Sac.
1859 2820 1999 2866 Congr.

215 2899 348 2935 EE.e1
374 2898 450 2934 RR.
478 2898 629 2933 minime
669 2896 763 2933 solet
800 2898 1005 2944 approbare
1044 2896 1286 2943 aperitionem
1327 2895 1574 2932 conscientiae
1601 2894 1892 2941 Superiorissae,
1929 2893 1999 2931 sed

216 2972 357 3006 tantum
384 2967 605 3014 permittitur
631 2972 669 3004 ut
695 2968 846 3004 Sorores
874 2967 904 3004 si
931 2966 1057 3010 velint,
1085 2966 1243 3012 pandere
1271 2965 1415 3011 possint
1439 2964 1602 3002 delectus
1627 2965 1665 3000 in
1690 2963 1840 3009 regulae
1869 2963 2000 3000 obser-

215 3039 342 3076 vantia
365 3043 401 3075 et
426 3048 663 3085 progressum
690 3038 814 3085 quoad
842 3039 1006 3076 virtutes.

2131 2456 2152 2507 t

2132 2523 2148 2563 t

2128 2565 2147 2639 i
