2176 3386
807 167 938 196 mel-:R
965 167 990 196 1.
1021 167 1078 196 DE
1106 166 1302 205 cmmcxs
1460 201 1462 203 ‚
1865 157 1942 196 331

275 275 378 320 415.
417 277 651 320 Postremo
685 279 901 320 notamus
932 274 1052 334 quod
1085 288 1192 320 cum
1226 274 1476 320 hodiernae
1508 274 1946 319 civiles'societates

161 357 432 403 clericorum
457 356 694 416 privilegia
719 370 810 402 non
842 362 1189 415 recognoscant,
1217 363 1266 402 ut
1287 358 1390 418 quis
1411 358 1531 416 apud
1546 357 1750 403 iudicem
1767 357 1944 408 ,laicum

161 444 322 486 contra
355 439 574 485 clericum
596 453 730 498 agere
765 440 933 496 valeat,
959 444 1140 499 oportet
1172 445 1222 484 ut
1255 441 1380 499 prius
1411 455 1436 486 a
1459 440 1639 499 proprio
1670 440 1943 485 clericorum

158 523 400 569 Ordinario
428 526 615 569 veniam
635 529 777 580 petat,
807 537 950 581 (luam
975 523 1216 568 licentiam
1245 525 1500 569 ordinarii
1520 537 1783 583 numquam
1806 524 1942 568 dene-

157 607 339 664 9abunt
358 608 637 663 praesertim
659 619 765 650 cum
789 608 880 663 ipsi
899 608 1264 650 controversiam
1287 607 1542 651 conciliare
1565 621 1660 650 non
1684 607 1939 652 valuerint.

162 690 408 749 Episcopus
441 693 598 734 autem
632 690 752 748 apud
785 689 952 734 laicum
990 689 1185 734 iudicem
1220 690 1390 749 absque
1427 690 1713 749 Apostolicae
1747 690 1872 735 Sedis
1894 689 1944 734 li-

157 773 310 819 centia
342 773 586 819 conveniri
621 787 712 818 non
749 773 867 818 licet.
905 772 991 827 Qui
1025 778 1186 818 eontra
1219 788 1353 832 agere
1387 773 1483 818 ausi
1521 773 1693 819 fuerint
1735 775 1792 818 ab
1834 773 1943 832 ipsis

156 857 411 902 Ordinariis
443 857 602 916 poenis
633 871 686 902 ac
718 855 925 902 censuris
959 857 1174 902 serendae
1207 857 1467 902 sententiae
1501 857 1651 916 puniri
1696 862 1885 916 possunt
1909 858 1940 902 ¹.

275 943 376 987 414.
415 944 479 987 Ad
513 957 608 987 rem
645 946 685 988 S.
721 942 1021 1001 Congregatio
1059 944 1186 1000 Prop.
1225 941 1347 987 Fidei
1381 942 1452 987 die
1490 943 1541 986 17
1580 941 1682 987 Maii
1708 941 1818 986 1886
1843 954 1942 999 pro-

163 1025 308 1083 posito
340 1025 476 1069 dubio
508 1026 699 1085 quinam
735 1025 895 1070 modus
929 1025 1155 1070 tenendus
1188 1025 1248 1069 sit
1280 1039 1384 1070 cum
1419 1024 1731 1069 sacerdotibus
1763 1023 1839 1083 qui
1875 1037 1943 1068 re·

160 1113 354 1152 currunt
386 1108 442 1152 ad
465 1107 618 1152 civilia
642 1107 905 1163 tribunalia,
935 1112 1018 1152 EE.
1052 1112 1130 1152 PP.
1160 1108 1519 1167 responderunt:
1565 1128 1584 1148 a
1611 1108 1826 1152 declarat
1861 1109 1941 1152 Sa-

167 1203 252 1234 cra
280 1191 584 1247 Conyreyatio
607 1204 868 1249 numquam
890 1205 983 1235 sese
1005 1190 1107 1247 fore
1131 1191 1451 1236 admissuram
1486 1204 1730 1235 recursum·
1754 1191 1824 1234 vel
1857 1203 1939 1247 ap-

155 1273 456 1330 pellationem
495 1274 789 1318 sacerdotum
823 1277 904 1333 qui
935 1275 997 1319 ad
1030 1275 1204 1318 iudices
1237 1275 1377 1319 laicos
1410 1274 1599 1319 trahere
1633 1276 1739 1319 ausi
1759 1274 1943 1331 suerint

163 1356 233 1399 vel
255 1356 474 1399 clericum
504 1358 605 1400 sine
620 1358 766 1402 ,venia
795 1357 1061 1412 ordinarii,
1087 1358 1155 1401 vel
1184 1359 1455 1414 Episcopum
1478 1359 1580 1401 sine
1602 1359 1742 1401 ‘venia
1765 1361 1944 1413 Aposto-

163 1439 280 1484 licae
304 1439 444 1494 Sedis,
468 1442 561 1484 sive
583 1443 633 1484 in
657 1454 800 1485 causa
835 1441 1141 1485 ecelesiastica
1172 1443 1266 1485 sive
1289 1454 1399 1495 non,
1431 1443 1525 1484 nisi
1542 1443 1678 1497 prius
1696 1453 1941 1484 recursum

164 1523 228 1566 ad
258 1523 390 1567 civile
423 1523 634 1568 tribunal
666 1524 973 1568 deseruerint.
1017 1527 1226 1581 Episcopi
1257 1538 1364 1568 vero
1397 1526 1531 1569 iuxta
1570 1524 1938 1569 declarationem

162 1608 326 1662 capitis
362 1625 381 1646 u
414 1607 625 1663 Coycntes
646 1625 664 1646 n
702 1622 732 1652 a
767 1609 998 1665 Suprema
1038 1610 1341 1666 Inquisitione
1364 1608 1437 1652 die
1472 1609 1534 1651 23
1560 1610 1788 1652 Ianuarii
1818 1607 1939 1650 1886

164 1691 353 1746 editam,
386 1697 579 1748 possunt
611 1693 661 1735 in
691 1692 987 1749 praedictum
1023 1693 1244 1736 clericum
1281 1691 1662 1737 animadvertere
1692 1694 1854 1749 poenis
1886 1705 1942 1737 ac

161 1775 370 1817 censuris
403 1772 631 1830 ferendae
662 1756 933 1830 sententiae,
972 1778 1176 1820 maoeime
1207 1777 1508 1832 suspensione
1543 1789 1572 1819 a
1620 1775 1808 1829 divinis,
1843 1788 1937 1819 ser-

160 1861 279 1902 vatis
321 1865 480 1902 tamen
514 1859 775 1914 servandis,
812 1865 851 1903 et
880 1874 967 1916 pro
999 1861 1235 1916 yravitate
1266 1872 1451 1914 causae,
1487 1861 1528 1903 si
1561 1859 1608 1902 id
1648 1859 1865 1915 expedire
1888 1860 1939 1902 in

159 1943 355 1985 Domino
389 1944 719 1987 iudicaverint.
763 1944 891 1997 Quod
922 1946 962 1987 si
993 1936 1132 1988 venia
1165 1944 1475 1988 conveniendi
1504 1944 1727 1988 clericum
1763 1945 1812 1986 in
1832 1942 1935 2000 foro

158 2024 388 2069 laicorum
423 2025 480 2069 ab
518 2025 791 2070 ordinariis
819 2031 1026 2082 petatur,
1059 2028 1148 2082 ipsi
1187 2039 1450 2084 numquam
1483 2039 1587 2071 cam
1622 2026 1939 2087 cleneyabunt‚

158 2113 254 2151 tum
291 2110 494 2153 mamime
525 2122 630 2152 eum
663 2110 752 2165 ipsi
781 2111 1105 2152 controversiis
1139 2111 1261 2152 inter
1292 2115 1451 2165 partes
1492 2109 1804 2154 conciliandis
1836 2108 1941 2165 fru-

155 2197 257 2236 stra
288 2205 480 2248 operam
514 2192 729 2236 dederint
755 2210 773 2231 n
802 2191 833 2235 ².
874 2195 920 2236 [n
954 2195 1224 2249 Congregat.
1251 2195 1408 2236 autem
1436 2191 1526 2236 Fid.
1555 2195 1685 2250 Prop.
1708 2191 1780 2236 die
1804 2194 1846 2236 6.
1873 2204 1940 2236 se·
1997 2182 2002 2189 ’

158 2274 376 2332 ptembris
408 2275 516 2320 1886
552 2275 780 2333 proposito
813 2274 966 2319 dubio:
1005 2294 1025 2314 a
1051 2275 1275 2333 quomodo
1328 2275 1570 2333 agendum
1603 2289 1709 2319 cum
1760 2275 1942 2318 clericis

155 2359 236 2417 qui
265 2358 436 2402 cedunt
469 2359 601 2403 laicis
635 2360 745 2402 iura
776 2373 864 2403 sua
897 2372 1013 2416 crya
1048 2359 1164 2403 alios
1196 2359 1383 2403 elericos
1405 2358 1475 2403 vel
1505 2360 1743 2415 Episcopos
1768 2364 1818 2402 ut
1851 2360 1939 2415 ipsi

157 2441 269 2486 laici
314 2441 407 2484 loco
440 2454 601 2485 eorum
634 2447 890 2486 recurrant
935 2441 998 2486 ad
1041 2442 1253 2487 tribunal
1292 2442 1495 2486 laicum.-
1545 2444 1640 2485 Em.
1680 2445 1836 2486 Patres
1869 2455 1938 2484 re-

158 2524 457 2582 sponderunt:
484 2525 606 2583 quod
628 2525 783 2568 votens
804 2524 1135 2569 ecclesiasticus
1155 2538 1244 2570 sua
1267 2528 1380 2569 iura
1402 2525 1562 2569 cedere
1585 2525 1704 2569 laico
1727 2526 1778 2568 in
1802 2538 1941 2583 quae-

156 2613 301 2651 stione
333 2608 496 2666 aliqua
528 2613 695 2652 contra
743 2608 989 2663 clericum,
1025 2622 1265 2664 exposcere
1297 2608 1422 2653 debet
1468 2610 1602 2664 prius
1650 2610 1838 2651 veniam
1883 2608 1940 2652 ab

160 2692 393 2747 Episcopo,
417 2697 458 2735 et
487 2692 528 2735 si
560 2691 615 2735 de
647 2691 724 2735 lite
746 2697 924 2748 ayatur
956 2697 1123 2736 contra
1150 2694 1424 2749 Episcopum
1449 2692 1505 2736 ab
1530 2691 1784 2748 Apostoliea
1809 2690 1936 2735 Sede.

163 2772 290 2825 Quod
322 2774 415 2817 nisi
446 2772 597 2829 faeiat
628 2773 698 2817 vel
729 2774 931 2819 obtineat
967 2774 1194 2818 subiectus
1232 2779 1445 2817 censetur
1487 2772 1939 2830 praescriptionibus

279 2957 287 2976 ¹
317 2957 352 2994 S.
380 2957 418 2995 C.
446 2959 481 2996 Sa
508 2958 631 2995 Officii
657 2959 716 2995 die
738 2928 786 2995 '25
813 2959 974 2996 Ianuarii
1004 2958 1105 2996 1886.

277 3027 290 3046 ⁸
315 3027 466 3066 Collect.
491 3029 526 3067 S.
552 3029 589 3066 C.
616 3031 724 3076 Prop.
751 3030 854 3068 Fidei
881 3041 915 3067 n.
943 3030 1025 3067 249.
