2176 3386
505 183 635 212 LIBER
665 184 688 212 1.
719 183 775 212 DE
806 182 943 214 REBUS
971 182 1564 214 ECCLESmE,SPIRITUAIJBUS
1875 170 1929 211 99

144 304 268 346 sura,
305 294 356 334 ut
386 294 569 335 constat
600 304 658 335 ex
691 289 823 348 praxi
861 289 1103 345 Ecclesiae,
1128 295 1175 334 et
1206 289 1444 334 communi
1479 292 1726 334 Doctorum
1760 302 1924 334 sensu:

149 386 202 418 ea
235 372 359 418 enim
393 377 463 418 est
493 372 726 431 dispositio
758 373 814 417 ad
847 372 1057 418 Ordines.

264 456 366 501 8116.
403 457 530 502 Circa
564 456 950 514 irregularitatem
974 456 1175 501 notanda
1210 461 1318 500 sunt
1339 455 1595 516 sequentia:
1638 457 1674 513 l)
1705 458 1833 502 Nulla
1858 462 1928 502 est

144 540 454 598 irregularitas
486 540 544 585 ab
575 539 778 594 homine,
814 540 891 585 sed
923 539 1075 585 omnis
1106 543 1175 584 est
1211 554 1237 584 a
1271 539 1369 584 iure
1403 539 1653 585 universali
1680 541 1709 584 ².
1749 541 1925 587 Bonifa-

142 625 242 671 cius
265 627 380 679 VIII,
407 625 610 669 declarat
643 638 722 682 per
755 623 1112 668 celebrationem
1147 623 1191 666 in
1227 623 1418 668 ecclesia
1453 623 1623 682 polluta
1659 638 1751 668 non
1788 625 1924 670 fuisse

143 711 429 752 contractam
475 706 876 764 irregularitatem,
912 721 1017 750 cam
1051 707 1114 762 id,
1151 706 1316 766 inquit,
1355 720 1449 750 ‘non
1481 709 1539 750 sit
1570 721 1839 764 est-pressam
1875 711 1924 752 ιή

142 793 261 846 iure,
297 790 471 835 scilicet
501 791 742 834 communi
763 790 795 832 ².
839 791 881 845 2)
913 789 1223 846 Irregularitas
1255 788 1546 834 contrahitur
1583 794 1691 834 ante
1736 805 1922 835 omnem

143 873 441 928 sententiam,
467 872 601 918 etiam
626 872 683 917 ob
704 872 934 917 defectum
961 873 1034 918 vel
1068 873 1241 917 crimen
1277 873 1529 928 occultum,
1564 877 1610 917 et
1634 887 1726 918 non
1750 873 1925 918 totlitur

144 971 223 1016 per
254 956 607 1011 absolutionem,
642 956 717 1001 sed
754 970 832 1014 per
859 956 1266 1015 dispensationem.
1319 957 1360 1010 5)
1399 961 1552 1001 Potest
1585 957 1687 1016 quis
1721 957 1924 1016 pluribus

144 1039 555 1098 irregularitatibus
577 1039 717 1084 etiam
742 1039 944 1084 eiusdem
979 1039 1145 1097 speciei
1179 1039 1374 1084 detineri
1399 1040 1456 1083 ob
1478 1038 1597 1084 idem
1627 1040 1803 1084 factum
1828 1040 1924 1098 plu-

143 1123 231 1167 ries
263 1122 578 1168 commissum.
616 1131 765 1177 Quare
788 1123 1002 1167 obtinens
1024 1123 1412 1181 dispensationem
1437 1123 1785 1181 irregularitatis
1818 1138 1924 1169 cum

142 1206 437 1264 expressione
470 1206 663 1251 alicuius
697 1220 892 1261 causae,
932 1221 1022 1251 non
1058 1212 1276 1252 censetur
1309 1207 1597 1265 dispensatus
1630 1208 1674 1251 iu
1711 1208 1925 1253 omnibus

141 1289 242 1335 aliis
273 1289 685 1347 irregularitatibus
718 1290 967 1334 contractis
990 1304 1047 1334 ex
1070 1290 1157 1334 alia
1192 1304 1328 1335 causa
1364 1304 1456 1334 non
1481 1303 1712 1348 expressa.
1750 1292 1793 1344 4>
1824 1294 1923 1335 Non

143 1372 352 1431 prohibet
386 1387 517 1417 usum
543 1372 884 1428 iurisdictionis,
911 1388 1027 1433 quae
1051 1374 1257 1418 exerceri
1283 1379 1433 1433 potest
1460 1374 1558 1419 sine
1592 1379 1698 1420 actu
1734 1375 1921 1420 ordinis.

142 1458 260 1502 Hinc
295 1457 522 1502 parochus
543 1457 803 1514 irregularis
828 1462 976 1515 potest
998 1458 1205 1515 delegare
1237 1459 1291 1502 ad
1327 1463 1619 1504 sacramenta
1655 1459 1747 1503 suis
1795 1473 1924 1517 paro-

143 1540 321 1585 chianis
356 1539 687 1594 ministranda,
723 1540 937 1598 quamvis
968 1540 1008 1585 ei
1045 1555 1135 1585 non
1173 1541 1305 1586 liceat
1340 1541 1411 1586 illa
1449 1541 1727 1586 ministrare.
1771 1542 1922 1587 Valide

143 1626 299 1667 tamen
334 1623 611 1677 absolveret,
648 1637 751 1667 cum
791 1637 879 1667 non
916 1623 1122 1682 privetur
1157 1628 1384 1682 potestate
1419 1624 1761 1669 iurisdictionis.

260 1706 363 1751 817.
403 1710 610 1751 Iamvero
642 1706 952 1764 irregularitas
984 1707 1206 1751 dixiditur
1244 1708 1288 1751 in
1324 1722 1425 1753 eam
1460 1722 1577 1768 quae
1620 1709 1835 1767 provenit
1867 1724 1924 1754 ex

142 1788 303 1832 delicto
336 1793 382 1832 et
415 1787 460 1832 in
495 1802 597 1833 eam
631 1803 747 1848 quae
781 1789 996 1848 provenit
1029 1804 1083 1834 ex
1120 1790 1319 1847 desecta.

261 1871 362 1915 818.
402 1871 762 1929 Irregularitates
794 1887 851 1917 ex
884 1872 1049 1918 delicto
1082 1873 1410 1931 provenientes
1441 1880 1638 1934 quatuor
1682 1889 1926 1921 recensen-

143 1958 234 2000 tur.
273 1955 418 1999 Prima
456 1955 600 1999 oritur
632 1970 688 2000 ex
725 1956 969 2001 homicidio
1004 1957 1074 2001 vel
1111 1957 1416 2003 mutilatione.
1456 1960 1662 2004 Secunda
1696 1974 1752 2004 ex
1787 1959 1924 2004 itera-

143 2036 268 2082 tione
312 2038 540 2096 baptismi.
595 2039 744 2084 Tertia
794 2055 848 2084 ex
899 2040 1042 2085 vetito
1090 2041 1313 2086 Ordinum
1358 2042 1595 2087 exercitio.
1651 2047 1823 2096 Quarta
1867 2058 1924 2088 ex

142 2121 333 2166 haeresi.

262 2204 364 2249 819.
404 2205 714 2262 Irregularitas
746 2220 804 2251 ex
838 2206 1003 2252 delicto
1035 2208 1216 2253 adnexa
1253 2209 1297 2252 in
1332 2208 1490 2267 primis
1531 2214 1600 2254 est
1634 2210 1924 2256 voluntariae

149 2286 262 2343 (sive
296 2287 342 2332 in
367 2301 414 2332 se
439 2288 536 2333 sive
561 2288 606 2333 in
631 2292 785 2348 causa)
818 2290 1034 2336 occisioni
1061 2292 1130 2336 vel
1169 2292 1447 2337 mutilationi
1473 2293 1674 2338 hominis
1706 2293 1920 2350 iniustae;

144 2383 251 2415 nam
287 2370 363 2430 qui
397 2376 448 2415 ut
480 2385 526 2416 se
560 2372 775 2417 defendat
807 2374 1004 2429 occidit,
1045 2375 1114 2419 vel
1152 2375 1333 2420 mutilat
1365 2389 1470 2421 cum
1509 2376 1824 2421 moderamine
1858 2376 1925 2420 in-

142 2456 352 2514 culpatae
384 2457 573 2511 tutelae,
610 2457 995 2516 irregularitatem
1029 2473 1122 2504 non
1157 2460 1367 2506 incurrit.
1407 2461 1662 2506 Incurritur
1684 2464 1841 2506 autem
1866 2460 1923 2504 ir-

143 2539 429 2596 regularium,
455 2540 553 2585 sive
577 2541 743 2586 occisio
775 2542 856 2587 fiat
879 2557 959 2601 per
990 2557 1054 2598 se,
1090 2544 1187 2589 sive
1222 2559 1302 2603 per
1333 2544 1473 2589 alium
1499 2549 1593 2590 tam
1620 2547 1758 2601 facto,
1784 2559 1921 2604 quam

144 2622 378 2679 mandato,
416 2638 498 2682 ope
532 2624 758 2682 proxima,
794 2630 874 2670 aut
907 2626 952 2670 vi
988 2627 1060 2672 vel
1094 2627 1196 2672 (loto
1229 2627 1468 2673 efficiendo
1501 2641 1560 2671 ne
1594 2626 1773 2672 occisus
1820 2626 1920 2682 sibi,

144 2706 215 2751 vel
249 2706 290 2751 ei
322 2705 439 2751 alius
472 2706 737 2765 opituletur,
773 2721 866 2752 non
903 2722 1011 2753 vero
1044 2708 1079 2753 si
1114 2710 1261 2754 solum
1294 2715 1393 2754 rata
1427 2710 1668 2755 habeatur.
1720 2713 1778 2754 Ea
1813 2723 1923 2754 vero

144 2801 237 2833 non
274 2788 507 2834 inducitur
540 2803 619 2848 per
651 2790 948 2836 homicidium
984 2791 1180 2836 casuale.
1226 2792 1316 2836 Sub
1349 2792 1592 2837 homicidio
1624 2792 1925 2850 comprehen-

264 2986 274 3006 ¹
303 2987 357 3023 Ex
384 2996 464 3033 cap.
497 2988 541 3024 18
567 2987 610 3024 de
637 2993 730 3025 sent.
758 2998 939 3026 excomm.
970 2990 1006 3026 in
1032 2989 1087 3028 60.

266 3058 278 3076 ’
306 3057 392 3103 Cap.
422 3058 465 3094 18
491 3058 535 3095 de
563 3062 654 3095 sent.
683 3069 865 3096 excomm.
894 3061 930 3096 in
957 3061 1010 3097 60.
