2176 3386
786 202 915 231 Lmen
945 202 968 230 1.
1001 201 1057 229 DE
1086 200 1278 230 CLEmffls
1846 189 1922 229 183

142 310 289 357 ritatis
319 314 473 355 actum
507 322 724 354 exercere
760 308 973 363 voluisse,
999 311 1137 367 atque
1170 306 1283 351 adeo
1306 306 1696 364 independentem
1730 308 1788 350 ab
1823 306 1922 365 Epi·

140 393 299 452 scopis.
338 393 595 438 Secundum
629 396 714 446 est,
751 404 920 447 poenas
952 390 1229 435 constitutas
1260 403 1358 434 esse
1391 393 1550 434 contra
1582 402 1675 444 eos,
1699 389 1777 448 qui
1810 403 1917 449 quo-

142 477 251 521 libet
274 480 513 534 praetextu
537 474 757 533 impedire
780 473 982 518 audeant
1004 472 1253 532 quominus
1277 472 1306 516 ii
1330 473 1406 532 qui
1435 471 1598 517 talibus
1627 473 1923 518 facultatibus

141 558 352 604 instructi
375 563 499 612 sunt,
526 557 739 616 imposito
761 557 843 602 sibi
871 571 1062 602 munere
1088 558 1340 614 fungantur
1364 558 1458 601 Sac.
1483 560 1644 614 Congr.
1666 557 1760 600 Fid.
1789 560 1919 616 Prop.

141 643 195 687 26
231 641 365 699 April.
404 641 529 686 1647.
568 640 772 685 Tertium
807 643 891 693 est,
917 639 952 683 si
978 640 1094 684 forte
1130 638 1333 696 Episcopi
1359 639 1528 696 absque
1565 639 1681 683 iusta
1705 652 1841 683 cansa
1875 640 1920 683 in

142 724 432 784 prohibendis
467 724 766 770 missionariis
797 724 855 768 ab
887 724 1052 768 harum
1088 724 1359 768 facultatum
1393 723 1616 768 exercitio
1658 724 1919 783 persistant,

143 822 268 868 posse
303 808 614 852 missionarios
647 807 732 852 illis
755 807 819 851 uti
854 812 900 852 et
934 806 1119 851 interim
1156 810 1253 851 Sac.
1281 806 1692 864 Congrcgationem
1717 821 1769 851 ea
1796 807 1851 851 de
1876 821 1922 851 re

141 891 382 936 certiorem
420 891 606 935 reddere
639 892 792 948 (Instr.
830 891 935 934 data
969 890 1042 935 die
1080 892 1132 935 14
1167 894 1260 934 lan.
1302 891 1444 947 1726).

259 976 358 1019 242.
396 974 473 1018 His
508 973 783 1031 praemissis,
822 973 1077 1017 notandum
1111 978 1195 1029 est,
1223 973 1368 1018 teneri
1405 972 1719 1018 missionariOs
1751 976 1802 1016 ut
1837 971 1923 1030 pri-

141 1071 266 1102 mum
301 1058 355 1100 ad
391 1056 661 1101 missionum
686 1057 782 1100 loca
809 1057 1104 1113 perveniunt,
1131 1056 1306 1100 litteras
1340 1061 1550 1113 patentes
1583 1060 1628 1099 et
1663 1054 1922 1108 facultates,

144 1143 251 1198 (non
278 1154 387 1184 vero
420 1153 608 1184 suorum
645 1139 935 1197 Superiorum
971 1138 1268 1194 obedientias)
1308 1138 1536 1196 Episcopis
1562 1138 1632 1181 vel
1665 1151 1823 1181 eorum
1854 1136 1922 1180 Vi-

141 1224 273 1268 cariis
305 1227 384 1267 aut
420 1221 641 1266 ministris
664 1221 804 1266 etiam
840 1221 1119 1265 ordinariam
1157 1226 1429 1278 potestatem
1460 1236 1516 1265 ex
1549 1220 1785 1279 privilegio
1819 1233 1922 1277 apo—

140 1307 325 1352 stolicae
359 1307 482 1352 Sedis
517 1306 791 1351 habentibus
824 1290 1088 1359 ostendere,
1124 1310 1175 1349 ut
1213 1311 1395 1350 constet
1427 1306 1481 1350 de
1515 1320 1674 1350 eornm
1716 1305 1919 1363 legitima

141 1389 371 1435 missione.
426 1394 518 1434 Hoc
558 1389 725 1447 pluries
757 1403 781 1433 a
816 1392 913 1433 Sac.
958 1392 1119 1446 Congr.
1166 1389 1257 1433 Fid.
1310 1393 1437 1446 Prop.
1489 1389 1726 1432 decretum
1769 1392 1838 1431 est
1877 1392 1923 1431 et

143 1475 416 1520 nominatim
453 1474 525 1518 die
559 1476 613 1518 26
650 1474 812 1532 Aprilis
850 1476 976 1519 1647.

258 1560 413 1614 Quoad
447 1572 726 1603 consensum
762 1573 872 1603 vero
910 1559 1139 1617 Episcopi,
1170 1559 1379 1603 Formnla
1416 1562 1490 1614 IV,
1526 1572 1642 1617 quae
1680 1556 1925 1602 Praefectis

141 1644 437 1699 conceditur,
474 1649 661 1689 cautum
707 1648 802 1698 est,
838 1648 888 1686 ut
921 1656 1173 1688 consensus
1222 1644 1316 1701 ipse
1358 1644 1415 1687 sit
1451 1642 1736 1687 necessarius
1768 1642 1823 1686 ad
1857 1655 1924 1686 se-

140 1732 332 1787 quentes
366 1729 607 1772 facultates
646 1742 671 1772 a
708 1727 1006 1772 missionariis
1040 1727 1353 1772 exercendas:
1404 1728 1442 1784 l)
1466 1727 1520 1771 ad
1556 1727 1823 1771 facultatem
1859 1726 1925 1770 bis

141 1809 184 1854 in
210 1810 281 1854 die
305 1824 486 1855 sacrum
511 1811 793 1866 celebrandi;
831 1812 873 1867 2)
897 1811 950 1855 ad
978 1810 1280 1854 ministranda
1305 1815 1595 1854 sacramenta
1618 1810 1920 1868 parochialia;

141 1895 182 1952 5)
218 1895 272 1939 ad
322 1894 631 1953 indulgentias
678 1895 981 1939 conferendas
1020 1896 1077 1939 40
1121 1896 1366 1951 horarum,
1401 1910 1517 1955 quae
1560 1909 1692 1953 porro
1739 1893 1923 1939 nonnisi

141 1978 298 2024 diebus
329 1980 385 2023 ab
412 1979 627 2037 Episcopo
649 1979 908 2036 approbatis
943 1979 1079 2023 indici
1118 1984 1321 2037 possunt.
1362 1983 1459 2024 Non
1496 1979 1745 2038 requiritur
1767 1984 1923 2023 autem

143 2062 397 2106 huiusmodi
441 2075 691 2107 consensus
723 2062 777 2106 ad
812 2063 1087 2121 exercitium
1139 2063 1332 2107 aliarum
1385 2064 1659 2107 facultatum
1700 2067 1746 2107 et
1780 2061 1923 2107 nomi-

144 2144 286 2189 natim
324 2145 554 2190 facultatis
586 2146 878 2203 dispensandi
914 2161 937 2190 a
974 2147 1110 2200 votis,
1147 2147 1203 2190 ab
1238 2145 1585 2205 impedimentis
1607 2139 1923 2190 matrimonia-

143 2228 280 2284 libus,
316 2230 373 2273 ab
404 2229 712 2284 abstinentia,
749 2243 834 2273 nec
875 2231 929 2274 ad
965 2230 1355 2274 ministrationem
1389 2235 1786 2274 sacramentorum
1830 2243 1919 2273 non

148 2311 488 2369 parochialium.

262 2396 326 2440 Ad
359 2397 554 2441 alterum
588 2397 707 2456 quod
741 2397 910 2441 attinet
943 2400 1075 2441 Sacra
1110 2398 1410 2455 Congregatio
1444 2398 1538 2442 Fid.
1578 2402 1708 2455 Prop.
1745 2398 1800 2442 ad
1826 2397 1925 2455 Epi-

143 2494 381 2538 scoporuin
419 2480 781 2526 iurisdictionem
816 2481 1057 2525 tutandam
1093 2482 1378 2526 conveniens
1412 2482 1546 2526 duxit
1577 2481 1850 2541 quibusdam
1877 2480 1923 2524 li-

145 2562 329 2607 mitibus
375 2564 618 2608 facultates
650 2563 769 2622 ipsas
814 2568 1066 2619 coarctare,
1113 2578 1230 2623 quae
1269 2565 1453 2623 propius
1495 2564 1551 2609 ad
1599 2563 1925 2608 auctoritatem

143 2646 443 2706 episcopalem
479 2649 757 2692 referuntur.

261 2735 353 2775 Hae
389 2745 520 2789 porro
554 2730 853 2776 limitationes
887 2731 958 2776 vel
995 2731 1038 2775 in
1075 2731 1169 2789 ipsa
1205 2731 1413 2775 Formnla
1453 2734 1660 2788 prostant
1688 2729 1758 2774 rel
1785 2728 1925 2773 variis

144 2812 338 2858 decretis
369 2813 559 2859 subinde
591 2813 694 2859 latis
726 2814 1042 2860 continentur.
1081 2813 1401 2859 Limitationes
1445 2814 1641 2858 formula
1675 2816 1924 2857 contentae

144 2895 230 2941 huc
264 2896 489 2953 recidunt,
526 2902 576 2942 ut
608 2911 701 2943 non
738 2897 911 2956 possint
942 2897 1147 2942 exerceri
1184 2898 1267 2942 nisi
1303 2897 1349 2941 in
1385 2895 1488 2953 foro
1524 2899 1710 2940 interno
1735 2894 1924 2939 faculta-

146 2983 211 3024 tes
242 2979 603 3025 matrimoniales
634 2994 751 3040 quae
783 2985 892 3026 sunt
924 2981 1115 3025 collatae
1149 2980 1195 3024 in
1232 2979 1437 3024 numeris
1470 2981 1544 3034 IV,
1585 2981 1634 3034 V,
1663 2981 1736 3031 Vt,
1774 2979 1850 3020 VII
1875 2979 1924 3019 nt

145 3062 335 3108 facultas
367 3065 532 3109 calices
565 3069 611 3109 et
642 3065 803 3110 altaria
839 3064 1022 3110 mobilia
1061 3064 1213 3121 (vulgo
1236 3063 1497 3120 portatilia)
1525 3060 1924 3106 consecrandiex-
