2176 3386
170 158 251 210 344
294 226 297 227 ⁷
817 178 927 207 PARS
957 178 984 206 1.
1017 178 1074 206 DE
1102 175 1314 206 PERsoms
2144 0 2176 290 '

171 285 347 330 tionem
382 278 512 329 suam
546 284 788 329 dumtaxat
825 284 959 329 modo
991 286 1260 328 contractus
1293 285 1457 327 natura
1490 295 1571 327 sua
1619 282 1679 326 sit
1727 281 1880 326 licitus
1911 286 1962 326 et
2159 292 2169 315 ÷

173 372 356 413 tantum
407 367 696 412 solummodo
738 366 1011 425 impendant
1057 368 1283 424 quantum
1332 364 1576 409 honestum
1628 363 1959 422 patrimonium

175 440 441 513 constituat.
478 451 521 507 5>
559 452 688 494 Auno
726 449 839 493 1854
885 447 1145 507 quaesitum
1187 451 1285 491 est:
1331 447 1422 492 Che
1455 460 1560 491 cosa
1593 447 1735 491 debba
1783 447 1958 505 rispon-

177 518 369 598 dersiial
403 533 499 578 Vic.
540 535 615 590 Ap.
655 532 725 576 del
759 531 991 576 Sutchuen
1026 531 1093 574 sul
1127 528 1294 574 dubbio
1329 529 1522 573 relativo
1554 528 1596 574 al
1630 530 1755 576 lucro
1799 543 1963 587 prove-

178 609 495 663 nie‘nt'e'dana
540 615 726 660 xcudita
766 615 880 659 delle
933 613 1189 658 mercanzie
1231 613 1316 657 che
1355 612 1453 657 colii
1501 611 1536 657 si
1586 616 1875 670 trasportano
1909 611 1957 656 in

178 701 311 759 luogo
344 701 414 745 del
447 700 619 744 danaro
661 701 891 756 spettante
934 697 1017 741 alla
1071 696 1299 740 Missione.
1356 700 1638 753 Responsum
1685 700 1783 739 est:
1834 707 1965 752 posse

182 783 494 829 missionarios
517 781 822 827 subsidiorum
848 780 929 824 sibi
954 779 1212 824 debitorum
1238 778 1474 823 securitati
1498 783 1544 822 et
1568 777 1799 822 missionis
1821 777 1968 836 ipsius

179 868 299 912 bono
332 868 571 911 consulere
604 865 869 924 accipiendo
903 879 982 922 per
1015 864 1199 907 modum
1238 861 1590 919 permutationis
1624 875 1799 906 merces
1831 874 1963 919 pecu-

182 951 270 996 niis
302 950 383 995 sibi
419 949 583 994 debitis
615 953 794 1006 emptas
825 947 1101 1006 easdemque
1134 946 1187 990 ad
1223 959 1270 990 se
1303 946 1477 990 delatas
1521 945 1720 988 vendere
1753 949 1799 988 et
1830 957 1966 988 suum

182 1037 332 1080 facere
367 1034 563 1093 pretium
613 1047 670 1077 ex
720 1031 988 1077 venditione
1031 1044 1191 1075 earum
1234 1029 1558 1074 retrahendum
1595 1030 1625 1072 ¹.
1687 1031 1817 1073 Anno
1855 1028 1969 1072 1857

182 1119 441 1179 quaesitum
475 1122 573 1162 est:
626 1131 672 1161 se
705 1116 848 1160 debba
884 1113 1138 1159 accordarsi
1175 1114 1214 1158 la
1249 1112 1412 1158 facolta
1448 1111 1621 1157 chiesta
1671 1107 1749 1156 dal*
1786 1110 1972 1156 Vicario

187 1199 442 1260 Apostolico
475 1199 544 1243 ‹lel
579 1198 815 1242 'ronchino
848 1195 1144 1241 Occidentale
1176 1195 1219 1239 di
1254 1199 1410 1253 potere
1443 1193 1705 1238 couvertire
1741 1193 1783 1236 in
1828 1192 1969 1237 merci

186 1283 215 1327 il
247 1284 420 1327 danaro
454 1282 537 1327 che
571 1281 625 1325 da
662 1284 821 1325 Macao
854 1279 889 1324 si
925 1280 1093 1323 manda
1126 1293 1150 1322 a
1193 1278 1342 1336 quella
1394 1276 1608 1322 missione
1657 1275 1854 1320 affinche
1891 1274 1970 1333 piu

187 1365 500 1410 difficilmeute
533 1363 595 1407 sia
631 1366 812 1420 esposto
845 1362 930 1406 alle
980 1361 1137 1419 rapine
1180 1360 1249 1404 (lei
1301 1359 1488 1414 corsari,
1539 1359 1623 1404 alla
1671 1358 1855 1416 perfidia
1900 1357 1973 1401 dei

190 1447 409 1506 portatori
445 1448 498 1491 ed
531 1447 616 1492 alle
650 1447 836 1503 angarie
869 1446 939 1490 del
975 1455 1211 1503 governo;
1257 1458 1525 1502 responsum
1573 1448 1666 1488 est:
1718 1442 1970 1487 dummodo

189 1519 307 1564 absit
338 1518 530 1564 omnino
564 1518 675 1563 lucri
710 1518 913 1562 studium
948 1517 1020 1561 vel
1058 1516 1358 1574 propositum,
1383 1519 1429 1560 et
1453 1515 1701 1559 necessitas
1725 1514 1787 1558 ita
1810 1513 1973 1571 agendi

191 1603 420 1661 perduret,
456 1607 502 1646 et
534 1601 784 1646 dummodo
818 1601 997 1644 lucrum
1034 1600 1078 1643 in
1115 1599 1346 1644 missionis
1379 1598 1626 1643 utilitatem
1651 1598 1800 1652 cedat,
1827 1601 1873 1642 et
1897 1610 1979 1655 pro

191 1690 277 1734 1100
311 1692 491 1733 tantum
527 1701 633 1732 casu
669 1687 900 1731 tribuatur
933 1688 1073 1745 petita
1108 1686 1302 1730 facultas
1334 1685 1396 1730 ita
1430 1689 1587 1730 tamen
1622 1689 1789 1728 utnon
1812 1682 1983 1727 evadat

192 1772 239 1816 i'n
271 1771 536 1828 exemplum
569 1770 696 1830 quasi
734 1769 957 1833 npgotiari
993 1769 1129 1814 liceat
1163 1768 1463 1813 missionariis
1495 1767 1553 1812 ob
1586 1766 1815 1811 missionis
1859 1765 1981 1809 utili-

194 1860 339 1900 tatem
364 1853 395 1897 ².

314 1940 446 1982 Anno
483 1936 589 1981 1851
627 1950 651 1980 a
687 1938 727 1979 S.
765 1939 903 1993 Cong.
943 1938 983 1979 S.
1010 1934 1157 1979 Officii
1201 1934 1484 1979 declaratum
1535 1933 1651 1977 fuit:
1704 1945 1832 1990 posse
1875 1932 1982 1975 mis-

195 2020 419 2066 sionarios
467 2024 513 2064 et
555 2018 877 2063 subsidiorium
928 2017 1011 2062 sibi
1060 2017 1319 2062 debitorum
1373 2015 1608 2061 securitati
1657 2020 1703 2060 et
1752 2013 1987 2059 missionis

197 2103 339 2163 ipsius
372 2104 491 2148 bono
524 2102 763 2148 consulere
796 2101 1063 2159 accipiendo
1098 2115 1176 2159 per
1210 2100 1395 2145 modum
1421 2097 1774 2158 permutationis
1799 2110 1988 2142 merces

199 2187 404 2246 pecuniis
436 2186 519 2230 sibi
553 2185 718 2230 debitis
750 2189 929 2243 emptas
960 2185 1235 2243 easdemque
1278 2184 1333 2227 ad
1377 2197 1423 2228 se
1470 2183 1644 2227 delatas
1692 2181 1893 2226 vendere
1938 2183 1988 2224 et

198 2282 331 2314 suum
367 2270 517 2313 facere
553 2268 750 2326 pretium
785 2283 842 2312 ex
877 2267 1146 2312 venditione
1178 2266 1445 2311 earumdem
1471 2264 1799 2310 retrahendum
1824 2263 1854 2307 ⁸.

318 2352 422 2396 455.
461 2351 524 2397 Ad
549 2364 719 2408 poenas
741 2351 861 2410 quod
882 2350 1050 2395 attinet
1070 2353 1231 2394 contra
1255 2348 1444 2394 clericos
1469 2346 1792 2405 negotiatores,
1818 2345 1865 2389 in
1889 2345 1989 2389 iure

199 2438 424 2484 canonico
457 2441 682 2483 statutum
715 2439 784 2481 est
821 2437 859 2492 1)
897 2435 1087 2480 clericos
1128 2434 1275 2493 quoad
1318 2446 1389 2478 res
1431 2432 1477 2476 in
1518 2431 1682 2491 quibus
1716 2429 1990 2487 negotiatio-

202 2536 310 2567 nem
352 2524 574 2566 exercent
615 2519 907 2578 privilegium
951 2516 1261 2576 exemptionis
1308 2530 1333 2561 a
1377 2515 1677 2573 vectigalibus
1714 2512 1929 2558 amittere
1952 2511 1987 2557 ⁴.

202 2605 244 2660 2)
283 2608 404 2648 Bona
437 2617 554 2661 quae
585 2602 779 2647 clericus
814 2600 1125 2659 negotiatione
1159 2599 1361 2644 indebite
1393 2597 1479 2643 sibi
1513 2595 1802 2655 comparavit
1849 2593 1994 2653 spolio

327 2837 335 2855 ¹
365 2836 517 2873 Collect.
548 2836 583 2872 S.
615 2835 652 2872 C.
678 2836 787 2881 Prop.
815 2834 894 2870 Fid.
923 2843 959 2869 n.
985 2832 1067 2869 545.

325 2908 337 2926 ¹
364 2907 518 2944 Collect.
545 2917 583 2943 n.
610 2906 690 2950 544,
718 2905 802 2942 545.
830 2905 882 2942 Cf.
909 2915 946 2941 n.
976 2903 1057 2940 546.

328 2979 341 2998 ²³
367 2979 515 3016 Collect.
543 2987 582 3014 n.
610 2977 694 3014 547.

326 3050 340 3070 ⁵
366 3050 579 3087 Thesaurus
606 3048 651 3085 de
678 3048 820 3094 poenis,
847 3046 961 3083 verbo
989 3043 1251 3091 Negotiatiom's
