2176 3386
1679 0 1697 5 ·“
1710 0 1746 15 ³⁸}
1769 0 1776 6 ·
1799 0 1825 10 11-
1838 0 1848 19 .-
1863 0 1974 32 =v=wrv
2019 22 2041 29 .,

249 188 326 228 194
922 200 1032 230 PARS
1062 201 1102 229 11.
1133 200 1189 230 DE
1219 200 1357 230 REBUS

436 417 453 463 ἓ
479 418 512 454 3.
538 438 584 442 -
610 418 669 454 De
695 417 880 464 deleyata
902 421 1098 464 potestate
1124 418 1301 466 Capituli
1325 420 1395 455 aut
1419 418 1568 455 Vicarii
1594 418 1838 466 Capitularis

675 489 935 536 dispensandi
954 490 994 525 in
1015 489 1312 536 impedimentis
1331 489 1595 526 matrimonii.

370 643 497 687 1052.
535 641 792 687 iurisdictio
824 642 929 687 sede
963 647 1161 687 vacante
1203 641 1497 686 habitualiter
1537 641 1707 686 residet
1742 641 1789 686 in
1823 641 2028 701 Capitulo

249 724 473 770 Ecclesiae
507 724 804 779 cathedralis,
842 725 887 768 in
920 729 1026 770 actu
1063 739 1173 770 vero
1205 739 1263 770 ex
1296 725 1591 784 dispositione
1624 724 1735 770 iuris
1767 725 1814 769 in
1847 726 2028 772 Vicario

244 809 487 867 Capitulari
522 809 596 868 qui
635 810 752 853 intra
788 809 814 852 8
841 808 937 854 dies
969 824 993 854 a
1026 810 1233 867 Capituli)
1266 809 1501 867 eligendus
1533 813 1617 855 est.
1653 809 1910 866 Capitulum
1949 822 2027 853 au-

245 895 338 935 tem
372 905 424 935 ac
461 878 667 935 Vicari'us
691 890 961 948 capitularis
984 895 1234 936 censentur
1269 891 1486 949 Episcopo
1512 890 1756 935 succedere
1790 894 2026 949 tamquam

243 973 383 1017 totius
420 973 685 1019 Dioeceseos
708 974 938 1018 ordinario
973 975 1159 1033 pastori,
1195 974 1392 1032 negotiis
1425 973 1646 1032 exceptis,
1670 988 1787 1033 quae
1814 986 2028 1032 expresse

242 1055 464 1113 denegata
499 1055 546 1100 in
582 1057 679 1100 iure
712 1056 1135 1114 deprehenduntur.
1171 1062 1321 1111 Quare
1354 1056 1474 1115 quod
1507 1055 1676 1101 attinet
1707 1056 1762 1100 ad
1795 1056 2027 1113 dispensa·

241 1140 392 1184 tiones
428 1140 793 1184 matrimoniales
830 1140 867 1196 l)
894 1140 1152 1198 Capitulum
1188 1145 1234 1184 et
1269 1139 1475 1184 Vicarius
1507 1138 1776 1196 Capitularis
1804 1153 1893 1183 non
1927 1152 2026 1183 suc-

240 1223 412 1268 cedunt
448 1222 666 1281 Episcopo
704 1225 852 1282 quoad
897 1223 1163 1268 facultatem
1203 1221 1496 1281 dispensandi
1536 1235 1593 1267 ex
1627 1222 1916 1279 deleyat‘ione
1948 1236 2025 1266 ex-

242 1319 425 1364 pressa,
471 1308 553 1350 etsi
590 1312 631 1349 et
673 1308 763 1362 ipsi
798 1312 839 1349 et
882 1306 1220 1363 deleyationem
1270 1319 1535 1363 expressam
1584 1305 1787 1348 obtinere
1830 1306 2022 1361 possint.

242 1390 457 1433 Attamen
493 1388 528 1432 si
562 1389 831 1433 Ordinarius
863 1403 951 1448 qua
986 1389 1090 1434 talis
1130 1389 1365 1447 delegatus
1407 1388 1568 1441 fuerit,
1605 1387 1864 1432 huiusmodi
1906 1387 2025 1431 dele·

240 1474 360 1530 gatio
393 1473 449 1517 ad
486 1472 715 1517 vicarium
751 1473 1056 1531 Capitularem
1108 1473 1455 1518 transmittitur.
1505 1474 1547 1527 2)
1580 1472 1838 1530 Capitulum
1873 1476 1919 1515 et
1952 1471 2024 1515 Vi-

239 1557 390 1602 carius
436 1556 706 1614 Capitularis
753 1557 1017 1614 dispensare
1063 1561 1254 1615 possunt
1301 1571 1358 1601 ex
1406 1557 1696 1613 delegatione
1741 1558 1909 1610 tacita,
1952 1555 2024 1600 vel

239 1646 563 1699 praesumpta,
599 1642 704 1700 quia
752 1642 863 1685 haec
902 1641 957 1684 ad
995 1641 1263 1699 Episcopum
1308 1640 1506 1699 pertinet
1549 1645 1769 1699 tanquam
1814 1640 1869 1684 ad
1906 1639 2026 1684 ordi-

240 1725 438 1771 narium.

363 1809 488 1852 1055.
528 1811 723 1852 Notetur
769 1808 889 1867 quod
937 1809 1120 1867 quando
1159 1808 1438 1866 dispensatio
1481 1810 1530 1851 i‘n
1569 1806 1672 1864 foro
1704 1813 1894 1851 externo
1938 1807 2025 1853 fuit

238 1905 454 1936 concessa
489 1892 545 1935 ab
583 1892 799 1949 Episcopo
836 1892 905 1935 vel
944 1891 1121 1936 Vicario
1154 1890 1397 1948 Capitulari
1445 1890 1615 1935 recurri
1643 1894 1789 1947 potest
1826 1904 1903 1948 pro
1935 1890 2023 1934 dis·

239 1974 507 2031 pensatione
553 1977 601 2018 in
647 1975 750 2031 foro
782 1977 1092 2019 conscientiae
1129 1973 1226 2019 sive
1260 1973 1317 2018 ad
1354 1974 1645 2032 Episcopum,
1680 1973 1778 2018 sive
1819 1974 1875 2018 ad
1915 1978 2022 2019 Poe·

240 2056 571 2102 nitentiariam.
611 2061 710 2101 Non
747 2072 857 2102 vero
892 2057 1063 2101 recurri
1100 2061 1247 2115 potest
1284 2057 1339 2101 ad
1376 2056 1646 2115 Episcopum
1684 2057 1753 2101 vel
1788 2057 2021 2102 Vicarium

239 2138 382 2196 Capit.
419 2138 465 2183 in
500 2140 599 2184 foro
632 2139 816 2184 interno
849 2139 884 2183 si
919 2138 1196 2197 dispensatio
1231 2139 1276 2183 in
1313 2139 1410 2183 foro
1443 2143 1637 2182 externo
1685 2151 1900 2184 concessa
1936 2140 2025 2182 fuit

237 2223 293 2268 ab
328 2226 407 2280 Ap.
446 2223 572 2268 Sede.

971 2403 1202 2433 ARTICULUS
1236 2404 1278 2432 11.

740 2509 969 2563 Quomodo
999 2513 1191 2565 petatur
1223 2508 1520 2564 dispensatio.

359 2641 483 2685 1054.
520 2639 803 2685 Matrimonii
836 2638 1202 2698 dispensationes
1236 2637 1409 2682 nemini
1444 2636 1762 2683 conceduntur
1794 2635 1880 2680 nisi
1915 2649 2019 2693 sup-

236 2724 340 2781 plex
373 2723 550 2767 libellus
581 2736 871 2781 quacumque
907 2722 1051 2766 forma
1086 2724 1319 2774 exaratus,
1355 2721 1565 2763 munitus
1595 2717 1868 2762 eoelzibeatur
1899 2719 2020 2761 testi·

236 2809 390 2850 monio
422 2806 667 2850 ordinarii
697 2818 786 2863 quo
819 2819 871 2849 ea
905 2804 1229 2862 exprimantur
1269 2816 1386 2862 quae
1418 2803 1474 2846 de
1500 2804 1605 2846 iare
1638 2801 1711 2846 vel
1743 2801 1799 2844 de
1830 2813 2020 2844 consue·

237 2890 423 2945 tudine,
461 2889 534 2933 vel
574 2889 690 2948 stylo
728 2890 896 2932 Curiae
942 2886 1139 2944 exprimi
1171 2885 1341 2930 debent
1384 2885 1444 2929 ita
1482 2888 1534 2928 ut
1565 2884 1600 2929 si
1634 2883 1799 2928 horum
1845 2881 2018 2941 aliquid

233 2973 373 3017 etiam
410 2976 677 3030 ignoranter
708 2971 968 3026 omittatur⁷
1004 2969 1282 3027 dispensatio
1315 2982 1394 3013 sua
1430 2968 1474 3011 vi
1513 2966 1795 3012 destituitur.

357 3055 485 3100 1055.
523 3059 673 3108 Quare
705 3053 900 3112 exprimi
934 3053 1091 3098 debet:
