2176 3386
795 170 925 204 cumn
953 171 978 199 1.
1014 171 1071 200 DE
1100 171 1294 200 cmmms
1338 175 1340 177 ·
1857 161 1943 202 329

877 359 1109 389 Auricutus
1150 360 1211 389 111.

804 473 865 514 De
894 470 1144 528 privilein
1176 470 1287 528 fori.

278 613 381 658 409.
418 612 576 658 Clerici
611 613 695 658 fori
730 613 967 672 privilegio
985 613 1124 659 etiam
1148 615 1364 673 gaudent.
1400 614 1615 668 Quaestio
1640 615 1762 660 inter
1783 615 1943 660 docto·

163 708 234 740 res
265 695 465 754 agitatur
496 710 554 741 an
598 696 682 741 fori
724 696 1013 755 privilegium
1057 711 1114 742 ex
1155 700 1258 743 inre
1306 700 1465 742 divino
1497 697 1556 742 sit
1589 698 1664 743 vel
1710 697 1939 743 humano.

164 781 279 823 Sunt
319 778 397 839 qui
431 779 630 839 primum
679 781 912 825 affirmant
945 785 991 825 et
1023 794 1122 839 cap.
1160 783 1189 824 4
1224 783 1287 825 De
1319 782 1527 825 censibus
1559 783 1609 825 in
1655 783 1711 824 Vl
1742 785 1788 825 et
1822 782 1851 824 3
1886 781 1947 824 de

164 865 363 908 iureiur.
401 863 636 908 adducunt
669 863 714 908 in
748 863 912 923 quibus
944 877 1158 921 expresse
1191 863 1360 909 dicitur
1397 878 1626 922 personas
1673 865 1948 910 ecelesiasti—

162 960 242 992 eas
273 949 413 992 etiam
447 947 605 991 divino
640 949 741 991 iure
776 962 803 991 a
834 953 1052 1004 potestate
1084 949 1209 993 laica
1253 951 1487 993 immunes
1517 963 1621 993 esse.
1671 953 1863 1008 Insuper
1895 948 1943 994 in

162 1043 264 1075 can.
303 1033 402 1074 Duo
438 1036 548 1075 sunt
578 1044 772 1088 96716·φά,
809 1044 934 1075 caus,
964 1032 1032 1085 12,
1057 1047 1100 1090 q.
1131 1032 1170 1087 l,
1206 1031 1251 1075 in
1287 1032 1471 1076 decreto
1505 1031 1673 1076 dicitur
1714 1031 1945 1091 duplicem

163 1126 260 1158 esse
294 1117 570 1171 potestatum
606 1127 748 1172 genus
770 1114 1126 1159 ecclesiasticam
1151 1119 1198 1158 et
1219 1114 1422 1171 civilem,
1447 1129 1642 1174 quarum
1668 1115 1790 1174 prior
1814 1119 1947 1159 tanto

163 1195 391 1240 secundae
423 1200 626 1254 praestat
656 1201 830 1256 quanto
853 1197 1105 1255 spiritualia
1130 1197 1472 1256 temporalibus,
1499 1198 1624 1257 atqui
1649 1202 1849 1256 potestas
1871 1211 1944 1242 ec·

165 1277 416 1324 clesiastica
449 1294 565 1339 quae
598 1283 756 1339 utpote
789 1279 995 1338 superior
1026 1280 1230 1326 inferiori
1267 1295 1357 1325 non
1392 1281 1631 1326 subiicitur
1663 1295 1719 1325 ex
1744 1280 1843 1325 iure
1877 1280 1943 1324 di-

165 1362 276 1406 vino
308 1366 393 1414 est,
428 1377 535 1421 ergo
568 1364 707 1408 etiam
743 1364 827 1408 fori
863 1363 1170 1423 privilegium.
1209 1363 1293 1409 Alii
1326 1364 1486 1409 dicunt
1521 1364 1603 1410 fori
1634 1365 1942 1422 privileyium

165 1460 220 1491 ea:
252 1449 356 1490 iure
387 1445 598 1492 humano
629 1461 720 1492 esse
751 1450 843 1491 imo
876 1448 1110 1493 eac-laicae
1137 1451 1373 1505 potestatis
1403 1450 1689 1493 concessione
1721 1447 1948 1505 originem

165 1528 350 1586 habere3
386 1530 504 1589 quod
538 1531 728 1588 probare
762 1535 992 1575 conantur
1023 1545 1078 1575 ex
1113 1544 1210 1589 cap.
1248 1532 1330 1576 ult.
1368 1532 1423 1575 cte
1445 1532 1579 1575 rebus
1603 1531 1829 1576 Ecclesiae
1851 1544 1947 1574 non

169 1613 441 1658 alienandis
473 1613 518 1658 in
553 1628 642 1673 quo
675 1613 844 1659 dicitur
876 1614 1133 1659 libertatem
1161 1614 1389 1660 Ecclesiae
1424 1615 1652 1659 munitam
1688 1613 1826 1659 fuisse
1860 1613 1948 1672 pri-

168 1696 345 1755 vilegiis
377 1696 635 1756 principum
670 1697 990 1742 saecularium.
1028 1704 1178 1752 Quare
1212 1697 1258 1742 in
1293 1698 1397 1744 Cod.
1437 1696 1718 1742 Iustinianeo
1752 1698 1807 1741 cle
1843 1699 1952 1754 Epi·

167 1782 312 1836 scopis
344 1794 425 1838 per
457 1780 643 1824 modum
680 1779 789 1838 legis
822 1781 905 1826 fori
941 1780 1439 1839 privilegium'clericis
1455 1780 1739 1826 conceditur.
1777 1783 1868 1824 Nos
1885 1779 1950 1824 di-

169 1861 316 1907 cimus
350 1863 433 1908 fori
468 1862 759 1922 privilegium
795 1864 851 1908 ab
886 1865 1091 1909 Ecclesia
1138 1863 1377 1910 inductum
1414 1864 1577 1919 luisse,
1614 1859 1643 1908 a
1676 1863 1804 1908 civili
1830 1869 1955 1920 pote·

167 1951 280 1990 state
311 1948 601 2004 reeoynitum
626 1953 675 1992 at
707 1947 756 1991 in
789 1949 891 1991 iure
923 1947 1082 1991 divino
1106 1946 1476 2004 fundamentum
1509 1946 1695 1992 habere.
1750 1948 1802 1990 Et
1841 1959 1955 1991 sane

169 2026 215 2072 in
250 2028 451 2073 Concilio
483 2028 750 2074 Tridentino
774 2028 787 2053 ¹
822 2030 1018 2074 traditur
1050 2030 1136 2074 hoc
1168 2029 1458 2088 privilegium
1483 2029 1787 2074 constitutum
1813 2028 1957 2073 fuisse

170 2111 337 2156 divina
359 2111 660 2156 ordinatione
691 2118 732 2155 et
764 2113 1078 2157 ecclesiasticis
1107 2113 1437 2157 sanctionibus.
1473 2118 1568 2166 Qua
1602 2113 1656 2156 de
1690 2126 1738 2156 re
1771 2110 1952 2156 etiamsi

170 2199 465 2253 praeceptum
500 2210 558 2240 ex
592 2197 690 2240 iure
723 2196 1032 2242 ecclesiastico
1064 2197 1139 2250 sit,
1165 2201 1323 2241 tamen
1358 2195 1556 2241 intentio
1590 2210 1645 2240 cx
1671 2194 1831 2240 divino
1855 2194 1953 2239 iure

172 2278 416 2336 repetenda
450 2282 532 2323 cst.
566 2278 709 2323 Huius
743 2279 966 2338 privilegii
999 2279 1244 2337 vestigium
1280 2280 1324 2324 in
1361 2279 1467 2338 ipsis
1485 2279 1625 2324 sacris
1658 2279 1801 2323 literis
1824 2278 1957 2323 inve·

174 2362 301 2406 nitur
343 2362 486 2407 veluti
521 2362 566 2406 in
601 2362 734 2421 epist.
771 2366 803 2407 Ι.
840 2363 964 2407 Pauli
1008 2363 1062 2408 ad
1096 2363 1388 2408 Timotheum
1423 2377 1521 2419 cap.
1561 2363 1618 2417 5,
1655 2376 1700 2406 v.
1742 2362 1826 2418 19,
1878 2360 1953 2405 ubi

173 2443 340 2490 dicitur
391 2465 409 2485 u
439 2446 663 2491 adversus
692 2447 1014 2505 presbyteram
1063 2449 1407 2492 accusationem
1457 2447 1556 2490 noli
1602 2448 1812 2503 accipere
1859 2447 1956 2489 nisi

171 2529 253 2573 sub
287 2530 462 2574 duobus
493 2530 563 2573 vel
597 2531 743 2574 tribus
776 2530 958 2574 testibus
984 2549 1022 2574 n.
1059 2533 1271 2575 Ceterum
1306 2530 1479 2587 legibus
1513 2528 1835 2574 ecclesiasticis
1867 2528 1954 2573 hoc

174 2610 464 2669 privilegium
498 2611 805 2657 diversimode
838 2612 1137 2658 immutatum
1171 2617 1255 2668 est,
1291 2613 1404 2657 adeo
1437 2616 1488 2656 ut
1521 2611 1608 2656 dici
1653 2611 1793 2670 possit
1833 2611 1953 2669 quod

174 2694 222 2738 in
254 2707 333 2738 sua
367 2693 556 2739 iuridica
590 2696 735 2740 forma
768 2695 826 2740 ab
861 2695 1086 2741 Ecclesiae
1119 2694 1291 2753 legibus
1324 2694 1504 2753 pendet.

292 2778 394 2822 ΜΟ.
432 2781 589 2837 ltaque
624 2778 706 2823 fori
741 2778 1030 2837 privilegium
1054 2778 1108 2823 ad
1133 2777 1322 2823 clericos
1355 2776 1555 2835 pertinet
1589 2776 1664 2836 qui
1699 2776 1834 2820 huius
1866 2775 1954 2834 pri-

175 2858 327 2917 vilegii
362 2859 507 2918 gratia
540 2859 595 2903 ad
628 2860 860 2905 saeculare
894 2859 1094 2904 tribunal
1128 2858 1247 2904 trahi
1271 2873 1363 2903 non
1400 2862 1604 2917 possunt.
1645 2861 1708 2902 Ex
1731 2855 1956 2902 Ecclesiae

297 3040 306 3058 ¹
335 3038 420 3085 Cap.
448 3039 530 3082 XX,
557 3039 653 3076 Sess.
681 3038 786 3074 XXV
812 3038 856 3074 de
883 3037 1043 3074 Reform.
