2176 3386
335 0 338 5 ⁴
804 18 806 20 ,
891 21 894 28 Δ
1035 0 1058 4 .,
1222 8 1246 14 ,,
1370 3 1373 5 .
1518 0 1524 5 .
1601 11 1610 42 ‘2
1772 0 2176 203 ..fffflw-ffffl-f-ffw

219 180 272 219 44
862 190 971 219 PARS
1002 190 1026 218 1.
1062 190 1118 217 DE
1147 188 1359 218 Pi-:nsoxis

223 297 469 355 postulatio
501 297 720 342 solemnis
754 296 910 341 vocari
943 297 1084 352 solet;
1126 295 1323 353 simplex
1355 299 1511 340 autem
1551 296 1796 353 postulatio
1834 296 2003 341 dicitur

224 394 446 438 personae
479 380 534 424 de
567 380 664 424 iure
699 378 861 423 habilis
893 379 939 422 in
974 379 1228 436 praelatum
1265 378 1386 422 facta
1408 378 1467 434 ei,
1493 377 1623 422 euius
1656 391 1908 423 consensus
1935 393 2001 424 re-

221 463 432 522 quiritur.

344 546 414 590 58.
450 549 624 590 Omnes
656 550 812 589 autem
848 544 1077 602 postulare
1111 547 1302 601 possunt
1332 544 1408 603 qui
1444 548 1635 602 possunt
1668 543 1870 601 eligeret
1905 543 2001 603 qui-

224 627 307 671 bus
338 627 464 671 enim
498 626 766 671 conceditur
799 624 1050 683 principale
1084 637 1250 681 nempe
1284 624 1463 679 electio,
1483 623 1625 669 etiam
1643 636 1913 669 concessum
1938 624 2003 668 vi-

223 708 358 753 detur
390 708 695 753 accessorium
730 721 809 752 seu
843 705 1166 751 subsidiarium
1203 706 1267 749 uti
1299 711 1369 750 est
1402 706 1645 764 postulatio
1669 705 1934 750 subintrans
1957 705 2002 749 in

226 791 379 835 locum
413 790 652 835 electionis
685 790 716 834 ².

345 874 413 918 59.
456 873 749 917 postulantur
780 872 856 932 qui
889 873 1070 919 defectu
1105 873 1329 918 canonico
1366 872 1576 917 laborant
1609 886 1633 916 3
1666 885 1756 931 quo
1791 875 1938 930 potest
1959 877 2005 917 et

224 958 339 1003 solet
371 957 639 1015 dispensari.
677 958 804 1002 Tales
837 959 1043 1003 defectus
1075 963 1183 1002 sunt
1207 959 1241 1013 l)
1268 956 1567 1015 illegitimitas
1586 957 1807 1001 natalium
1828 957 1841 980 ³
1868 959 1908 1018 2)
1931 957 2003 1000 de-

225 1043 373 1086 fectus
406 1041 572 1086 aetatis
605 1041 835 1098 legitimae
859 1042 873 1065 ¹⁸
919 1042 961 1097 5)
997 1042 1204 1086 defectus
1237 1041 1409 1086 ordinis
1441 1054 1493 1084 ac
1526 1040 1704 1084 debitae
1747 1039 1967 1084 scientiae
1991 1041 2005 1064 ⁵

223 1125 265 1180 4)
304 1125 511 1170 defectus
555 1123 846 1183 professionis
895 1124 950 1168 ad
996 1125 1301 1183 praelaturam
1346 1124 1600 1181 regularem
1637 1122 1652 1145 ⁵
1688 1124 1727 1178 5)
1768 1122 2004 1167 vinculum

226 1207 476 1265 spiritualis
508 1207 708 1266 coniugii
742 1221 832 1266 quo
868 1207 1113 1265 Episcopus
1147 1207 1286 1251 etiam
1321 1206 1519 1252 titularis
1552 1207 1761 1264 alligatus
1795 1209 1864 1250 est
1897 1218 2004 1250 suae

227 1291 475 1347 Ecclesiae,
511 1305 535 1336 a
569 1305 658 1351 quo
690 1290 805 1335 solvi
842 1304 932 1334 non
970 1294 1118 1348 potest
1151 1290 1236 1334 nisi
1271 1304 1296 1334 3
1334 1294 1537 1334 Romano
1572 1289 1790 1334 Pontifice
1825 1290 1854 1333 ⁷.

345 1377 413 1420 60.
450 1374 670 1420 Postulari
704 1378 859 1418 autem
896 1377 1133 1432 nequeunt
1165 1373 1243 1432 qui
1275 1374 1455 1417 defectu
1489 1371 1841 1431 ,indispensabili
1885 1371 2007 1416 labo·

228 1463 349 1513 rant,
387 1459 503 1503 idest
539 1457 614 1501 tali
647 1457 828 1500 defectu
857 1470 882 1500 a
915 1471 1004 1516 quo
1039 1471 1130 1501 non
1168 1460 1315 1515 potest
1349 1457 1419 1501 vel
1454 1457 1617 1501 saltem
1650 1470 1741 1500 non
1777 1456 1891 1500 solet
1922 1455 2007 1499 dis-

229 1542 425 1600 pensari.
473 1546 623 1595 Quare
657 1539 874 1597 postulari
910 1545 1147 1599 nequeunt
1180 1541 1408 1595 infantes,
1449 1542 1684 1593 amentes,
1723 1538 1904 1594 furiosi,
1944 1538 2009 1582 bi-

226 1625 365 1683 gami,
401 1624 541 1682 spurii
576 1625 590 1646 ⁸
625 1628 712 1669 etc,
756 1628 844 1669 etc.

346 1709 416 1753 61.
453 1707 539 1762 Qui
576 1708 810 1766 postulant
843 1720 1085 1764 personam
1121 1707 1301 1751 defectu
1335 1705 1677 1764 indispensabili
1722 1705 2006 1751 laborantem

227 1808 306 1853 pro
340 1807 392 1838 ea
427 1792 529 1836 vice
563 1791 659 1850 ipso
694 1791 791 1835 iure
826 1791 1068 1849 privantur
1101 1794 1326 1848 potestate
1361 1789 1618 1848 postulandi
1658 1804 1711 1834 ac
1743 1788 1936 1847 eligendi
1971 1790 2004 1833 ⁹.

228 1876 398 1921 Eadem
434 1888 579 1932 poena
627 1876 884 1932 puniuntur
923 1874 1001 1934 qui
1051 1874 1225 1932 indigni
1275 1877 1505 1918 renovant
1547 1871 1919 1930 postulationem,
1955 1885 2007 1916 ac

228 1958 392 2003 electio
424 1957 479 2002 ad
514 1971 591 2002 eos
623 1959 887 2004 devolvitur
918 1957 995 2017 qui
1029 1957 1073 2000 in
1110 1957 1324 2000 iteratam
1359 1954 1714 2014 postulationem
1766 1968 1858 1998 non
1902 1967 2010 1999 con·

228 2046 473 2087 senserunt
495 2042 979 2088 sedeontradixerunt
998 2040 1047 2085 ¹⁰.
1076 2039 1282 2085 Scienter
1297 2040 1580 2098 postulantes
1599 2037 1826 2082 minorem
1840 2037 2008 2117 Qan-

230 2125 301 2169 nis
333 2125 388 2169 ad
426 2124 744 2182 Episcopatum
790 2139 868 2183 pro
910 2138 961 2169 ea
1006 2123 1106 2168 vice
1157 2126 1379 2180 potestate
1429 2120 1687 2180 postulandi
1721 2125 1766 2164 et
1814 2119 2008 2177 eligendi

229 2207 488 2265 privantur,
524 2212 570 2251 et
605 2222 683 2265 per
716 2207 968 2252 triennium
1004 2206 1349 2264 suspenduntur
1377 2219 1401 2248 a
1426 2203 1659 2249 beneficiis
1696 2202 1921 2248 Ecclesiae
1953 2202 2006 2246 ad

349 2394 357 2412 ¹
388 2395 424 2429 C.
453 2395 484 2435 li,
513 2405 546 2430 v.
577 2397 748 2435 celerum,
778 2393 810 2429 11.
840 2398 861 2428 1.

349 2465 360 2482 ²
391 2467 476 2509 Arg.
503 2475 546 2500 ex
577 2464 692 2507 regul.
719 2463 763 2498 55
790 2470 823 2499 et
850 2463 894 2498 42
925 2464 957 2498 in
985 2463 1019 2498 6.

349 2536 360 2554 ³
390 2537 428 2572 C.
453 2535 509 2576 ΞΟ,
538 2535 581 2570 de
609 2536 723 2570 Elert.

349 2609 361 2627 ¹·
388 2610 425 2644 C.
455 2609 487 2652 7,
513 2608 593 2645 eod.

349 2680 360 2697 ⁵
387 2679 424 2716 C.
452 2678 510 2720 22,
542 2679 622 2715 eod.

352 2749 365 2767 ⁶
393 2749 429 2785 C.
457 2748 513 2784 25.
542 2748 576 2783 h.
606 2754 626 2783 ι.

353 2821 365 2840 ⁷
393 2823 429 2858 C.
457 2821 477 2856 ‘2
506 2821 542 2856 in
572 2821 631 2855 lin.
658 2820 702 2855 de
730 2820 911 2855 Translat.

351 2893 363 2911 ²³
391 2892 427 2929 C.
458 2892 511 2935 lO,
538 2892 582 2927 de
610 2891 814 2927 renunciat.

351 2963 363 2983 ⁹
391 2964 427 2999 C.
457 2964 486 3004 l,
515 2963 549 2998 b.
578 2968 612 3004 t.‚
640 2972 671 2999 c.
698 2962 729 3003 7,
756 2965 770 3001 ᾖ
798 2961 857 2997 fin.
886 2961 928 2996 de
956 2962 1062 2997 elect.

338 3034 365 3052 ¹⁰
392 3034 429 3070 C.
455 3033 489 3076 Ξ,
518 3034 551 3070 h.
580 3038 603 3069 1.
