2176 3386
667 0 869 26 W*.⁷.J‘=m-w‚⁷
893 0 1050 17 “err-w*-
1068 0 1140 22 «μὴ»
1263 0 1326 11 -vv
1448 0 1490 10 w

652 27 658 38 x
691 28 694 33 ·
775 20 781 37 t
834 20 838 28 ¹
879 22 886 26 ⁵
1078 20 1079 23 ¹
1183 22 1186 23 ⁷

716 217 845 246 maen
874 217 914 245 ιι.
950 216 1005 244 οε
1036 214 1336 244 REGULAmssus
1841 200 1925 240 431

139 342 284 376 ruere.
318 326 516 373 Ulterius
548 340 605 370 ex
639 324 827 372 Concilii
873 323 1170 383 dispositione
1218 322 1447 380 colligitur
1478 322 1520 377 8)
1545 320 1661 371 nihil
1694 335 1720 366 a
1753 335 1919 380 paren-

136 414 273 469 tibus,
299 409 582 471 propinquis,
608 406 688 454 aut
710 407 997 453 curatoribus
1021 405 1312 451 Novitiorum
1349 405 1628 450 monasterio
1652 409 1761 450 ante
1785 405 1927 450 emis‘

136 510 234 542 sam
270 492 600 556 professionem
632 505 923 551 quocumque
967 494 1206 548 praetextu
1241 488 1378 533 tribui
1414 501 1559 547 posse,
1596 502 1744 548 neque
1778 503 1835 533 ex
1870 489 1920 533 li-

136 580 375 625 beralitate
408 582 454 622 et
476 578 701 632 ultronee,
722 580 916 634 excepto
950 575 1076 619 victu
1109 578 1156 618 et
1190 578 1316 618 veste
1350 573 1468 618 illius
1502 573 1720 631 temporis
1752 587 1842 632 quo
1874 574 1923 619 in

139 662 405 721 probatione
437 665 506 705 est
530 662 559 704 ¹.

257 745 357 790 556.
397 743 645 801 Religiosus
677 741 752 801 qui
787 742 1017 786 indultum
1055 739 1473 786 saecularizationis
1496 739 1696 784 obtinuit
1729 754 1822 784 non
1854 744 1927 785 te-

138 833 274 872 netur
308 826 634 886 professionem
670 831 716 870 et
739 825 1024 870 novitiatum
1058 824 1241 878 iterare,
1266 810 1449 883 quando
1487 822 1600 882 petit
1632 824 1687 868 ad
1720 824 1919 869 claustra

137 911 299 966 redire,
321 912 446 955 salva
471 915 628 954 tamen
653 909 987 953 consuetudine
1009 907 1211 966 legitime
1246 907 1504 953 introducta
1529 913 1665 967 atque
1701 908 1919 966 praescri-

139 1000 212 1054 pta
238 994 518 1050 singulorum
552 992 776 1038 Ordinum
812 991 1105 1050 regularium.
1142 995 1338 1036 Possunt
1372 996 1526 1036 tamen
1554 1006 1632 1049 per
1663 992 1927 1050 superiores-

138 1077 365 1135 regulares
388 1075 564 1135 exquiri
590 1089 789 1133 congrua
813 1075 1090 1119 documenta
1114 1078 1354 1118 anteactae
1378 1074 1475 1118 eius
1501 1074 1622 1118 vitae
1650 1079 1696 1118 et
1720 1089 1918 1130 morum,

135 1160 242 1204 dnm
278 1159 324 1204 in
358 1160 539 1204 saeculo
590 1159 883 1214 versabatur,
918 1158 1049 1217 eique
1085 1157 1258 1216 imponi
1306 1157 1558 1215 spiritualia
1609 1158 1826 1203 exercitia
1863 1159 1923 1203 ad

139 1241 287 1299 plures
319 1239 414 1284 dies
438 1239 469 1283 ².

854 1392 1083 1422 AllTlCULUS
1110 1393 1170 1421 lll.

694 1495 754 1538 De
789 1492 1081 1549 Professione
1115 1492 1361 1550 Reliy‘e'osa.

254 1608 353 1653 557.
393 1607 607 1652 Absoluto
640 1606 870 1661 tirocinio,
906 1606 1119 1664 Superior
1159 1605 1395 1661 alumnos,
1431 1619 1545 1665 quos
1583 1605 1755 1651 habiles
1789 1606 1923 1651 inve·

135 1691 270 1742 norit,
306 1691 360 1735 ad
396 1689 693 1748 professinein
729 1689 989 1744 admittere,
1014 1692 1095 1733 aut
1125 1703 1148 1732 e
1186 1689 1464 1733 monasterio
1498 1689 1731 1734 dimittere
1765 1690 1917 1734 debet.

134 1777 290 1832 ltaque
324 1773 359 1818 si
395 1773 598 1818 novitius
631 1787 710 1831 per
743 1772 999 1830 legitimum
1036 1777 1215 1830 tempus
1254 1772 1339 1816 rite
1375 1772 1605 1830 probatus,
1641 1773 1705 1817 sic
1739 1785 1927 1830 semper

133 1871 180 1903 se
201 1857 405 1916 gesserit,
432 1862 482 1901 ut
504 1857 558 1901 de
581 1856 678 1901 eius
700 1856 932 1900 constanti
968 1856 1195 1914 proposito
1220 1855 1453 1914 religiosae
1480 1857 1602 1902 vitae
1625 1869 1806 1914 semper
1839 1856 1920 1900 du-

134 1941 304 1986 cendae
338 1940 515 1985 nullum
551 1940 761 1985 videatur
793 1945 953 1985 extare
986 1940 1193 1995 dubium,
1218 1941 1272 1984 ad
1308 1941 1637 1999 professionem
1671 1940 1919 1985 admitten-

132 2025 215 2069 dus
262 2030 346 2070 est.
391 2024 489 2069 Sola
523 2029 677 2069 autem
731 2023 947 2082 professio
979 2038 1193 2082 expressa
1244 2025 1498 2082 regularem
1548 2024 1680 2069 bodie
1715 2026 1826 2069 facit
1859 2040 1916 2070 ex

133 2110 286 2152 Const.
323 2108 388 2151 Pii
422 2111 475 2152 lx
502 2107 533 2151 ³.

252 2191 351 2235 558.
393 2195 598 2235 [amvero
632 2190 926 2248 professionis
956 2190 1142 2235 nomine
1178 2191 1447 2248 intelligitur
1481 2191 1719 2249 promissio
1754 2191 1838 2235 rite
1872 2197 1925 2236 et

132 2274 270 2318 libere
294 2275 414 2319 facta
439 2274 730 2333 legitimeque
755 2279 1008 2332 acceptata,
1028 2289 1115 2333 qua
1136 2275 1238 2331 quis
1259 2288 1306 2319 se
1329 2274 1574 2332 adstringit
1596 2275 1651 2319 ad
1681 2280 1787 2319 vota
1810 2289 1919 2333 pau-

132 2359 336 2417 pertatis,
362 2358 588 2403 castitatis
609 2363 654 2401 et
677 2357 963 2402 obedientiae
998 2358 1126 2403 iuxta
1162 2358 1328 2417 proprii
1352 2358 1538 2403 Ordinis
1561 2358 1924 2404 constitutiones-

132 2442 432 2487 observanda.
488 2446 621 2487 Porro
654 2456 712 2486 ex
747 2446 855 2486 voto
903 2442 1218 2487 continentiae
1269 2443 1495 2500 professus
1533 2442 1798 2500 prohibetur
1833 2456 1915 2486 nu·

130 2524 250 2583 ptiis,
286 2539 344 2569 ex
378 2529 486 2569 voto
531 2525 818 2570 obedientiae
866 2525 1061 2584 amplius
1104 2526 1219 2570 velle
1253 2530 1299 2570 et
1332 2526 1450 2570 nolle
1499 2540 1591 2570 non
1627 2527 1765 2570 babet
1787 2526 1820 2581 ¹⁴,
1858 2541 1915 2571 ex

251 2667 261 2686 ¹
293 2668 332 2703 In
359 2669 591 2705 monasteriis
618 2669 836 2705 monialium
862 2669 1000 2716 aliquid
1026 2669 1103 2705 dari
1130 2674 1163 2705 et
1191 2669 1305 2714 recipi
1332 2678 1440 2714 posse
1467 2669 1621 2705 nomine
1648 2668 1742 2705 dotis
1770 2679 1839 2705 usu
1861 2669 1921 2704 in—

132 2737 281 2775 ductum
308 2743 376 2781 est,
397 2739 485 2786 quin
510 2740 670 2776 simonia
696 2750 777 2777 esse
804 2745 1008 2784 censeatur,
1028 2741 1207 2787 recipitur
1235 2741 1333 2776 enim
1357 2740 1639 2776 sustentationis
1667 2749 1796 2783 causa;
1824 2744 1918 2776 atta-

132 2819 218 2845 men
255 2810 321 2846 dos
347 2814 431 2847 ante
469 2816 635 2848 secutam
663 2812 934 2858 professionem
965 2821 1011 2848 ne
1039 2811 1142 2848 titulo
1182 2811 1330 2858 quidem
1357 2812 1513 2858 depositi
1557 2813 1784 2848 monasterio
1824 2813 1920 2849 tradi

133 2885 263 2926 potest,
289 2887 325 2918 et
350 2882 381 2918 si
408 2882 547 2919 novitia
572 2883 781 2928 egrediatur
807 2884 932 2919 omnia
960 2883 1099 2920 restitui
1126 2883 1274 2919 debent.

250 2952 263 2970 ²
290 2954 368 2990 Sac.
395 2953 525 3000 Congr.
554 2955 646 3000 Epp.
673 2959 708 2990 et
734 2955 824 3000 Reg.
847 2955 893 2991 50
919 2955 990 2991 ian.
1020 2954 1123 2991 1824.

251 3023 264 3042 ³
290 3023 347 3060 Ad
378 3025 596 3062 Universalis
621 3025 639 3060 7
671 3026 759 3062 febr.
790 3025 891 3062 1861.

244 3097 263 3150 γ’
289 3098 343 3135 Ex
369 3104 454 3135 voto
479 3099 710 3136 obedientiae
738 3100 904 3146 sequitur
928 3100 1040 3136 etiam
1059 3099 1305 3145 Regularibus
1331 3099 1412 3136 sine
1441 3099 1583 3136 indulto
1612 3098 1801 3144 pontificio
1827 3108 1920 3134 con-
