<?xml version="1.0" encoding="UTF-8"?>
<!DOCTYPE html PUBLIC "-//W3C//DTD XHTML 1.0 Transitional//EN"
    "http://www.w3.org/TR/xhtml1/DTD/xhtml1-transitional.dtd">
<html xmlns="http://www.w3.org/1999/xhtml" xml:lang="en" lang="en">
 <head>
  <title>
</title>
<meta http-equiv="Content-Type" content="text/html;charset=utf-8" />
  <meta name='ocr-system' content='tesseract 3.04.00' />
  <meta name='ocr-capabilities' content='ocr_page ocr_carea ocr_par ocr_line ocrx_word'/>
</head>
<body>
  <div class='ocr_page' id='page_1' title='image "apparatus00ziteuoft_0709.png"; bbox 0 0 2176 3386; ppageno 0'>
   <div class='ocr_carea' id='block_1_1' title="bbox 520 190 1942 231">
    <p class='ocr_par' dir='ltr' id='par_1_1' title="bbox 520 190 1942 231">
     <span class='ocr_line' id='line_1_1' title="bbox 520 190 1942 231; baseline 0.003 -4"><span class='ocrx_word' id='word_1_1' title='bbox 520 199 650 227; x_wconf 82' lang='lat' dir='ltr'>LIBER</span> <span class='ocrx_word' id='word_1_2' title='bbox 679 199 703 227; x_wconf 88' lang='grc' dir='ltr'>Ι.</span> <span class='ocrx_word' id='word_1_3' title='bbox 734 198 790 226; x_wconf 88' lang='lat' dir='ltr'>DE</span> <span class='ocrx_word' id='word_1_4' title='bbox 821 197 957 226; x_wconf 84' lang='lat' dir='ltr'>REBUS</span> <span class='ocrx_word' id='word_1_5' title='bbox 986 197 1223 226; x_wconf 79' lang='lat' dir='ltr'>ECCLESIAE</span> <span class='ocrx_word' id='word_1_6' title='bbox 1251 196 1579 227; x_wconf 78' lang='lat' dir='ltr'>SPIRITUALIBUS</span> <span class='ocrx_word' id='word_1_7' title='bbox 1863 190 1942 231; x_wconf 82' lang='lat'>205</span> 
     </span>
    </p>
   </div>
   <div class='ocr_carea' id='block_1_2' title="bbox 807 250 1896 258">
    <p class='ocr_par' dir='ltr' id='par_1_2' title="bbox 807 250 1896 258">
     <span class='ocr_line' id='line_1_2' title="bbox 807 250 1896 258; baseline 0 0"><span class='ocrx_word' id='word_1_8' title='bbox 807 250 1896 258; x_wconf 95' lang='lat' dir='ltr'> </span> 
     </span>
    </p>
   </div>
   <div class='ocr_carea' id='block_1_3' title="bbox 146 305 1940 3031">
    <p class='ocr_par' dir='ltr' id='par_1_3' title="bbox 151 305 1940 530">
     <span class='ocr_line' id='line_1_3' title="bbox 156 305 1940 366; baseline 0.002 -14"><span class='ocrx_word' id='word_1_9' title='bbox 156 306 426 352; x_wconf 88' lang='lat' dir='ltr'>intervenit.</span> <span class='ocrx_word' id='word_1_10' title='bbox 462 311 669 361; x_wconf 87' lang='lat' dir='ltr'>Quatuor</span> <span class='ocrx_word' id='word_1_11' title='bbox 699 310 809 351; x_wconf 90' lang='lat' dir='ltr'>sunt</span> <span class='ocrx_word' id='word_1_12' title='bbox 840 305 1070 352; x_wconf 79' lang='lat' dir='ltr'>clausulae</span> <span class='ocrx_word' id='word_1_13' title='bbox 1103 310 1272 365; x_wconf 84' lang='lat' dir='ltr'>partes,</span> <span class='ocrx_word' id='word_1_14' title='bbox 1308 307 1532 352; x_wconf 87' lang='lat' dir='ltr'>absolutio</span> <span class='ocrx_word' id='word_1_15' title='bbox 1554 312 1827 366; x_wconf 87' lang='lat' dir='ltr'>aeensuris,</span> <span class='ocrx_word' id='word_1_16' title='bbox 1863 311 1940 356; x_wconf 87' lang='lat' dir='ltr'>ab·</span> 
     </span>
     <span class='ocr_line' id='line_1_4' title="bbox 151 391 1937 450; baseline 0.002 -15"><span class='ocrx_word' id='word_1_17' title='bbox 151 391 315 436; x_wconf 88' lang='lat' dir='ltr'>solutio</span> <span class='ocrx_word' id='word_1_18' title='bbox 346 391 403 436; x_wconf 85' lang='lat' dir='ltr'>ab</span> <span class='ocrx_word' id='word_1_19' title='bbox 436 391 544 436; x_wconf 89' lang='lat' dir='ltr'>aliis</span> <span class='ocrx_word' id='word_1_20' title='bbox 572 393 735 448; x_wconf 87' lang='lat' dir='ltr'>poenis</span> <span class='ocrx_word' id='word_1_21' title='bbox 765 391 1093 446; x_wconf 83' lang='lat' dir='ltr'>ecelesiasticis,</span> <span class='ocrx_word' id='word_1_22' title='bbox 1135 391 1357 435; x_wconf 79' lang='lat' dir='ltr'><em>absolutio</em></span> <span class='ocrx_word' id='word_1_23' title='bbox 1391 392 1448 437; x_wconf 86' lang='lat' dir='ltr'>ab</span> <span class='ocrx_word' id='word_1_24' title='bbox 1485 394 1687 437; x_wconf 85' lang='lat' dir='ltr'>incestus</span> <span class='ocrx_word' id='word_1_25' title='bbox 1718 395 1937 450; x_wconf 82' lang='lat' dir='ltr'>reatibus,</span> 
     </span>
     <span class='ocr_line' id='line_1_5' title="bbox 155 474 1196 530; baseline 0 -12"><span class='ocrx_word' id='word_1_26' title='bbox 155 475 382 530; x_wconf 81' lang='lat' dir='ltr'><em>impositio</em></span> <span class='ocrx_word' id='word_1_27' title='bbox 413 476 577 529; x_wconf 76' lang='lat' dir='ltr'>yravis</span> <span class='ocrx_word' id='word_1_28' title='bbox 604 475 921 530; x_wconf 85' lang='lat' dir='ltr'>poenitentiae</span> <span class='ocrx_word' id='word_1_29' title='bbox 951 474 1196 519; x_wconf 78' lang='lat' dir='ltr'>salutar-is,</span> 
     </span>
    </p>

    <p class='ocr_par' dir='ltr' id='par_1_4' title="bbox 147 555 1940 862">
     <span class='ocr_line' id='line_1_6' title="bbox 275 555 1938 615; baseline 0.002 -15"><span class='ocrx_word' id='word_1_30' title='bbox 275 555 478 615; x_wconf 89' lang='lat' dir='ltr'>Denique</span> <span class='ocrx_word' id='word_1_31' title='bbox 510 560 557 600; x_wconf 86' lang='lat' dir='ltr'>et</span> <span class='ocrx_word' id='word_1_32' title='bbox 588 555 704 600; x_wconf 88' lang='lat' dir='ltr'>aliae</span> <span class='ocrx_word' id='word_1_33' title='bbox 737 560 1035 614; x_wconf 90' lang='lat' dir='ltr'>apponuntur</span> <span class='ocrx_word' id='word_1_34' title='bbox 1066 556 1297 601; x_wconf 81' lang='lat' dir='ltr'>clausulae</span> <span class='ocrx_word' id='word_1_35' title='bbox 1340 571 1458 615; x_wconf 88' lang='lat' dir='ltr'>quae</span> <span class='ocrx_word' id='word_1_36' title='bbox 1505 557 1541 602; x_wconf 89' lang='lat' dir='ltr'>si</span> <span class='ocrx_word' id='word_1_37' title='bbox 1590 557 1798 603; x_wconf 84' lang='lat' dir='ltr'>adnexae</span> <span class='ocrx_word' id='word_1_38' title='bbox 1845 573 1938 604; x_wconf 92' lang='lat' dir='ltr'>non</span> 
     </span>
     <span class='ocr_line' id='line_1_7' title="bbox 153 637 1940 696; baseline 0.001 -13"><span class='ocrx_word' id='word_1_39' title='bbox 153 640 261 693; x_wconf 91' lang='lat' dir='ltr'>sint,</span> <span class='ocrx_word' id='word_1_40' title='bbox 296 637 575 696; x_wconf 77' lang='lat' dir='ltr'>subintelligi</span> <span class='ocrx_word' id='word_1_41' title='bbox 609 637 831 683; x_wconf 88' lang='lat' dir='ltr'>debeant:</span> <span class='ocrx_word' id='word_1_42' title='bbox 875 639 920 695; x_wconf 91' lang='lat' dir='ltr'>a)</span> <span class='ocrx_word' id='word_1_43' title='bbox 939 638 1190 682; x_wconf 84' lang='lat' dir='ltr'>dummodo</span> <span class='ocrx_word' id='word_1_44' title='bbox 1220 641 1345 683; x_wconf 85' lang='lat' dir='ltr'>inter</span> <span class='ocrx_word' id='word_1_45' title='bbox 1376 653 1448 683; x_wconf 86' lang='lat' dir='ltr'>eos</span> <span class='ocrx_word' id='word_1_46' title='bbox 1486 640 1620 684; x_wconf 84' lang='lat' dir='ltr'>aliud</span> <span class='ocrx_word' id='word_1_47' title='bbox 1657 644 1940 685; x_wconf 84' lang='lat' dir='ltr'>canonicum</span> 
     </span>
     <span class='ocr_line' id='line_1_8' title="bbox 152 722 1937 780; baseline 0.001 -14"><span class='ocrx_word' id='word_1_48' title='bbox 152 736 247 766; x_wconf 88' lang='lat' dir='ltr'>non</span> <span class='ocrx_word' id='word_1_49' title='bbox 280 724 445 767; x_wconf 74' lang='lat' dir='ltr'>existat</span> <span class='ocrx_word' id='word_1_50' title='bbox 475 722 881 778; x_wconf 88' lang='lat' dir='ltr'>impedimentum;</span> <span class='ocrx_word' id='word_1_51' title='bbox 914 723 958 779; x_wconf 92' lang='lat' dir='ltr'>b)</span> <span class='ocrx_word' id='word_1_52' title='bbox 982 722 1234 766; x_wconf 84' lang='lat' dir='ltr'>dummodo</span> <span class='ocrx_word' id='word_1_53' title='bbox 1257 723 1321 768; x_wconf 88' lang='lat' dir='ltr'>ad</span> <span class='ocrx_word' id='word_1_54' title='bbox 1343 723 1648 780; x_wconf 80' lang='lat' dir='ltr'>Apostolieam</span> <span class='ocrx_word' id='word_1_55' title='bbox 1683 726 1937 770; x_wconf 84' lang='lat' dir='ltr'>Datariam</span> 
     </span>
     <span class='ocr_line' id='line_1_9' title="bbox 147 804 1574 862; baseline 0.001 -13"><span class='ocrx_word' id='word_1_56' title='bbox 147 819 236 862; x_wconf 82' lang='lat' dir='ltr'>pro</span> <span class='ocrx_word' id='word_1_57' title='bbox 267 805 430 850; x_wconf 89' lang='lat' dir='ltr'>eadem</span> <span class='ocrx_word' id='word_1_58' title='bbox 463 805 810 862; x_wconf 85' lang='lat' dir='ltr'>dispensatione</span> <span class='ocrx_word' id='word_1_59' title='bbox 842 818 1062 849; x_wconf 83' lang='lat' dir='ltr'>recursus</span> <span class='ocrx_word' id='word_1_60' title='bbox 1093 804 1250 862; x_wconf 78' lang='lat' dir='ltr'>faetus</span> <span class='ocrx_word' id='word_1_61' title='bbox 1283 819 1379 849; x_wconf 85' lang='lat' dir='ltr'>non</span> <span class='ocrx_word' id='word_1_62' title='bbox 1414 806 1574 861; x_wconf 77' lang='lat' dir='ltr'>suerit.</span> 
     </span>
    </p>

    <p class='ocr_par' dir='ltr' id='par_1_5' title="bbox 149 888 1940 1781">
     <span class='ocr_line' id='line_1_10' title="bbox 275 888 1935 953; baseline 0.001 -20"><span class='ocrx_word' id='word_1_63' title='bbox 275 889 402 933; x_wconf 87' lang='grc'>1060.</span> <span class='ocrx_word' id='word_1_64' title='bbox 439 889 596 943; x_wconf 83' lang='lat' dir='ltr'>Quoad</span> <span class='ocrx_word' id='word_1_65' title='bbox 630 888 856 933; x_wconf 85' lang='lat' dir='ltr'>clausulas</span> <span class='ocrx_word' id='word_1_66' title='bbox 889 892 1052 934; x_wconf 79' lang='lat' dir='ltr'>Sacrae</span> <span class='ocrx_word' id='word_1_67' title='bbox 1089 888 1477 953; x_wconf 86' lang='lat' dir='ltr'>Poenitentiariae</span> <span class='ocrx_word' id='word_1_68' title='bbox 1510 890 1556 934; x_wconf 90' lang='lat' dir='ltr'>in</span> <span class='ocrx_word' id='word_1_69' title='bbox 1591 889 1695 947; x_wconf 80' lang='lat' dir='ltr'>foro</span> <span class='ocrx_word' id='word_1_70' title='bbox 1729 893 1935 946; x_wconf 81' lang='lat' dir='ltr'>interno,</span> 
     </span>
     <span class='ocr_line' id='line_1_11' title="bbox 155 971 1938 1029; baseline 0.002 -14"><span class='ocrx_word' id='word_1_71' title='bbox 155 975 340 1016; x_wconf 79' lang='lat' dir='ltr'>notetur</span> <span class='ocrx_word' id='word_1_72' title='bbox 381 971 557 1016; x_wconf 74' lang='lat' dir='ltr'>litteras</span> <span class='ocrx_word' id='word_1_73' title='bbox 597 971 953 1029; x_wconf 82' lang='lat' dir='ltr'>dispensatorias</span> <span class='ocrx_word' id='word_1_74' title='bbox 999 985 1024 1016; x_wconf 88' lang='lat' dir='ltr'>a</span> <span class='ocrx_word' id='word_1_75' title='bbox 1069 971 1231 1016; x_wconf 89' lang='lat' dir='ltr'>Maiori</span> <span class='ocrx_word' id='word_1_76' title='bbox 1278 971 1638 1017; x_wconf 78' lang='lat' dir='ltr'>poenitentiario</span> <span class='ocrx_word' id='word_1_77' title='bbox 1686 973 1741 1017; x_wconf 91' lang='lat' dir='ltr'>ad</span> <span class='ocrx_word' id='word_1_78' title='bbox 1790 978 1938 1018; x_wconf 90' lang='lat' dir='ltr'>orato·</span> 
     </span>
     <span class='ocr_line' id='line_1_12' title="bbox 155 1054 1936 1112; baseline 0.002 -15"><span class='ocrx_word' id='word_1_79' title='bbox 155 1066 254 1097; x_wconf 93' lang='lat' dir='ltr'>rum</span> <span class='ocrx_word' id='word_1_80' title='bbox 305 1054 645 1099; x_wconf 74' lang='lat' dir='ltr'>confessarium</span> <span class='ocrx_word' id='word_1_81' title='bbox 693 1054 824 1112; x_wconf 82' lang='lat' dir='ltr'>dirigi</span> <span class='ocrx_word' id='word_1_82' title='bbox 860 1054 934 1098; x_wconf 86' lang='lat' dir='ltr'>vel</span> <span class='ocrx_word' id='word_1_83' title='bbox 982 1068 1089 1099; x_wconf 86' lang='lat' dir='ltr'>eum</span> <span class='ocrx_word' id='word_1_84' title='bbox 1124 1057 1425 1112; x_wconf 76' lang='lat' dir='ltr'>inscriptione</span> <span class='ocrx_word' id='word_1_85' title='bbox 1457 1055 1653 1100; x_wconf 79' lang='lat' dir='ltr'>discreto</span> <span class='ocrx_word' id='word_1_86' title='bbox 1689 1058 1790 1100; x_wconf 85' lang='lat' dir='ltr'>viro</span> <span class='ocrx_word' id='word_1_87' title='bbox 1828 1058 1936 1100; x_wconf 90' lang='lat' dir='ltr'>Con-</span> 
     </span>
     <span class='ocr_line' id='line_1_13' title="bbox 150 1134 1940 1197; baseline 0.002 -17"><span class='ocrx_word' id='word_1_88' title='bbox 150 1134 314 1193; x_wconf 82' lang='lat' dir='ltr'>fessori</span> <span class='ocrx_word' id='word_1_89' title='bbox 345 1152 400 1181; x_wconf 78' lang='lat' dir='ltr'>ex</span> <span class='ocrx_word' id='word_1_90' title='bbox 433 1138 702 1194; x_wconf 79' lang='lat' dir='ltr'>approbatis</span> <span class='ocrx_word' id='word_1_91' title='bbox 735 1139 792 1182; x_wconf 85' lang='lat' dir='ltr'>ab</span> <span class='ocrx_word' id='word_1_92' title='bbox 832 1139 1106 1193; x_wconf 75' lang='lat' dir='ltr'>ordinario,</span> <span class='ocrx_word' id='word_1_93' title='bbox 1135 1139 1207 1182; x_wconf 65' lang='lat' dir='ltr'>vel</span> <span class='ocrx_word' id='word_1_94' title='bbox 1232 1138 1426 1183; x_wconf 78' lang='lat' dir='ltr'>discreto</span> <span class='ocrx_word' id='word_1_95' title='bbox 1458 1142 1559 1183; x_wconf 83' lang='lat' dir='ltr'>viro</span> <span class='ocrx_word' id='word_1_96' title='bbox 1596 1141 1647 1183; x_wconf 89' lang='lat' dir='ltr'>N.</span> <span class='ocrx_word' id='word_1_97' title='bbox 1681 1140 1940 1197; x_wconf 83' lang='lat' dir='ltr'>Confessori</span> 
     </span>
     <span class='ocr_line' id='line_1_14' title="bbox 154 1221 1938 1281; baseline 0.002 -16"><span class='ocrx_word' id='word_1_98' title='bbox 154 1222 223 1266; x_wconf 92' lang='lat' dir='ltr'>vel</span> <span class='ocrx_word' id='word_1_99' title='bbox 246 1222 344 1267; x_wconf 88' lang='lat' dir='ltr'>alia</span> <span class='ocrx_word' id='word_1_100' title='bbox 363 1222 510 1265; x_wconf 80' lang='lat' dir='ltr'>simili</span> <span class='ocrx_word' id='word_1_101' title='bbox 532 1224 729 1277; x_wconf 83' lang='lat' dir='ltr'>ratione,</span> <span class='ocrx_word' id='word_1_102' title='bbox 752 1222 825 1266; x_wconf 88' lang='lat' dir='ltr'>vel</span> <span class='ocrx_word' id='word_1_103' title='bbox 848 1222 1043 1266; x_wconf 83' lang='lat' dir='ltr'>discreto</span> <span class='ocrx_word' id='word_1_104' title='bbox 1076 1224 1177 1266; x_wconf 85' lang='lat' dir='ltr'><em>viro</em></span> <span class='ocrx_word' id='word_1_105' title='bbox 1211 1221 1472 1279; x_wconf 79' lang='lat' dir='ltr'>Confessori</span> <span class='ocrx_word' id='word_1_106' title='bbox 1493 1226 1722 1281; x_wconf 69' lang='lat' dir='ltr'>maglistro</span> <span class='ocrx_word' id='word_1_107' title='bbox 1746 1226 1794 1268; x_wconf 78' lang='lat' dir='ltr'>in</span> <span class='ocrx_word' id='word_1_108' title='bbox 1819 1223 1938 1268; x_wconf 81' lang='lat' dir='ltr'>theo-</span> 
     </span>
     <span class='ocr_line' id='line_1_15' title="bbox 151 1305 1936 1362; baseline 0.001 -12"><span class='ocrx_word' id='word_1_109' title='bbox 151 1306 275 1362; x_wconf 71' lang='lat' dir='ltr'>loyia</span> <span class='ocrx_word' id='word_1_110' title='bbox 305 1305 375 1349; x_wconf 93' lang='lat' dir='ltr'>vel</span> <span class='ocrx_word' id='word_1_111' title='bbox 412 1307 709 1349; x_wconf 71' lang='lat' dir='ltr'>Deci-ecorum</span> <span class='ocrx_word' id='word_1_112' title='bbox 742 1305 918 1349; x_wconf 82' lang='lat' dir='ltr'>doctori</span> <span class='ocrx_word' id='word_1_113' title='bbox 948 1320 1003 1349; x_wconf 67' lang='lat' dir='ltr'>em</span> <span class='ocrx_word' id='word_1_114' title='bbox 1036 1306 1307 1362; x_wconf 75' lang='lat' dir='ltr'>approbatis</span> <span class='ocrx_word' id='word_1_115' title='bbox 1347 1307 1403 1351; x_wconf 85' lang='lat' dir='ltr'>ab</span> <span class='ocrx_word' id='word_1_116' title='bbox 1441 1307 1716 1351; x_wconf 75' lang='lat' dir='ltr'>ordinario.</span> <span class='ocrx_word' id='word_1_117' title='bbox 1760 1311 1844 1352; x_wconf 91' lang='lat' dir='ltr'>Per</span> <span class='ocrx_word' id='word_1_118' title='bbox 1875 1308 1936 1352; x_wconf 90' lang='lat' dir='ltr'>ci-</span> 
     </span>
     <span class='ocr_line' id='line_1_16' title="bbox 149 1388 1936 1448; baseline 0.001 -15"><span class='ocrx_word' id='word_1_119' title='bbox 149 1393 243 1433; x_wconf 89' lang='lat' dir='ltr'>tata</span> <span class='ocrx_word' id='word_1_120' title='bbox 281 1389 418 1433; x_wconf 84' lang='lat' dir='ltr'>verba</span> <span class='ocrx_word' id='word_1_121' title='bbox 451 1388 717 1445; x_wconf 85' lang='lat' dir='ltr'>designatur</span> <span class='ocrx_word' id='word_1_122' title='bbox 762 1389 959 1448; x_wconf 85' lang='lat' dir='ltr'>qualitas</span> <span class='ocrx_word' id='word_1_123' title='bbox 1005 1388 1123 1433; x_wconf 89' lang='lat' dir='ltr'>illius</span> <span class='ocrx_word' id='word_1_124' title='bbox 1154 1392 1236 1447; x_wconf 86' lang='lat' dir='ltr'>qui</span> <span class='ocrx_word' id='word_1_125' title='bbox 1266 1391 1523 1446; x_wconf 85' lang='lat' dir='ltr'>deputatur</span> <span class='ocrx_word' id='word_1_126' title='bbox 1569 1393 1842 1435; x_wconf 75' lang='lat' dir='ltr'>executioni.</span> <span class='ocrx_word' id='word_1_127' title='bbox 1894 1391 1936 1435; x_wconf 90' lang='lat' dir='ltr'>Si</span> 
     </span>
     <span class='ocr_line' id='line_1_17' title="bbox 149 1472 1936 1535; baseline 0.003 -19"><span class='ocrx_word' id='word_1_128' title='bbox 149 1472 222 1516; x_wconf 89' lang='lat' dir='ltr'>cui</span> <span class='ocrx_word' id='word_1_129' title='bbox 259 1472 438 1517; x_wconf 88' lang='lat' dir='ltr'>litterae</span> <span class='ocrx_word' id='word_1_130' title='bbox 473 1472 723 1522; x_wconf 90' lang='lat' dir='ltr'>reddantur</span> <span class='ocrx_word' id='word_1_131' title='bbox 755 1478 997 1532; x_wconf 88' lang='lat' dir='ltr'>postquam</span> <span class='ocrx_word' id='word_1_132' title='bbox 1033 1473 1209 1518; x_wconf 84' lang='lat' dir='ltr'>litteras</span> <span class='ocrx_word' id='word_1_133' title='bbox 1240 1474 1472 1530; x_wconf 75' lang='lat' dir='ltr'>aperuerit</span> <span class='ocrx_word' id='word_1_134' title='bbox 1506 1474 1661 1519; x_wconf 90' lang='lat' dir='ltr'>videat</span> <span class='ocrx_word' id='word_1_135' title='bbox 1703 1488 1750 1520; x_wconf 90' lang='lat' dir='ltr'>se</span> <span class='ocrx_word' id='word_1_136' title='bbox 1783 1475 1936 1535; x_wconf 90' lang='lat' dir='ltr'>aliquo</span> 
     </span>
     <span class='ocr_line' id='line_1_18' title="bbox 150 1555 1937 1616; baseline 0.002 -16"><span class='ocrx_word' id='word_1_137' title='bbox 150 1570 207 1600; x_wconf 88' lang='lat' dir='ltr'>ex</span> <span class='ocrx_word' id='word_1_138' title='bbox 242 1555 472 1615; x_wconf 89' lang='lat' dir='ltr'>requisitis</span> <span class='ocrx_word' id='word_1_139' title='bbox 504 1571 691 1612; x_wconf 89' lang='lat' dir='ltr'>carere,</span> <span class='ocrx_word' id='word_1_140' title='bbox 728 1556 801 1601; x_wconf 88' lang='lat' dir='ltr'>vel</span> <span class='ocrx_word' id='word_1_141' title='bbox 835 1558 950 1601; x_wconf 87' lang='lat' dir='ltr'>nolit</span> <span class='ocrx_word' id='word_1_142' title='bbox 981 1557 1246 1601; x_wconf 87' lang='lat' dir='ltr'>electionem</span> <span class='ocrx_word' id='word_1_143' title='bbox 1279 1562 1552 1616; x_wconf 81' lang='lat' dir='ltr'>acceptare,</span> <span class='ocrx_word' id='word_1_144' title='bbox 1590 1572 1681 1603; x_wconf 91' lang='lat' dir='ltr'>non</span> <span class='ocrx_word' id='word_1_145' title='bbox 1723 1572 1836 1615; x_wconf 92' lang='lat' dir='ltr'>opus</span> <span class='ocrx_word' id='word_1_146' title='bbox 1868 1563 1937 1604; x_wconf 89' lang='lat' dir='ltr'>est</span> 
     </span>
     <span class='ocr_line' id='line_1_19' title="bbox 150 1639 1936 1699; baseline 0.003 -18"><span class='ocrx_word' id='word_1_147' title='bbox 150 1652 383 1683; x_wconf 76' lang='lat' dir='ltr'>novarum</span> <span class='ocrx_word' id='word_1_148' title='bbox 418 1640 685 1683; x_wconf 78' lang='lat' dir='ltr'>litterarum</span> <span class='ocrx_word' id='word_1_149' title='bbox 722 1639 944 1697; x_wconf 91' lang='lat' dir='ltr'>petitione</span> <span class='ocrx_word' id='word_1_150' title='bbox 977 1640 1054 1684; x_wconf 88' lang='lat' dir='ltr'>sed</span> <span class='ocrx_word' id='word_1_151' title='bbox 1091 1639 1265 1698; x_wconf 89' lang='lat' dir='ltr'>primae</span> <span class='ocrx_word' id='word_1_152' title='bbox 1299 1640 1418 1685; x_wconf 88' lang='lat' dir='ltr'>tradi</span> <span class='ocrx_word' id='word_1_153' title='bbox 1453 1646 1643 1699; x_wconf 90' lang='lat' dir='ltr'>possunt</span> <span class='ocrx_word' id='word_1_154' title='bbox 1667 1656 1756 1699; x_wconf 85' lang='lat' dir='ltr'>per</span> <span class='ocrx_word' id='word_1_155' title='bbox 1787 1646 1936 1687; x_wconf 84' lang='lat' dir='ltr'>orato-</span> 
     </span>
     <span class='ocr_line' id='line_1_20' title="bbox 151 1721 1403 1781; baseline 0.003 -17"><span class='ocrx_word' id='word_1_156' title='bbox 151 1735 247 1765; x_wconf 89' lang='lat' dir='ltr'>rem</span> <span class='ocrx_word' id='word_1_157' title='bbox 281 1721 411 1765; x_wconf 90' lang='lat' dir='ltr'>alteri</span> <span class='ocrx_word' id='word_1_158' title='bbox 445 1721 726 1767; x_wconf 83' lang='lat' dir='ltr'>confessario</span> <span class='ocrx_word' id='word_1_159' title='bbox 757 1736 894 1781; x_wconf 92' lang='lat' dir='ltr'>quem</span> <span class='ocrx_word' id='word_1_160' title='bbox 929 1727 1135 1768; x_wconf 86' lang='lat' dir='ltr'>oratores</span> <span class='ocrx_word' id='word_1_161' title='bbox 1166 1723 1403 1781; x_wconf 87' lang='lat' dir='ltr'>elegerint.</span> 
     </span>
    </p>

    <p class='ocr_par' dir='ltr' id='par_1_6' title="bbox 147 1805 1937 2448">
     <span class='ocr_line' id='line_1_21' title="bbox 272 1805 1932 1866; baseline 0.001 -17"><span class='ocrx_word' id='word_1_162' title='bbox 272 1805 398 1849; x_wconf 80' lang='lat'>1061.</span> <span class='ocrx_word' id='word_1_163' title='bbox 439 1806 478 1862; x_wconf 86' lang='lat'>1)</span> <span class='ocrx_word' id='word_1_164' title='bbox 503 1805 749 1864; x_wconf 89' lang='lat' dir='ltr'>Praecipua</span> <span class='ocrx_word' id='word_1_165' title='bbox 773 1807 976 1851; x_wconf 88' lang='lat' dir='ltr'>clausula</span> <span class='ocrx_word' id='word_1_166' title='bbox 999 1820 1115 1865; x_wconf 92' lang='lat' dir='ltr'>quae</span> <span class='ocrx_word' id='word_1_167' title='bbox 1142 1820 1394 1866; x_wconf 89' lang='lat' dir='ltr'>numquam</span> <span class='ocrx_word' id='word_1_168' title='bbox 1418 1809 1546 1852; x_wconf 89' lang='lat' dir='ltr'>deest</span> <span class='ocrx_word' id='word_1_169' title='bbox 1567 1813 1652 1852; x_wconf 88' lang='lat' dir='ltr'>est:</span> <span class='ocrx_word' id='word_1_170' title='bbox 1690 1810 1740 1852; x_wconf 83' lang='lat' dir='ltr'>Si</span> <span class='ocrx_word' id='word_1_171' title='bbox 1765 1811 1832 1853; x_wconf 90' lang='lat' dir='ltr'>ita</span> <span class='ocrx_word' id='word_1_172' title='bbox 1855 1815 1932 1864; x_wconf 82' lang='lat' dir='ltr'>est,</span> 
     </span>
     <span class='ocr_line' id='line_1_22' title="bbox 147 1887 1937 1948; baseline 0.003 -18"><span class='ocrx_word' id='word_1_173' title='bbox 147 1900 236 1946; x_wconf 91' lang='lat' dir='ltr'>qua</span> <span class='ocrx_word' id='word_1_174' title='bbox 270 1887 580 1932; x_wconf 86' lang='lat' dir='ltr'>committitur</span> <span class='ocrx_word' id='word_1_175' title='bbox 601 1901 718 1933; x_wconf 90' lang='lat' dir='ltr'>onus</span> <span class='ocrx_word' id='word_1_176' title='bbox 752 1888 998 1946; x_wconf 87' lang='lat' dir='ltr'>indagandi</span> <span class='ocrx_word' id='word_1_177' title='bbox 1023 1890 1272 1934; x_wconf 89' lang='lat' dir='ltr'>veritatem</span> <span class='ocrx_word' id='word_1_178' title='bbox 1299 1903 1506 1948; x_wconf 88' lang='lat' dir='ltr'>precum.</span> <span class='ocrx_word' id='word_1_179' title='bbox 1540 1894 1690 1944; x_wconf 83' lang='lat' dir='ltr'>Quare</span> <span class='ocrx_word' id='word_1_180' title='bbox 1713 1895 1937 1935; x_wconf 86' lang='lat' dir='ltr'>executor</span> 
     </span>
     <span class='ocr_line' id='line_1_23' title="bbox 150 1970 1935 2031; baseline 0.002 -17"><span class='ocrx_word' id='word_1_181' title='bbox 150 1984 337 2015; x_wconf 88' lang='lat' dir='ltr'>monere</span> <span class='ocrx_word' id='word_1_182' title='bbox 369 1970 504 2014; x_wconf 91' lang='lat' dir='ltr'>debet</span> <span class='ocrx_word' id='word_1_183' title='bbox 536 1985 642 2015; x_wconf 90' lang='lat' dir='ltr'>eum</span> <span class='ocrx_word' id='word_1_184' title='bbox 676 1971 752 2030; x_wconf 89' lang='lat' dir='ltr'>qui</span> <span class='ocrx_word' id='word_1_185' title='bbox 793 1972 1186 2030; x_wconf 88' lang='lat' dir='ltr'>dispensationem</span> <span class='ocrx_word' id='word_1_186' title='bbox 1237 1972 1397 2031; x_wconf 84' lang='lat' dir='ltr'>petiit,</span> <span class='ocrx_word' id='word_1_187' title='bbox 1435 1978 1485 2017; x_wconf 95' lang='lat' dir='ltr'>ut</span> <span class='ocrx_word' id='word_1_188' title='bbox 1532 1973 1646 2018; x_wconf 90' lang='lat' dir='ltr'>nihil</span> <span class='ocrx_word' id='word_1_189' title='bbox 1678 1988 1703 2018; x_wconf 88' lang='lat' dir='ltr'>a</span> <span class='ocrx_word' id='word_1_190' title='bbox 1738 1974 1935 2019; x_wconf 88' lang='lat' dir='ltr'>veritate</span> 
     </span>
     <span class='ocr_line' id='line_1_24' title="bbox 150 2052 1933 2114; baseline 0.002 -17"><span class='ocrx_word' id='word_1_191' title='bbox 150 2052 353 2098; x_wconf 89' lang='lat' dir='ltr'>alienum</span> <span class='ocrx_word' id='word_1_192' title='bbox 389 2055 604 2111; x_wconf 80' lang='lat' dir='ltr'>proferat.</span> <span class='ocrx_word' id='word_1_193' title='bbox 657 2054 826 2099; x_wconf 88' lang='lat' dir='ltr'>Deinde</span> <span class='ocrx_word' id='word_1_194' title='bbox 859 2069 972 2113; x_wconf 90' lang='lat' dir='ltr'>opus</span> <span class='ocrx_word' id='word_1_195' title='bbox 1004 2060 1073 2100; x_wconf 88' lang='lat' dir='ltr'>est</span> <span class='ocrx_word' id='word_1_196' title='bbox 1108 2061 1158 2100; x_wconf 91' lang='lat' dir='ltr'>ut</span> <span class='ocrx_word' id='word_1_197' title='bbox 1190 2056 1433 2113; x_wconf 82' lang='lat' dir='ltr'>diligenter</span> <span class='ocrx_word' id='word_1_198' title='bbox 1481 2057 1730 2114; x_wconf 73' lang='lat' dir='ltr'>investiget</span> <span class='ocrx_word' id='word_1_199' title='bbox 1777 2061 1933 2101; x_wconf 90' lang='lat' dir='ltr'>utrum</span> 
     </span>
     <span class='ocr_line' id='line_1_25' title="bbox 150 2137 1933 2197; baseline 0.003 -18"><span class='ocrx_word' id='word_1_200' title='bbox 150 2150 309 2180; x_wconf 83' lang='lat' dir='ltr'>revera</span> <span class='ocrx_word' id='word_1_201' title='bbox 344 2137 596 2194; x_wconf 87' lang='lat' dir='ltr'>probentur</span> <span class='ocrx_word' id='word_1_202' title='bbox 642 2138 796 2182; x_wconf 89' lang='lat' dir='ltr'>omnia</span> <span class='ocrx_word' id='word_1_203' title='bbox 831 2153 948 2197; x_wconf 88' lang='lat' dir='ltr'>quae</span> <span class='ocrx_word' id='word_1_204' title='bbox 983 2139 1055 2184; x_wconf 92' lang='lat' dir='ltr'>ille</span> <span class='ocrx_word' id='word_1_205' title='bbox 1090 2143 1284 2185; x_wconf 83' lang='lat' dir='ltr'>testatus</span> <span class='ocrx_word' id='word_1_206' title='bbox 1319 2140 1470 2185; x_wconf 84' lang='lat' dir='ltr'>luerit.</span> <span class='ocrx_word' id='word_1_207' title='bbox 1525 2144 1624 2185; x_wconf 88' lang='lat' dir='ltr'>Non</span> <span class='ocrx_word' id='word_1_208' title='bbox 1666 2144 1821 2185; x_wconf 90' lang='lat' dir='ltr'>tamen</span> <span class='ocrx_word' id='word_1_209' title='bbox 1855 2142 1933 2186; x_wconf 89' lang='lat' dir='ltr'>ulli</span> 
     </span>
     <span class='ocr_line' id='line_1_26' title="bbox 147 2219 1934 2283; baseline 0.003 -20"><span class='ocrx_word' id='word_1_210' title='bbox 147 2224 288 2264; x_wconf 86' lang='lat' dir='ltr'>testes</span> <span class='ocrx_word' id='word_1_211' title='bbox 321 2219 580 2279; x_wconf 89' lang='lat' dir='ltr'>inquirendi</span> <span class='ocrx_word' id='word_1_212' title='bbox 614 2226 749 2277; x_wconf 87' lang='lat' dir='ltr'>sunt,</span> <span class='ocrx_word' id='word_1_213' title='bbox 785 2222 860 2266; x_wconf 88' lang='lat' dir='ltr'>sed</span> <span class='ocrx_word' id='word_1_214' title='bbox 895 2221 1022 2267; x_wconf 90' lang='lat' dir='ltr'>illum</span> <span class='ocrx_word' id='word_1_215' title='bbox 1056 2222 1316 2267; x_wconf 90' lang='lat' dir='ltr'>examinari</span> <span class='ocrx_word' id='word_1_216' title='bbox 1350 2223 1496 2268; x_wconf 92' lang='lat' dir='ltr'>solum</span> <span class='ocrx_word' id='word_1_217' title='bbox 1533 2225 1600 2268; x_wconf 87' lang='lat' dir='ltr'>l&#39;as</span> <span class='ocrx_word' id='word_1_218' title='bbox 1632 2229 1700 2267; x_wconf 86' lang='lat' dir='ltr'>est</span> <span class='ocrx_word' id='word_1_219' title='bbox 1737 2224 1814 2283; x_wconf 92' lang='lat' dir='ltr'>qui</span> <span class='ocrx_word' id='word_1_220' title='bbox 1847 2224 1934 2269; x_wconf 88' lang='lat' dir='ltr'>dis·</span> 
     </span>
     <span class='ocr_line' id='line_1_27' title="bbox 149 2303 1934 2366; baseline 0.003 -20"><span class='ocrx_word' id='word_1_221' title='bbox 149 2303 467 2361; x_wconf 87' lang='lat' dir='ltr'>pensationem</span> <span class='ocrx_word' id='word_1_222' title='bbox 512 2303 795 2362; x_wconf 75' lang='lat' dir='ltr'>impetravit.</span> <span class='ocrx_word' id='word_1_223' title='bbox 845 2306 887 2349; x_wconf 87' lang='lat' dir='ltr'>Si</span> <span class='ocrx_word' id='word_1_224' title='bbox 922 2306 1034 2350; x_wconf 86' lang='lat' dir='ltr'>haec</span> <span class='ocrx_word' id='word_1_225' title='bbox 1067 2306 1345 2351; x_wconf 87' lang='lat' dir='ltr'>amittantur</span> <span class='ocrx_word' id='word_1_226' title='bbox 1393 2306 1519 2351; x_wconf 89' lang='lat' dir='ltr'>irrita</span> <span class='ocrx_word' id='word_1_227' title='bbox 1554 2311 1623 2352; x_wconf 93' lang='lat' dir='ltr'>est</span> <span class='ocrx_word' id='word_1_228' title='bbox 1654 2307 1934 2366; x_wconf 84' lang='lat' dir='ltr'>dispensatio</span> 
     </span>
     <span class='ocr_line' id='line_1_28' title="bbox 149 2377 1407 2448; baseline 0.003 -18"><span class='ocrx_word' id='word_1_229' title='bbox 149 2386 235 2431; x_wconf 88' lang='lat' dir='ltr'>nisi</span> <span class='ocrx_word' id='word_1_230' title='bbox 268 2385 453 2430; x_wconf 84' lang='lat' dir='ltr'>aliunde</span> <span class='ocrx_word' id='word_1_231' title='bbox 486 2377 709 2432; x_wconf 84' lang='lat' dir='ltr'>executor</span> <span class='ocrx_word' id='word_1_232' title='bbox 742 2388 805 2433; x_wconf 88' lang='lat' dir='ltr'>rei</span> <span class='ocrx_word' id='word_1_233' title='bbox 840 2389 1086 2434; x_wconf 87' lang='lat' dir='ltr'>veritatem</span> <span class='ocrx_word' id='word_1_234' title='bbox 1121 2391 1407 2448; x_wconf 88' lang='lat' dir='ltr'>cognoverit.</span> 
     </span>
    </p>

    <p class='ocr_par' dir='ltr' id='par_1_7' title="bbox 147 2470 1933 2698">
     <span class='ocr_line' id='line_1_29' title="bbox 266 2470 1933 2532; baseline 0.003 -18"><span class='ocrx_word' id='word_1_235' title='bbox 266 2470 308 2527; x_wconf 77' lang='lat'>2)</span> <span class='ocrx_word' id='word_1_236' title='bbox 347 2471 563 2529; x_wconf 82' lang='lat' dir='ltr'>Quodque</span> <span class='ocrx_word' id='word_1_237' title='bbox 597 2473 645 2514; x_wconf 89' lang='lat' dir='ltr'>in</span> <span class='ocrx_word' id='word_1_238' title='bbox 674 2484 908 2528; x_wconf 82' lang='lat' dir='ltr'>pauperes</span> <span class='ocrx_word' id='word_1_239' title='bbox 941 2471 1129 2529; x_wconf 82' lang='lat' dir='ltr'>faciant</span> <span class='ocrx_word' id='word_1_240' title='bbox 1160 2474 1373 2531; x_wconf 81' lang='lat' dir='ltr'>aliquam</span> <span class='ocrx_word' id='word_1_241' title='bbox 1418 2474 1774 2532; x_wconf 76' lang='lat' dir='ltr'>eleemosynam.</span> <span class='ocrx_word' id='word_1_242' title='bbox 1812 2479 1933 2520; x_wconf 87' lang='lat' dir='ltr'>Haec</span> 
     </span>
     <span class='ocr_line' id='line_1_30' title="bbox 147 2553 1931 2615; baseline 0.003 -18"><span class='ocrx_word' id='word_1_243' title='bbox 147 2553 347 2597; x_wconf 90' lang='lat' dir='ltr'>clausula</span> <span class='ocrx_word' id='word_1_244' title='bbox 382 2567 475 2597; x_wconf 92' lang='lat' dir='ltr'>non</span> <span class='ocrx_word' id='word_1_245' title='bbox 508 2557 577 2598; x_wconf 91' lang='lat' dir='ltr'>est</span> <span class='ocrx_word' id='word_1_246' title='bbox 611 2554 819 2599; x_wconf 87' lang='lat' dir='ltr'>iniuncta</span> <span class='ocrx_word' id='word_1_247' title='bbox 857 2554 922 2598; x_wconf 87' lang='lat' dir='ltr'>uti</span> <span class='ocrx_word' id='word_1_248' title='bbox 957 2554 1004 2599; x_wconf 93' lang='lat' dir='ltr'>in</span> <span class='ocrx_word' id='word_1_249' title='bbox 1041 2555 1458 2614; x_wconf 86' lang='lat' dir='ltr'>dispensationibus</span> <span class='ocrx_word' id='word_1_250' title='bbox 1489 2570 1570 2615; x_wconf 88' lang='lat' dir='ltr'>pro</span> <span class='ocrx_word' id='word_1_251' title='bbox 1605 2557 1703 2601; x_wconf 84' lang='lat' dir='ltr'>foro</span> <span class='ocrx_word' id='word_1_252' title='bbox 1736 2560 1931 2602; x_wconf 88' lang='lat' dir='ltr'>externo</span> 
     </span>
     <span class='ocr_line' id='line_1_31' title="bbox 149 2636 1818 2698; baseline 0.004 -19"><span class='ocrx_word' id='word_1_253' title='bbox 149 2636 289 2681; x_wconf 88' lang='lat' dir='ltr'>verbo</span> <span class='ocrx_word' id='word_1_254' title='bbox 310 2642 505 2694; x_wconf 74' lang='lat' dir='ltr'>eroyata</span> <span class='ocrx_word' id='word_1_255' title='bbox 528 2650 582 2682; x_wconf 92' lang='lat' dir='ltr'>ac</span> <span class='ocrx_word' id='word_1_256' title='bbox 605 2636 795 2693; x_wconf 89' lang='lat' dir='ltr'>proinde</span> <span class='ocrx_word' id='word_1_257' title='bbox 820 2651 913 2683; x_wconf 91' lang='lat' dir='ltr'>non</span> <span class='ocrx_word' id='word_1_258' title='bbox 937 2639 1180 2684; x_wconf 84' lang='lat' dir='ltr'>constituit</span> <span class='ocrx_word' id='word_1_259' title='bbox 1202 2639 1517 2684; x_wconf 91' lang='lat' dir='ltr'>conditionem</span> <span class='ocrx_word' id='word_1_260' title='bbox 1543 2654 1622 2698; x_wconf 91' lang='lat' dir='ltr'>pro</span> <span class='ocrx_word' id='word_1_261' title='bbox 1647 2641 1818 2685; x_wconf 86' lang='lat' dir='ltr'>valore.</span> 
     </span>
    </p>

    <p class='ocr_par' dir='ltr' id='par_1_8' title="bbox 146 2720 1932 3031">
     <span class='ocr_line' id='line_1_32' title="bbox 265 2720 1931 2778; baseline 0.002 -15"><span class='ocrx_word' id='word_1_262' title='bbox 265 2720 306 2776; x_wconf 79' lang='grc'>5)</span> <span class='ocrx_word' id='word_1_263' title='bbox 346 2721 602 2764; x_wconf 88' lang='lat' dir='ltr'>Dummodo</span> <span class='ocrx_word' id='word_1_264' title='bbox 649 2722 1035 2778; x_wconf 75' lang='lat' dir='ltr'>impedimentum</span> <span class='ocrx_word' id='word_1_265' title='bbox 1083 2723 1311 2767; x_wconf 88' lang='lat' dir='ltr'>occultum</span> <span class='ocrx_word' id='word_1_266' title='bbox 1352 2724 1421 2768; x_wconf 83' lang='lat' dir='ltr'>vel</span> <span class='ocrx_word' id='word_1_267' title='bbox 1467 2726 1661 2768; x_wconf 88' lang='lat' dir='ltr'>omnino</span> <span class='ocrx_word' id='word_1_268' title='bbox 1702 2725 1931 2769; x_wconf 87' lang='lat' dir='ltr'>occultum</span> 
     </span>
     <span class='ocr_line' id='line_1_33' title="bbox 146 2803 1932 2866; baseline 0.003 -20"><span class='ocrx_word' id='word_1_269' title='bbox 146 2804 219 2847; x_wconf 85' lang='lat' dir='ltr'>sit.</span> <span class='ocrx_word' id='word_1_270' title='bbox 262 2805 457 2847; x_wconf 86' lang='lat' dir='ltr'>Notetur</span> <span class='ocrx_word' id='word_1_271' title='bbox 487 2804 606 2863; x_wconf 92' lang='lat' dir='ltr'>quod</span> <span class='ocrx_word' id='word_1_272' title='bbox 641 2803 687 2849; x_wconf 92' lang='lat' dir='ltr'>in</span> <span class='ocrx_word' id='word_1_273' title='bbox 720 2803 886 2849; x_wconf 87' lang='lat' dir='ltr'>litteris</span> <span class='ocrx_word' id='word_1_274' title='bbox 922 2808 964 2851; x_wconf 92' lang='lat' dir='ltr'>S.</span> <span class='ocrx_word' id='word_1_275' title='bbox 1002 2806 1389 2851; x_wconf 78' lang='lat' dir='ltr'>poenitentiariae</span> <span class='ocrx_word' id='word_1_276' title='bbox 1437 2806 1822 2866; x_wconf 89' lang='lat' dir='ltr'>impedimentum</span> <span class='ocrx_word' id='word_1_277' title='bbox 1867 2807 1932 2852; x_wconf 89' lang='lat' dir='ltr'>di-</span> 
     </span>
     <span class='ocr_line' id='line_1_34' title="bbox 146 2883 1929 2948; baseline 0.004 -20"><span class='ocrx_word' id='word_1_278' title='bbox 146 2883 268 2929; x_wconf 88' lang='lat' dir='ltr'>citur</span> <span class='ocrx_word' id='word_1_279' title='bbox 299 2886 532 2931; x_wconf 89' lang='lat' dir='ltr'>occultum</span> <span class='ocrx_word' id='word_1_280' title='bbox 583 2886 689 2932; x_wconf 87' lang='lat' dir='ltr'>licet</span> <span class='ocrx_word' id='word_1_281' title='bbox 721 2887 949 2947; x_wconf 89' lang='lat' dir='ltr'>aliquibus</span> <span class='ocrx_word' id='word_1_282' title='bbox 980 2887 1039 2933; x_wconf 90' lang='lat' dir='ltr'>sit</span> <span class='ocrx_word' id='word_1_283' title='bbox 1072 2892 1235 2934; x_wconf 89' lang='lat' dir='ltr'>notum</span> <span class='ocrx_word' id='word_1_284' title='bbox 1271 2893 1379 2947; x_wconf 87' lang='lat' dir='ltr'>puta</span> <span class='ocrx_word' id='word_1_285' title='bbox 1420 2891 1449 2934; x_wconf 74' lang='lat'>4</span> <span class='ocrx_word' id='word_1_286' title='bbox 1490 2890 1561 2934; x_wconf 90' lang='lat' dir='ltr'>vel</span> <span class='ocrx_word' id='word_1_287' title='bbox 1590 2890 1615 2934; x_wconf 82' lang='lat'>5</span> <span class='ocrx_word' id='word_1_288' title='bbox 1649 2889 1697 2934; x_wconf 94' lang='lat' dir='ltr'>in</span> <span class='ocrx_word' id='word_1_289' title='bbox 1736 2889 1929 2948; x_wconf 87' lang='lat' dir='ltr'>oppido,</span> 
     </span>
     <span class='ocr_line' id='line_1_35' title="bbox 146 2968 1931 3031; baseline 0.003 -19"><span class='ocrx_word' id='word_1_290' title='bbox 146 2968 396 3013; x_wconf 91' lang='lat' dir='ltr'>dummodo</span> <span class='ocrx_word' id='word_1_291' title='bbox 429 2969 605 3015; x_wconf 90' lang='lat' dir='ltr'>nullum</span> <span class='ocrx_word' id='word_1_292' title='bbox 654 2970 885 3029; x_wconf 89' lang='lat' dir='ltr'>probabile</span> <span class='ocrx_word' id='word_1_293' title='bbox 934 2971 1188 3030; x_wconf 92' lang='lat' dir='ltr'>periculum</span> <span class='ocrx_word' id='word_1_294' title='bbox 1221 2972 1280 3017; x_wconf 89' lang='lat' dir='ltr'>sil:</span> <span class='ocrx_word' id='word_1_295' title='bbox 1312 2973 1433 3030; x_wconf 93' lang='lat' dir='ltr'>quod</span> <span class='ocrx_word' id='word_1_296' title='bbox 1472 2972 1744 3031; x_wconf 88' lang='lat' dir='ltr'>publicetur.</span> <span class='ocrx_word' id='word_1_297' title='bbox 1780 2977 1931 3027; x_wconf 85' lang='lat' dir='ltr'>Quare</span> 
     </span>
    </p>
   </div>
  </div>
 </body>
</html>
