2176 3386
260 197 342 238 234
907 209 1017 239 PARS
1046 210 1070 238 1.
1105 210 1162 238 DE
1191 209 1403 239 pnasoms

381 312 605 367 Quamvis
637 313 826 358 nomine
855 313 1102 371 superioris
1133 313 1416 371 intelligatur
1436 314 1644 372 superior
1663 314 1819 359 localis
1840 329 2042 360 conven-

261 400 335 441 tus
368 397 414 440 in
448 410 537 455 quo
571 395 829 440 reclamans
862 396 1120 453 assignatus
1152 399 1221 440 est
1252 396 1307 440 de
1342 396 1542 451 familia,
1583 402 1630 442 et
1667 412 1759 444 non
1803 412 2043 456 supremus

260 478 484 533 ordinis¹,
520 478 681 523 deduci
717 482 873 523 tamen
909 482 1057 536 potest
1089 491 1226 522 causa
1250 492 1404 523 coram
1431 479 1718 536 provinciali,
1747 482 1819 526 vel
1842 481 2041 540 generali

260 561 294 605 si
330 561 392 606 ita
426 561 598 606 ordinis
630 560 985 606 constitutiones
1016 561 1264 619 disponant
1288 562 1318 606 ‘·’.

351 644 420 688 57.
459 644 614 697 Quoad
652 658 846 701 poenam
882 644 1187 700 subeundam,
1232 649 1419 689 centum
1465 659 1630 704 nempe
1671 647 1969 703 ducatorum,
2005 651 2040 694 si

258 727 330 772 die
363 727 538 772 sabbati
575 726 761 771 maioris
794 727 1106 771 hebdomadae
1141 727 1428 785 pulsaverint
1451 729 1496 772 in
1515 743 1674 774 eorum
1698 730 1902 775 ecclesiis
1918 744 2040 776 cam-

259 824 418 869 panas,
454 815 703 868 antequam
739 810 990 868 pulsaverit
1033 823 1257 867 campana
1301 811 1597 867 cathedralis,
1636 813 1706 856 vel
1752 812 1938 859 maioris
1970 826 2041 861 ec-

258 894 422 938 clesiae
446 894 476 937 ².

348 977 418 1021 58.
455 978 611 1030 Quoad
646 976 963 1021 omnimodam
998 977 1379 1033 iurisdictionem,
1417 982 1467 1021 ut
1498 978 1831 1023 subiectionem
1862 985 2039 1038 aposta·

257 1064 409 1104 tarum
443 1065 489 1104 et
522 1059 660 1104 etiam
697 1059 898 1118 legitime
933 1059 1185 1105 eiectorum
1210 1060 1239 1105 4.

344 1141 471 1188 Circa
497 1147 653 1188 tamen
683 1143 887 1202 Episcopi
911 1144 1179 1188 facultatem
1204 1143 1423 1202 puniendi
1448 1143 1678 1202 religiosos
1701 1144 1818 1189 intra
1843 1146 2039 1190 claustra

255 1226 470 1271 viventes
504 1231 550 1270 et
574 1231 705 1271 extra
729 1226 1071 1285 quomodolibet
1094 1227 1430 1286 delinquentes,
1455 1228 1735 1272 attendenda
1762 1233 1871 1272 sunt
1893 1229 2040 1273 anim·

255 1309 446 1354 adversa
480 1324 505 1354 a
543 1314 587 1354 P.
626 1309 883 1355 Gaudentio
917 1310 972 1354 dc
1006 1314 1146 1354 Ianua
1172 1310 1200 1355 ⁵.
1243 1330 1262 1350 α
1291 1310 1598 1355 Nihilominus
1632 1324 1710 1368 pro
1746 1310 2040 1368 Regularibus

254 1392 469 1437 omnibus
501 1393 671 1452 absque
716 1392 1015 1438 distinctione
1067 1393 1187 1437 inter
1231 1393 1550 1438 mendicantes
1595 1393 1631 1438 si
1677 1393 1797 1438 intra
1842 1394 2039 1438 claustra

256 1477 438 1532 vivant,
474 1477 689 1536 quamvis
721 1483 852 1522 extra
888 1478 1085 1522 claustra
1119 1477 1461 1536 quomodolibet
1488 1478 1774 1537 delinquant,
1794 1478 1912 1537 quod
1937 1477 2039 1522 sub·

254 1560 347 1604 sint
380 1560 684 1605 iurisdictioni
719 1566 764 1605 et
798 1560 1027 1618 punitioni
1053 1560 1335 1618 propriorum
1363 1560 1655 1618 Superiorum
1684 1561 1931 1619 privative,
1954 1561 2039 1606 nisi

252 1648 498 1703 quatenus,
536 1644 872 1702 negligentibus
906 1643 1221 1702 Superioribus
1253 1649 1408 1689 sontes
1443 1644 1603 1702 punire
1636 1645 1942 1700 scandalosos‚
1974 1645 2039 1688 iu-

254 1727 457 1772 risdictio
490 1728 545 1772 ad
585 1727 826 1785 Episcopos
858 1727 1135 1771 devolvatur
1178 1727 1221 1771 in
1258 1726 1470 1772 terminis
1518 1726 1706 1773 Concilii
1758 1727 2037 1783 Tridentini,

252 1810 381 1855 adest
416 1814 569 1855 Motus
603 1810 811 1868 proprius
847 1811 1010 1855 Bened.
1050 1814 1146 1855 XIII
1181 1810 1329 1855 editus
1361 1810 1544 1870 quidem
1584 1811 1640 1855 ad
1673 1810 1952 1856 dirimendas
1989 1811 2039 1855 li-

251 1897 335 1947 tes,
371 1892 520 1951 quoad
554 1893 640 1937 hoc
677 1893 797 1937 inter
830 1892 1185 1950 Neapolitanum
1222 1892 1447 1937 Nuntium
1467 1896 1513 1935 et
1531 1893 1751 1937 Abbatem
1779 1893 2038 1949 generalem

252 1990 331 2034 pro
365 1980 571 2035 tempore
608 1976 778 2023 Montis
813 1976 1027 2035 Virginis,
1063 1977 1140 2021 sed
1174 1991 1253 2035 pro
1286 1976 1501 2021 omnibus
1536 1976 1833 2033 Regularibus
1864 1981 1911 2020 et
1940 1975 2038 2034 Epi·

251 2060 399 2116 scopis
431 2074 489 2103 ex
523 2060 667 2104 altera
704 2065 830 2118 parte
880 2059 1086 2117 vigorem
1130 2059 1344 2104 eumdem
1379 2060 1715 2117 praeseferens,
1751 2064 1802 2103 ut
1849 2058 2039 2104 evidens

251 2142 339 2187 erit
372 2142 556 2200 legenti.
596 2147 645 2187 In
682 2144 913 2201 praedicto
946 2147 1102 2188 autem
1138 2147 1265 2188 Motu
1316 2144 1495 2202 proprio
1529 2144 1641 2188 haec
1680 2144 1918 2200 leguntur:
1974 2146 2037 2186 Ex

250 2226 528 2271 auctoritate
563 2232 718 2272 nostra
752 2242 823 2286 ap.
861 2228 1150 2272 declaramus
1173 2231 1220 2272 et
1247 2227 1539 2273 decernimus
1562 2226 1798 2285 privilegia
1821 2238 2037 2271 concessa

251 2309 374 2354 dicto
411 2310 523 2354 Rrho
567 2310 740 2354 Nuntio
776 2325 854 2368 per
886 2311 1085 2356 eundem
1120 2310 1404 2358 Clementem
1439 2314 1537 2356 VIII
1565 2325 1657 2356 non
1682 2310 1815 2355 aliter
1847 2309 2038 2368 intelligi

252 2406 381 2452 posse
415 2398 462 2437 et
492 2393 674 2449 debere,
711 2408 849 2453 quam
883 2395 939 2439 de
972 2394 1191 2439 facultate
1227 2395 1501 2453 procedendi
1526 2399 1687 2440 contra
1709 2398 2038 2454 cuiuscumque

247 2567 347 2613 quod
385 2567 481 2603 Trid.
509 2567 698 2604 decretum
737 2567 850 2613 cong.
878 2568 988 2604 Conc.
1017 2572 1108 2604 teste
1136 2568 1300 2614 Fagnan.
1328 2568 1397 2605 loc.
1433 2568 1493 2605 cit.
1527 2579 1562 2605 n.
1590 2567 1645 2613 72,
1681 2569 1879 2606 declaravit
1914 2569 2035 2606 locum

247 2638 401 2681 habere,
428 2644 501 2675 tam
530 2639 559 2676 si
588 2639 776 2685 professus
803 2639 1010 2676 nullitatem
1037 2639 1191 2685 allegat,
1219 2649 1329 2686 quain
1358 2641 1387 2676 si
1415 2640 1545 2686 religio
1572 2640 1658 2677 velit
1693 2640 1796 2678 illum
1827 2641 2036 2687 expellere,

249 2715 436 2756 tamquam
465 2711 614 2747 nulliter
640 2711 859 2757 professum.

367 2784 375 2803 ¹
406 2784 521 2830 Cong.
550 2784 658 2820 Cone.
688 2784 724 2820 in
752 2784 881 2820 Maten.
909 2789 945 2820 et
969 2784 1131 2821 Romana
1158 2784 1176 2819 7
1205 2794 1280 2830 apr.
1310 2783 1412 2821 1629.

365 2855 378 2873 ’
405 2855 528 2892 Rmrr.
557 2854 636 2892 Lib.
667 2855 727 2897 III,
755 2855 807 2890 tit.
834 2854 876 2890 51
906 2855 948 2892 de
974 2855 1059 2901 Ray.
1085 2859 1099 2895 ἓ
1126 2854 1159 2898 7,
1186 2864 1223 2891 n.
1251 2855 1331 2892 197.

365 2926 378 2945 ³
404 2926 526 2963 Const.
554 2927 691 2963 Leonis
719 2927 753 2962 X
779 2927 877 2963 Dum
904 2928 1002 2963 intra
1031 2926 1074 2963 19
1101 2926 1179 2963 dec.
1208 2926 1310 2964 1516.
1337 2930 1352 2968 ς
1381 2926 1435 2963 14.

364 2996 378 3018 ⁵
404 2997 598 3034 Constitui.
627 2997 769 3035 Urbani
797 2998 882 3034 VIII
910 2999 1023 3035 Sacra
1051 2997 1285 3044 Gonqreyatio
1313 2998 1356 3035 21
1383 3003 1477 3045 sept.
1506 2997 1608 3035 1624.

365 3069 378 3089 ¹⁵
405 3070 508 3106 Tom.
534 3069 567 3105 ΙΙ
594 3070 636 3106 de
661 3070 755 3106 visit.
775 3070 934 3106 Praelat.
962 3069 1062 3116 Rea„
1088 3078 1170 3115 cap.
1196 3068 1239 3114 4,
1257 3069 1353 3106 Dub.
1382 3069 1437 3113 10,
1463 3080 1499 3106 n.
1524 3069 1582 3106 46.
