2176 3386
512 168 642 197 LJBER
670 168 694 196 1.
725 168 781 196 DE
811 167 950 197 REBUS
978 168 1214 197 ECCLESIAE
1242 169 1569 199 SPIRITUALIBUS
1852 161 1932 201 249
1963 161 1968 169 '

151 274 270 320 etin
303 288 444 332 regno
477 275 652 320 turcico
684 275 917 333 degentes.
955 275 1038 321 Alii
1071 279 1182 322 sunt
1214 275 1375 322 Graeci
1410 276 1655 322 Melchitae
1687 281 1734 322 et
1756 292 1930 335 ,regun-

150 362 226 403 tur
257 373 282 403 a
317 359 578 404 Patriarcha
615 358 899 404 Antiocheno
933 359 1274 415 Melchitarum,
1311 360 1494 419 lateque
1527 364 1637 405 sunt
1668 375 1748 418 per
1769 361 1930 406 Orien-

149 445 244 487 tem
277 442 444 488 disfusi.
482 442 567 487 Alii
612 443 839 488 Rhumeni
871 444 949 503 qui
985 443 1194 489 habitant
1226 443 1593 488 Transilvaniam
1628 444 1828 504 aliasque
1861 460 1930 490 re-

150 527 307 586 giones
355 527 532 586 imperii
566 528 991 586 Austro—[Ingarici.
1046 527 1129 572 Alii
1164 527 1361 582 Slavici,
1396 541 1511 587 quos
1555 527 1676 572 inter
1720 529 1932 574 eminent

152 612 368 667 Rutheni‚
403 611 480 671 qui
515 611 760 656 nonnullas
791 612 1000 670 regiones
1032 613 1130 656 site
1166 611 1394 668 Poloniae,
1432 611 1529 656 sive
1562 611 1772 657 Gallitiae
1809 614 1930 670 (Pro-

149 694 353 739 vinciam
379 693 743 739 Ecclesiasticam
780 693 1120 751 Leopoliensem
1148 693 1501 750 lintheum-um),
1537 693 1634 737 sive
1668 694 1930 751 Hungariae

153 774 407 832 (Dioeceses
443 773 805 832 Eperiessensem
839 778 884 818 et
919 773 1356 827 Munkacsiensem,
1391 787 1508 833 quae
1547 773 1603 818 ad
1641 774 1929 832 provinciam

149 856 504 901 ecclesiasticam
540 856 898 914 Strigoniensem
936 855 1183 914 pertinent)
1221 856 1445 901 incolunt.
1499 855 1582 901 Alii
1626 856 1817 914 Bfflgari,
1853 857 1931 915 qui

150 938 318 983 vivunt
352 938 396 982 in
434 938 718 994 Macedonia,
755 939 944 983 Thracia
981 953 1163 984 necnon
1198 938 1608 997 Constantinopoli.

274 1025 396 1069 1165.
449 1024 627 1068 Habent
662 1025 848 1069 Armeni
898 1025 1078 1082 plenam
1131 1025 1436 1070 hierarchiam
1485 1025 1844 1071 ecclesiasticam
1884 1026 1930 1071 in

147 1122 288 1166 regno
321 1108 509 1152 'turcico
536 1111 583 1152 et
607 1107 797 1166 imperio
835 1108 1019 1153 Russico
1054 1108 1225 1166 (Dioec.
1255 1107 1580 1165 Artuinensis),
1606 1109 1679 1153 cui
1705 1109 1930 1165 praesidet

149 1192 411 1237 Patriarcha
436 1191 618 1237 Ciliciae
651 1191 838 1251 eiusque
862 1193 997 1237 Sedes
1019 1196 1088 1237 est
1110 1192 1521 1251 Constantinopoli.
1563 1192 1609 1237 Ei
1642 1197 1800 1237 autem
1836 1207 1929 1238 non

147 1274 356 1329 subsunt,
391 1274 467 1333 qui
501 1273 547 1318 in
586 1274 785 1319 Dioecesi
819 1274 1120 1334 Tiraspolensi
1157 1274 1335 1333 imperii
1372 1275 1562 1331 Russici,
1590 1275 1634 1319 in
1671 1276 1930 1322 Archidioe-

147 1357 237 1402 cesi
285 1357 549 1415 Leopolensi
600 1361 901 1402 Armenorum
950 1362 996 1402 et
1044 1358 1089 1402 in
1138 1359 1238 1404 aliis
1276 1359 1547 1418 quibusdam
1592 1359 1702 1404 locis
1751 1360 1929 1418 imperii

149 1440 594 1497 Austro—Hungarici
627 1441 814 1497 degunt.

271 1524 395 1568 1166.
436 1524 620 1568 Armeni
657 1524 848 1569 Persidis
895 1525 1146 1583 provisoria
1182 1530 1366 1570 tantum
1416 1526 1594 1571 ratione
1640 1527 1930 1572 Patriai·chae

148 1605 327 1652 Ciliciae
360 1606 550 1651 subiecti
584 1612 715 1663 sunt;
772 1608 1007 1653 Dioeceses
1056 1609 1310 1654 Mardensis
1343 1614 1389 1653 et
1425 1610 1682 1655 Amidensis
1715 1610 1833 1654 sicut
1866 1626 1930 1656 re-

146 1689 267 1748 liqua
317 1703 420 1748 pars
470 1691 827 1748 Mesopotamiae
879 1691 939 1748 (in
985 1692 1436 1738 administrationem
1484 1694 1539 1737 ad
1588 1693 1927 1751 beneplacitum

147 1773 271 1817 Sedis
305 1773 625 1831 Apostolicae).
674 1774 962 1819 patriarchae
1006 1774 1187 1820 Ciliciae
1220 1776 1353 1820 (latae
1396 1780 1529 1831 sunt,
1565 1780 1611 1820 et
1645 1776 1689 1820 in
1730 1777 1929 1822 Dioecesi

149 1856 456 1901 Alexandrina
491 1856 742 1902 iurisdictio
776 1858 1066 1903 Pati-iarchae
1099 1859 1425 1904 tantummodo
1458 1861 1650 1905 tolerata
1684 1864 1767 1906 est.

270 1941 396 1985 1167.
434 1940 646 1998 Syriacus
688 1941 803 1986 ritus
838 1941 882 1985 in
917 1946 1010 1987 tres
1043 1942 1209 1988 classes
1241 1942 1485 1988 distinctus
1519 1949 1610 1999 est,
1646 1944 1761 1989 alius
1803 1945 1928 1989 enim

146 2027 214 2068 est
243 2038 363 2081 pure
385 2023 592 2082 syriacus
615 2038 694 2069 seu
719 2025 1025 2082 Sessorianus,
1051 2041 1141 2085 quo
1170 2026 1315 2071 utitur
1338 2041 1449 2085 gens
1476 2028 1679 2072 eiusdem
1707 2028 1924 2073 nominis.

145 2106 230 2159 Qui
273 2107 396 2150 hunc
444 2107 584 2151 ritum
628 2111 865 2152 sectantur
896 2123 922 2154 a
959 2109 1219 2154 Patriarcha
1255 2109 1543 2154 Antiocheno
1593 2112 1811 2167 Syrorum
1860 2125 1928 2155 re·

143 2195 327 2248 guntur.
367 2189 490 2235 Alius
522 2195 590 2235 est
624 2190 737 2235 ritus
771 2192 1163 2250 Syro—Maronz'cct
1197 2198 1241 2237 et
1277 2193 1710 2251 Syro-Clealdaicecs
1731 2194 1807 2252 qui
1836 2206 1926 2238 ser-

148 2276 224 2316 vat
257 2285 389 2316 usum
423 2272 554 2330 panis
587 2273 870 2328 fermentati,
896 2287 1027 2319 secus
1059 2288 1112 2319 ac
1147 2275 1543 2332 Syro-Maronita,
1570 2274 1646 2333 qui
1680 2274 1725 2318 in
1761 2288 1927 2332 azymo

143 2355 344 2400 conficit.
382 2355 555 2401 Fideles
577 2356 691 2401 ritus
715 2357 1088 2415 Syro-Chaldaici
1113 2358 1263 2402 diffusi
1289 2358 1461 2416 degunt
1494 2358 1541 2402 in
1579 2358 1924 2416 Mesopotamia,

145 2438 339 2494 Perside,
365 2443 468 2494 etc,
492 2439 576 2484 sub
601 2440 821 2497 regimine
849 2440 1136 2486 patriarchae
1170 2441 1380 2486 Chaldaei
1412 2441 1754 2499 Babylonensis.
1798 2445 1926 2486 Prae-

145 2525 214 2565 ter
245 2521 326 2565 hos
357 2526 466 2565 sunt
499 2523 648 2579 plures
690 2522 894 2567 eiusdem
930 2522 1067 2579 ritus,
1102 2524 1179 2583 qui
1213 2529 1563 2568 commorantur
1596 2524 1641 2567 in
1676 2522 1787 2567 locis
1833 2528 1927 2569 Ma-

142 2603 368 2659 labaricis,
403 2618 598 2663 quorum
632 2605 834 2665 plerique
868 2610 975 2650 sunt
1008 2606 1238 2651 catholici.
1277 2606 1351 2651 Isti
1385 2607 1573 2651 obnoxii
1607 2611 1714 2650 sunt
1749 2605 1926 2650 iurisdi-

143 2686 284 2732 ctioni
320 2686 606 2732 vicariorum
640 2688 1004 2747 Apostolicorum
1037 2690 1092 2734 de
1126 2690 1344 2735 Trichoor
1376 2693 1422 2734 et
1454 2690 1508 2734 de
1541 2694 1785 2747 Cottayam
1810 2690 1926 2734 etin

143 2769 319 2827 synodo
352 2769 506 2815 habita
538 2784 661 2815 anno
699 2771 808 2816 1599
842 2772 1122 2830 adoptarunt
1154 2787 1286 2818 usum
1324 2772 1453 2830 panis
1481 2773 1632 2831 azymi
1667 2777 1713 2817 et
1745 2773 1810 2817 sic
1842 2772 1926 2816 dif-

145 2853 300 2898 ferunt
331 2855 387 2898 ab
419 2854 663 2899 haereticis
697 2855 980 2900 Nestorianis
1011 2858 1088 2915 qui
1123 2856 1295 2901 habent
1329 2870 1460 2900 usum
1497 2857 1778 2901 fermentati.

267 2936 393 2981 1168.
429 2937 558 2990 Quod
590 2938 646 2983 ad
679 2941 842 2996 Coptos
874 2939 1059 2995 attinet,
1087 2939 1288 2998 plerique
1311 2953 1472 2984 eorum
1506 2940 1775 2984 detinentur
1807 2940 1925 2984 schi-

144 3023 290 3064 smate
323 3020 752 3079 Monophysitarum
786 3022 870 3066 sub
902 3023 1126 3081 regimine
1161 3022 1327 3081 proprii
1364 3022 1676 3080 1’atriarchae3
1712 3023 1925 3069 catholici
