2176 3386
267 165 345 207 100
943 173 1053 202 PARS
1083 174 1122 201 11.
1154 173 1210 201 Dr:
1242 171 1377 201 annus

266 284 389 329 ditur
421 282 560 328 etiam
579 281 771 327 abortus
795 282 944 326 foetus
966 279 1178 335 animati,
1205 278 1368 324 effectu
1394 282 1566 322 secuto.
1603 281 1686 322 Per
1709 276 2047 323 mutilationem

208 354 219 368 ⁹
268 380 378 411 vero
425 364 706 419 incurritur,
743 363 778 408 si
821 363 922 423 quia
956 362 1214 407 membrum
1264 361 1414 405 sciens
1458 365 1505 404 et
1539 360 1698 404 volens
1738 358 1922 403 mutilat
1953 358 2049 403 sive

268 447 396 493 alleri
433 447 530 491 sive
565 445 665 490 sibi.
1437 440 1439 442 ’

391 531 492 575 820.
533 528 845 587 [rregularitas
877 542 933 572 ex
969 527 1134 571 delicto
1165 527 1343 571 adnexa
1380 531 1447 571 est
1484 524 1720 570 xiolationi
1752 523 2048 578 sacramenti,

270 615 402 660 cuius
434 614 623 658 nomine
663 612 734 656 hic
770 612 899 656 venit
933 616 1114 656 tantum
1152 610 1428 669 baptismus,
1481 623 1566 654 nec
1604 607 1832 668 quaelibet
1868 606 2052 652 xiolatio

273 713 376 743 eam
402 696 594 751 inducit,
620 696 695 740 sed
731 699 915 739 tantum
951 694 1021 738 illa
1048 708 1127 752 per
1150 707 1288 752 quam
1314 686 1565 751 baptismus
1586 691 1793 735 iteratur.
1831 693 1895 734 Ex
1918 689 2050 733 itera-

275 783 399 827 tione
435 779 650 838 baptismi
685 778 946 836 irregularis
979 777 1028 821 fit
1061 776 1366 835 rebaptizans,
1402 775 1724 833 rebaptizatus,
1749 779 1796 818 et
1817 772 1894 832 qui
1927 772 2052 817 reba-

274 863 465 924 ptizanti
491 863 746 917 ministrat3
783 874 931 919 neque
956 865 1203 905 excusatur
1227 858 1302 918 qui
1337 873 1394 903 ex
1423 857 1513 903 levi
1546 856 1681 901 (lubio
1704 856 1824 901 circa
1850 855 2052 900 xalorem

276 947 487 1006 baptismi
539 945 646 990 illud
689 945 772 989 sub
811 943 1075 987 conditione
1118 942 1298 1001 repetit.
1345 942 1427 986 Sed
1470 955 1582 1000 opus
1614 946 1708 986 est:
1757 942 1795 997 l)
1831 940 2056 998 baptismo

278 1045 386 1075 xero
420 1036 466 1075 et
490 1030 692 1088 perfecto
714 1046 721 1084 3
759 1027 859 1072 ideo
884 1041 975 1071 non
1001 1026 1307 1082 contrahitur,
1334 1025 1481 1085 siquid
1515 1025 1658 1070 valeri
1692 1025 1789 1069 eius
1810 1025 1942 1078 desit,
1971 1037 2057 1068 nec

275 1114 310 1159 si
344 1115 564 1158 alteruter
598 1111 910 1156 conditionem
946 1110 1063 1155 serio
1096 1109 1384 1168 apposuerit:
1429 1109 1470 1152 si
1506 1123 1598 1154 non
1633 1122 1752 1162 suin,
1789 1108 1859 1153 xel
1893 1108 1929 1152 si
1963 1121 2056 1152 non

275 1210 323 1241 es
355 1196 637 1254 baptizatus,
676 1196 716 1250 2)
755 1193 934 1237 notorio
968 1197 1014 1237 et
1046 1192 1256 1237 solemni.
1295 1196 1415 1237 Haec
1451 1191 1759 1249 irregularitas
1793 1191 2001 1249 prohibet
2032 1205 2056 1235 a

276 1282 366 1324 sola
403 1279 629 1324 Ordinum
664 1277 957 1335 susceptione
992 1280 1038 1320 et
1071 1289 1164 1319 non
1200 1291 1224 1320 a
1259 1279 1575 1333 susceptorum
1610 1274 1845 1319 exercitio.

396 1363 496 1406 821.
539 1366 600 1405 Ex
639 1360 781 1404 xetito
828 1358 1052 1404 Ordinum
1098 1357 1320 1403 exercitio
1365 1358 1415 1401 tit
1453 1357 1712 1414 irregularis
1753 1356 1944 1401 clericus
1982 1356 2059 1415 qui

277 1450 464 1490 exercet
489 1444 697 1488 ordinem
723 1457 858 1502 quem
889 1456 978 1486 non
1014 1442 1171 1499 habet,
1211 1442 1279 1485 xel
1305 1441 1381 1500 qui
1415 1455 1549 1500 quem
1577 1440 1713 1484 habet
1735 1443 1921 1483 exercet
1949 1439 2058 1482 dum

278 1536 346 1575 est
382 1532 589 1574 irretitus
637 1542 863 1582 censura,
900 1541 1015 1586 quae
1059 1530 1186 1570 xetat
1229 1526 1436 1570 ordinem
1473 1539 1714 1580 exercere,
1752 1537 1843 1569 non
1880 1538 1988 1568 vero
2025 1523 2059 1567 si

281 1618 463 1658 tantum
503 1612 756 1670 prohibitus
789 1610 872 1653 sub
904 1624 1097 1655 censura
1132 1609 1340 1653 ordinem
1375 1623 1615 1663 exercere,
1654 1608 1780 1652 illum
1815 1611 2058 1662 exerceat3

280 1697 478 1755 (lenique
513 1696 549 1740 is
581 1695 657 1754 qui
692 1695 890 1739 scienter
925 1694 1124 1738 celebrat
1158 1693 1203 1737 in
1240 1693 1336 1737 loco
1373 1692 1646 1737 nominatim
1682 1691 1942 1736 interdicto.
1998 1691 2061 1736 Ad

282 1781 394 1822 haec
428 1777 675 1837 requiritur
710 1781 759 1820 ut
793 1776 998 1821 ordinem
1034 1781 1252 1820 exerceat
1283 1790 1338 1819 ea:
1369 1774 1537 1833 officio,
1575 1780 1757 1829 temere,
1791 1776 1989 1818 scienter
2021 1779 2062 1816 et

281 1862 548 1906 solemniter
569 1896 578 1913 ‚
616 1861 658 1904 id
693 1866 761 1904 est
794 1860 829 1904 si
862 1864 992 1905 actus
1025 1863 1094 1903 est
1125 1858 1379 1914 eiusmodi,
1416 1857 1491 1916 qui
1525 1857 1730 1902 exerceri
1781 1871 1871 1901 non
1911 1860 2065 1915 potest

283 1945 368 1989 nisi
407 1945 463 1989 ab
497 1944 565 1988 liis
597 1944 672 2003 qui
711 1943 846 1987 talem
882 1943 1088 1987 ordinem
1126 1942 1310 1986 habent.

405 2029 504 2072 822.
541 2027 856 2084 Irregularitas
887 2027 1067 2070 adnexa
1101 2030 1170 2069 cst
1204 2024 1406 2080 haeresi,
1441 2023 1695 2082 apostasiae
1728 2027 1774 2067 et
1806 2021 2060 2067 schismati.

285 2110 515 2155 Haeretici
550 2110 802 2167 generatim
839 2110 1109 2166 irregulares
1142 2113 1265 2163 sunt,
1297 2109 1393 2152 sive
1427 2108 1473 2151 in
1513 2107 1687 2152 haeresi
1720 2106 1934 2165 baptizati
1971 2107 2064 2150 fue-
2170 2111 2176 2151 i

286 2194 397 2249 rint,
435 2194 534 2238 sive
567 2209 591 2237 a
627 2193 850 2238 catholica
887 2192 1103 2250 religione
1136 2192 1192 2235 ad
1227 2206 1327 2235 eam
1362 2189 1630 2235 defecerint.
1668 2189 1765 2234 Sola
1789 2187 2015 2247 apostasia
2039 2201 2064 2231 a
2140 2190 2159 2235 ί

288 2279 374 2323 lide
409 2278 706 2335 irregularem
733 2277 857 2321 facit.
896 2276 1098 2320 Schisma
1126 2289 1234 2319 vero
1272 2274 1653 2331 irregularitatem
1679 2272 1854 2317 inducit
1885 2271 2067 2330 quando

285 2377 390 2406 cum
428 2361 605 2406 haeresi
638 2360 947 2418 coniungitur.

406 2445 508 2489 825.
548 2443 911 2501 lrregularitates
943 2458 999 2487 ex
1025 2443 1206 2487 defectu
1229 2441 1368 2486 etiam
1394 2446 1589 2500 quatuor
1623 2443 1938 2492 recensentur,
1959 2451 2064 2496 qua-

288 2542 391 2571 rum
427 2527 574 2585 prima
609 2526 754 2571 oritur
786 2541 843 2570 ex
879 2527 1061 2570 defectu
1092 2525 1295 2579 animae,
1321 2524 1519 2569 secunda
1553 2538 1610 2567 ex
1643 2523 1825 2568 defectu
1848 2520 2065 2578 corporis,

288 2611 422 2655 tertia
457 2625 514 2655 ex
550 2611 730 2655 defectu
754 2615 917 2664 status,
953 2614 1112 2668 quarta
1148 2623 1207 2653 ex
1243 2608 1423 2653 defectu
1458 2606 1673 2651 lenitatis.

408 2694 509 2738 824.
550 2697 685 2738 Porro
717 2708 775 2738 ex
810 2693 992 2737 defectu
1024 2692 1208 2737 animae
1253 2690 1565 2748 irregularitas
1607 2690 1775 2736 oritur:
1827 2690 1865 2746 1)
1901 2703 1958 2734 ex
1994 2688 2069 2732 de-

291 2779 414 2822 fectu
449 2790 558 2821 usus
582 2777 795 2834 rationis3
832 2778 873 2833 2)
901 2791 957 2821 ex
983 2776 1164 2820 defectu
1190 2774 1411 2820 scientiae
1435 2788 1515 2832 pro
1539 2773 1774 2818 ordinibus
1805 2771 2066 2832 requisitae;

290 2863 333 2916 5)
369 2876 429 2906 ex
463 2862 644 2906 defectu
679 2861 780 2915 fidei
805 2860 851 2905 in
878 2859 1158 2918 parentibus,
1189 2857 1447 2912 haereticis,
1474 2860 1624 2902 cessat
1654 2855 1691 2900 si
1726 2858 1938 2915 parentes
1960 2867 2068 2899 con-

294 2948 538 2989 vertantur
568 2944 626 2989 ad
659 2944 807 2988 tidem.
854 2942 949 2987 Filii
984 2956 1094 2987 vero
1133 2941 1496 2995 haereticorum,
1530 2939 1609 2998 qui
1644 2939 1690 2983 in
1725 2938 1899 2984 haeresi
1933 2937 2070 2996 persi-

292 3031 422 3072 stunt
457 3027 528 3072 vel
563 3026 730 3072 mortui
764 3031 888 3082 sunt,
923 3029 1032 3070 sunt
1063 3024 1337 3082 irregulares
1377 3022 1520 3067 etiam
1564 3021 1613 3066 in
1647 3019 1918 3075 Germania,
1951 3018 2070 3064 aliis-
