2176 3386
1796 0 1809 7 *
1851 0 1905 6 ·
1921 0 2036 22 *rt-w

236 136 286 175 12
908 147 1018 175 PARS
1047 147 1086 174 11.
1122 147 1180 174 DE
1210 146 1347 175 m-:Bus

233 254 422 311 dicium,
457 254 667 315 quinimo
699 254 974 315 quandoque
1007 254 1064 299 ob
1096 253 1330 311 graviores
1362 252 1653 298 difficultates
1684 253 1741 297 ad
1774 255 1815 298 S.
1854 253 2016 298 Sedem

233 342 332 384 tum
368 338 416 383 in
449 338 794 396 quaestionibus
825 337 880 382 de
913 337 1167 395 baptismo,
1203 349 1308 382 curn
1349 335 1395 380 in
1436 335 1600 396 quovis
1644 335 1732 381 alio
1764 336 2016 382 catholicae

234 420 470 465 doctrInae
502 421 707 466 themate
742 419 1073 465 recurrendum
1107 431 1205 463 esse
1238 420 1335 463 iura
1369 417 1466 476 ipsa
1497 417 1770 463 decernunt.
1812 417 2016 463 Tertium

234 503 493 562 quaesitum
518 503 573 548 de
595 503 822 562 baptismo
855 501 1108 546 infantium
1131 501 1281 546 cietur
1312 500 1434 545 domi
1467 500 1525 545 ab
1545 500 1866 546 obstetricibus
1898 500 2018 546 aliis-

235 600 323 645 que
356 587 593 631 collato....
629 586 711 631 Sed
744 585 891 644 quoad
915 585 1001 629 hoc
1027 584 1154 642 plura
1180 583 1319 628 verba
1343 597 1589 641 congerere
1621 596 2017 641 supervacaneum

236 670 355 714 foret
389 684 494 714 cum
519 684 543 714 a
578 673 766 714 Summo
800 667 1020 712 Pontifice
1053 666 1299 712 Benedicto
1333 669 1428 711 xlv
1463 666 1694 724 copiosam
1737 665 2020 725 solidamque

238 767 316 811 pro
350 767 476 798 more
510 752 851 796 institutionem
887 750 1183 809 regulamque
1234 748 1482 807 practicam
1529 750 1785 806 expositam
1819 748 2020 806 reperire

238 836 403 893 poterit
436 838 566 892 Amp.
605 839 698 879 'fua
743 834 797 878 de
847 835 957 892 Syn.
1010 833 1038 876 l.
1076 833 1123 889 7,
1171 846 1269 890 cap.
1316 833 1372 886 6,
1408 835 1454 875 et
1485 835 1596 876 Inst.
1631 830 1657 874 8
1690 844 1743 875 ac
1776 830 1847 874 84.
1885 830 2017 875 Tanti

239 919 444 964 Doctoris
476 917 805 963 instructiones
837 917 963 975 sequi
997 920 1177 974 oportet
1207 916 1262 960 ad
1298 915 1585 973 perimendas
1617 915 1799 958 obortas
1821 913 1938 968 lites,
1965 927 2019 958 ac

236 1003 290 1047 ad
324 1002 504 1061 praxim
537 1005 638 1045 tuto
671 999 919 1044 ineundam
955 998 1214 1057 aptissimas
1241 1017 1277 1042 n.

358 1086 458 1130 655.
499 1084 733 1130 Diversam
759 1096 839 1141 pro
863 1083 1089 1127 varietate
1113 1095 1302 1126 casuum
1339 1081 1501 1125 initam
1531 1078 1758 1124 rationem
1782 1091 1887 1122 cum
1916 1079 2020 1122 hae-

237 1168 390 1214 reticis
438 1167 674 1213 conversis
722 1166 946 1211 exhibent
993 1169 1238 1224 sequentes
1288 1166 1391 1223 Sup.
1444 1162 1614 1222 Inquis.
1672 1160 2016 1206 instructiones.

236 1252 387 1297 Prima
421 1252 492 1296 die
527 1252 583 1296 20
615 1250 716 1295 Iulii
754 1250 865 1294 1859
900 1249 1020 1294 edita
1054 1254 1138 1293 est.
1193 1268 1212 1288 a
1242 1253 1289 1293 In
1330 1246 1635 1292 conversione
1684 1244 2018 1290 haereticorum

238 1335 566 1395 inquirendum
602 1340 672 1380 est
705 1335 852 1392 primo
885 1334 939 1379 de
975 1333 1211 1378 validitate
1245 1331 1455 1390 baptismi
1504 1331 1550 1374 in
1595 1329 1769 1375 haeresi
1803 1327 2017 1386 suscepti.

237 1419 453 1465 Instituto
487 1419 625 1476 igitur
656 1417 862 1476 diligenti
897 1417 1131 1472 examine,
1167 1415 1201 1460 si
1237 1419 1522 1474 compertum
1559 1413 1698 1458 fuerit
1720 1416 1800 1457 aut
1822 1412 2019 1466 nullum,

237 1507 316 1547 aut
349 1502 536 1547 nulliter
584 1502 802 1547 collatum
853 1500 1015 1556 fuisse,
1051 1499 1311 1558 baptizandi
1344 1503 1481 1544 erunt
1523 1499 1757 1554 absolute3
1795 1498 1829 1541 si
1863 1500 2020 1541 autem

238 1584 595 1643 investigatione
639 1588 847 1642 peracta,
883 1584 1032 1628 adhuc
1066 1582 1294 1641 probabile
1336 1581 1526 1626 dubium
1570 1580 1624 1624 de
1659 1578 1874 1639 Baptismi
1911 1578 2020 1622 vali·

238 1669 380 1714 ditate
414 1669 627 1728 supersit,
664 1672 775 1714 tunc
809 1670 893 1713 sub
926 1666 1188 1713 conditione
1223 1665 1431 1710 iteratur.
1470 1668 1662 1709 Demum
1697 1664 1733 1708 si
1763 1662 2023 1708 constiterit

239 1753 444 1797 validum
479 1752 634 1807 fuisse,
672 1750 919 1809 recipiendi
953 1753 1090 1795 erunt
1122 1747 1446 1794 tantummodo
1478 1746 1534 1791 ad
1567 1745 1903 1790 abiurationem
1939 1757 2016 1788 seu

241 1835 569 1896 professionem
603 1834 722 1879 fidei.
775 1833 955 1892 Triplex
990 1832 1127 1891 igitur
1158 1831 1205 1876 in
1240 1829 1538 1876 conciliandis
1586 1827 1829 1873 haereticis
1861 1826 2018 1871 distin-

239 1918 393 1977 guitur
427 1917 701 1976 procedendi
738 1915 1004 1961 methodus:
1061 1916 1098 1970 1)
1137 1914 1178 1959 Si
1212 1913 1464 1971 baptismus
1496 1911 1701 1956 absolute
1734 1910 2015 1964 conferatur,

239 2001 362 2046 nulla
397 2000 604 2060 sequitur
636 1999 861 2045 abiuratio
895 2012 973 2043 seu
1007 1997 1247 2052 absolutio,
1284 2011 1337 2041 eo
1360 1996 1477 2055 quod
1513 1995 1667 2040 omnia
1701 1993 1843 2038 abluit
1869 2006 2018 2037 sacra·

241 2088 450 2129 mentum
487 2082 863 2141 regenerationis.
902 2083 943 2138 2)
982 2080 1023 2126 Si
1058 2079 1311 2139 baptismus
1349 2079 1408 2123 sit
1439 2077 1523 2122 sub
1555 2076 1817 2122 conditione
1851 2075 2020 2119 iteran-

240 2168 324 2212 dus
355 2169 441 2212 hoc
473 2166 632 2211 ordine
665 2165 1004 2224 procedendum
1038 2163 1148 2208 erit:
1186 2164 1231 2219 α)
1267 2160 1501 2206 Abiuratio
1534 2173 1611 2204 seu
1645 2157 1748 2203 fidei
1783 2156 2016 2216 professio.

240 2252 280 2309 b)
316 2250 572 2309 Baptismus
604 2248 961 2294 conditionatus.
1014 2248 1051 2303 c)
1090 2244 1322 2291 Confessio
1363 2242 1712 2288 sacramentalis
1752 2254 1857 2285 cum
1891 2239 2018 2284 abso-

241 2333 415 2379 lutione
447 2331 778 2377 conditionata.
830 2332 872 2387 5)
910 2329 1100 2383 Quando
1133 2329 1329 2387 denique
1363 2326 1566 2373 validum
1596 2324 1849 2369 iudicatum
1883 2322 2022 2367 fuerit

245 2416 496 2475 Baptisma,
532 2416 625 2460 sola
659 2414 878 2472 recipitur
922 2412 1148 2457 abiuratio
1187 2425 1266 2456 seu
1301 2410 1403 2455 fidei
1438 2407 1685 2469 professio,
1720 2421 1859 2467 quam
1892 2406 2019 2451 abso-

241 2500 354 2545 lutio
386 2515 410 2544 a
444 2498 651 2545 censuris
683 2499 890 2557 sequitur
915 2516 933 2536 v
962 2498 991 2540 ¹.

360 2653 371 2673 ¹
400 2654 562 2689 Praestat
590 2652 672 2689 heic
699 2652 831 2688 referre
858 2650 973 2688 dubia
1010 2649 1136 2695 aliqua
1174 2648 1364 2694 proposita
1393 2648 1472 2685 Sac.
1507 2647 1612 2683 Univ.
1639 2646 1719 2691 Inq.
1755 2644 1802 2680 ab
1834 2643 2021 2690 Episcopo

241 2726 449 2763 Savannen.
478 2724 515 2759 in
542 2724 630 2760 Stat.
657 2723 766 2760 Foed.
795 2722 987 2759 Americae
1027 2721 1125 2766 Sept.
1164 2720 1391 2765 Frequenter
1430 2718 1611 2763 contingit
1651 2721 1688 2754 ut
1726 2716 1798 2752 duo
1826 2713 2022 2751 acatholici

241 2799 336 2835 inter
361 2808 400 2834 sc
428 2796 678 2833 contraxerint
712 2794 990 2832 matrimonium
1016 2798 1052 2830 et
1080 2794 1269 2839 ignoretur
1302 2796 1425 2829 utrum
1451 2791 1529 2828 sive
1556 2794 1711 2835 uterque
1745 2790 1821 2826 sive
1847 2788 2021 2825 alteruter

242 2870 351 2908 fuerit
378 2870 595 2916 baptizatus.
622 2868 812 2905 Eiusmodi
840 2866 1086 2904 matrimoniis
1114 2866 1206 2901 inter
1246 2864 1339 2901 duos
1377 2863 1604 2900 acatholicos
1635 2866 1697 2899 aut
1723 2861 1803 2898 sine
1829 2861 2018 2907 dispensa-

242 2943 344 2979 tione
371 2942 466 2978 inter
490 2939 715 2977 catholicum
742 2948 857 2976 unum
883 2944 919 2975 et
945 2936 1192 2983 acatholicum
1219 2935 1375 2972 alterum
1394 2934 1506 2979 initis,
1527 2934 1565 2969 in
1582 2933 1686 2970 nulla
1711 2943 1757 2969 ex
1783 2931 2020 2969 dioecesibus

242 3013 380 3051 nostris
409 3012 530 3049 obstat
559 3011 866 3057 impedimentum
894 3007 1212 3047 clandestinitatis.
1251 3006 1448 3043 Contracto
1476 3005 1526 3041 ita
1551 3004 1788 3041 matrimonio
1815 3003 1914 3040 haud
1939 3012 2022 3039 raro
