2176 3386
206 147 285 186 312
849 159 958 189 PARS
988 160 1012 188 1.
1043 161 1100 189 DE
1128 160 1340 190 PERsoms

207 278 374 310 norum
406 265 441 310 si
475 279 579 310 cum
614 266 765 323 titulo,
791 268 862 312 vel
898 267 1256 326 praescriptione
1290 268 1611 315 immemoriali
1634 270 1670 316 si
1695 271 1819 317 nullo
1851 273 1984 319 titulo

209 345 503 404 praescriptio
546 346 788 392 innitatur.
827 351 996 393 Verum
1040 347 1111 392 ius
1152 347 1431 406 percipiendi
1465 349 1666 395 decimas
1707 352 1984 411 acquisitum

205 428 261 472 ad
300 428 483 473 novalia
520 443 612 474 non
655 430 938 486 extenditur,
975 445 1028 475 ac
1061 430 1131 474 ius
1164 429 1441 488 percipiendi
1474 431 1677 478 decimas
1709 434 1898 479 novales
1929 435 1982 479 ad

206 512 334 556 illum
375 513 568 557 fundum
602 514 657 557 de
689 528 779 573 quo
811 513 961 572 agitur
994 513 1297 571 restringitur.

326 596 426 659 57]
468 596 625 640 Laicus
659 611 769 642 vero
803 611 1039 656 nunquam
1074 597 1143 641 ius
1175 597 1433 642 decimandi
1474 600 1829 659 praescriptione
1871 601 1984 646 obti—

207 691 316 722 nere
351 682 499 735 potest
531 693 637 723 cum
673 678 779 723 illud
814 679 882 723 ius
916 680 1284 741 possidere-iuste
1308 695 1399 725 non
1431 681 1587 739 possit,
1615 697 1777 728 verum
1799 699 1858 728 ex
1881 699 1985 742 apo·

207 760 366 806 stolico
392 760 645 819 privilegio,
671 776 724 806 ac
752 761 953 820 Episcopi
989 767 1286 821 temporanea
1320 765 1614 810 concessione
1638 766 1706 811 ius
1728 767 1983 812 decimandi

207 843 348 890 laicus
380 845 617 904 acquirere
652 850 813 903 potest.
1830 849 1836 854 '

325 930 426 986 578.
457 930 654 984 Quinam
677 930 879 976 decimas
901 929 1079 986 solvere
1102 932 1380 981 teneantur?
1413 931 1454 975 Si
1477 932 1531 977 de
1554 932 1743 978 decimis
1774 948 1983 991 persona-

206 1012 322 1056 libus
344 1026 494 1056 sermo
518 1017 598 1066 est,
624 1012 898 1070 principium
931 1013 1142 1070 generale
1175 1018 1267 1057 est:
1304 1013 1402 1058 illos
1424 1015 1602 1059 solvere
1624 1020 1844 1061 tenentur
1868 1017 1987 1061 deci-

208 1108 306 1139 mas
337 1095 412 1153 qui
439 1094 506 1138 ius
530 1094 808 1153 percipiendi
832 1094 1081 1152 spiritualia
1116 1109 1140 1139 a
1165 1095 1366 1140 l’arocho
1390 1096 1575 1141 habent.
1613 1098 1730 1143 Hinc
1764 1098 1869 1148 illas,
1892 1113 1984 1147 non

208 1179 394 1232 solvunt
430 1178 633 1226 inlideles
656 1182 701 1223 et
725 1178 870 1225 iudaei
895 1178 972 1237 qui
996 1177 1125 1227 nulla
1153 1177 1514 1236 spirjmaliiahire
1529 1181 1784 1238 EQUUUQE·
1822 1187 1985 1241 Haere-

208 1264 286 1308 tici
320 1277 501 1308 summo
526 1263 623 1307 iure
648 1262 847 1307 decimas
880 1264 1058 1307 solvere
1083 1267 1353 1307 tenerentur
1374 1263 1477 1322 quia
1502 1278 1606 1308 cum
1643 1265 1735 1308 siut
1762 1265 1984 1311 Ecclesiae

206 1347 373 1392 subditi
424 1348 492 1391 ius
543 1347 712 1391 habent
746 1346 1023 1404 percipiendi
1063 1346 1341 1404 spiritualia.
1376 1361 1493 1406 quae
1525 1347 1561 1391 si
1598 1362 1688 1391 non
1736 1348 1987 1407 percipient

207 1432 289 1477 sibi
324 1432 551 1489 imputare
599 1430 799 1485 debent,
835 1434 883 1479 at
919 1430 1116 1474 Ecclesia
1150 1429 1185 1473 si
1220 1430 1274 1474 de
1301 1429 1394 1474 illis
1428 1430 1669 1476 haereticis
1718 1431 2002 1488 prae-sertim,

207 1522 369 1574 agatur
400 1515 477 1574 qui
511 1515 556 1558 in
592 1514 765 1558 haeresi
791 1514 886 1558 nati
912 1518 1036 1569 sunt,
1062 1513 1230 1573 quique
1261 1513 1305 1556 in
1342 1513 1458 1557 bona
1494 1512 1579 1557 lide
1613 1518 1983 1571 praesumuntur,

208 1600 304 1644 illos
328 1613 419 1643 non
444 1597 579 1654 cogit.
612 1596 829 1641 Similiter
851 1596 1008 1641 Clerici
1031 1600 1078 1640 et
1104 1595 1311 1654 Religiosi
1337 1596 1534 1654 parocho
1556 1596 1641 1641 loci
1666 1597 1866 1641 decimas
1890 1611 1985 1653 per-

208 1682 387 1726 sonales
420 1694 512 1724 non
546 1679 748 1724 solvunt.
789 1670 942 1723 Levita
977 1678 1101 1722 enim
1136 1678 1321 1723 Levitae
1355 1692 1447 1722 non
1481 1679 1680 1724 decimat
1701 1680 1730 1734 ¹,
1767 1679 1876 1724 item
1909 1680 1984 1739 qui

208 1764 446 1823 privilegio
469 1765 525 1807 ab
548 1763 631 1807 boc
655 1777 794 1806 onere
818 1762 1085 1817 liberantur,
1110 1761 1277 1820 quique
1302 1761 1657 1819 praescriptione
1680 1763 1737 1807 40
1758 1777 1985 1807 annorum

209 1850 466 1894 libertatem
501 1841 863 1907 acquisiverunt.
901 1848 1017 1890 Sane
1051 1846 1183 1890 hodie
1217 1846 1311 1890 fere
1344 1846 1511 1904 ubique
1535 1847 1763 1891 contraria
1795 1860 1984 1891 consue-

208 1934 366 1978 tudine
399 1932 604 1978 decimae
640 1931 898 1988 personales
930 1929 1125 1974 abolitae
1159 1934 1282 1973 sunt.

329 2017 429 2061 579.
467 2016 530 2060 Ad
564 2014 764 2059 decimas
788 2015 932 2058 reales
954 2013 1073 2072 quod
1099 2013 1312 2070 pertinet,
1338 2012 1543 2057 decimae
1578 2011 1719 2057 reales
1751 2011 1808 2056 ab
1840 2011 1985 2056 omni-

209 2101 291 2144 bus
323 2100 567 2144 solvuntur
599 2097 674 2156 qui
710 2098 890 2155 praedia
926 2097 1097 2141 habent
1129 2096 1319 2140 decimis
1351 2095 1566 2151 obnoxia,
1602 2094 1780 2139 etiamsi
1807 2095 1986 2153 praedia

210 2190 366 2244 postea
400 2183 454 2226 ad
490 2181 781 2240 Regularium
821 2182 890 2225 vcl
926 2180 1065 2225 etiam
1102 2180 1437 2224 haereticorum
1463 2179 1535 2223 vel
1570 2177 1820 2222 infidelium
1844 2177 1987 2222 domi-

211 2266 337 2310 nium
363 2270 601 2310 transeant
626 2265 697 2308 vel
723 2264 838 2307 bona
863 2262 1146 2307 beneficialia
1169 2261 1439 2306 efficiantur.
1477 2265 1542 2306 Ex
1565 2260 1730 2319 quibus
1755 2260 1987 2305 inducitur

210 2350 451 2395 evidenter
467 2348 586 2408 quod
606 2346 785 2392 etiamsi
805 2347 861 2390 ab
878 2346 1010 2390 initio
1030 2346 1098 2389 ius
1116 2345 1371 2389 decimandi
1392 2348 1510 2389 esset
1527 2343 1717 2388 omnino
1734 2343 1986 2402 personale,

209 2437 415 2488 attamen
442 2446 496 2476 ex
523 2430 599 2475 tali
627 2429 852 2475 Ecclesiae
875 2428 1170 2487 dispositione
1194 2413 1334 2472 in'ius
1352 2429 1470 2472 reale
1488 2439 1763 2472 conversum
1784 2430 1853 2470 est
1869 2420 1987 2484 quod

211 2517 352 2562 fundo
371 2515 609 2560 adhaeret:
638 2513 922 2572 fundumque
945 2513 1064 2570 apud
1083 2525 1419 2570 quemcumque
1439 2523 1740 2567 possessorem
1763 2508 1988 2568 persequi·

210 2604 300 2644 tur.
337 2599 464 2653 Quod
500 2599 672 2643 lactum
708 2600 777 2641 est
810 2610 866 2640 ne
900 2610 959 2640 ex
993 2595 1150 2639 fraude
1184 2594 1281 2638 iura
1325 2593 1549 2638 Ecclesiae
1583 2593 1982 2638 imminuerentur.

211 2683 410 2729 Clericus
447 2686 602 2726 autem
645 2680 701 2724 de
744 2679 875 2723 bonis
912 2683 1005 2722 suis
1043 2677 1439 2736 patrimonialibus
1470 2675 1670 2721 decimas
1702 2675 1855 2730 solvit,
1904 2688 1989 2719 nec

212 2781 304 2812 non
338 2766 392 2810 de
426 2764 556 2809 bonis
589 2762 928 2808 beneficialibus
949 2775 1065 2820 quae
1089 2760 1217 2805 oneri
1240 2759 1498 2805 decimandi
1521 2759 1722 2804 subIecta
1755 2762 1888 2803 erant
1910 2771 1989 2801 au-

211 2843 397 2897 tequam
431 2834 640 2880 beneficii
676 2835 791 2879 bona
827 2832 1209 2878 constituerent2.
1246 2832 1444 2878 Clericus
1465 2844 1596 2876 secus
1617 2831 1817 2875 decimas
1839 2830 1894 2883 de
1915 2829 1988 2874 be-

331 2954 341 2973 ¹
370 2953 456 2999 Cap.
483 2952 517 2996 2,
542 2951 577 2986 h.
604 2955 627 2986 t.

332 3024 345 3043 ⁵
372 3024 459 3070 Cap.
489 3022 546 3068 55,
574 3022 608 3058 h.
637 3027 660 3058 t.
