2176 3386
827 200 958 230 LIBER
985 201 1010 230 1.
1045 201 1103 229 DE
1131 199 1323 229 emmas
1886 190 1966 230 387

595 356 612 403 5
638 356 671 393 3.
699 378 740 381 —
769 357 829 393 De
863 356 1040 404 Capituli
1066 355 1220 392 iuribus
1246 367 1295 392 ac
1320 329 1552 392 honoribus:

302 474 403 519 491.
441 473 598 528 Quoad
622 472 719 518 iura
743 476 789 516 et
810 473 1008 517 honores
1031 471 1287 516 notandum
1310 474 1381 516 est
1399 470 1788 530 praeeminentias
1804 487 1966 519 omnes

182 572 299 619 quae
331 561 602 616 competunt
632 556 838 615 Capitulo
871 570 947 601 eas
979 569 1077 601 esse
1111 555 1184 600 vel
1216 570 1272 600 ex
1304 558 1409 600 iure
1440 558 1625 614 scripto,
1661 557 1735 601 vel
1767 572 1823 602 ex
1860 573 1965 603 con-

181 643 440 697 suetudine,
477 640 550 686 vel
583 655 639 685 ex
659 640 922 698 privileyz‘o.
948 639 1077 694 Quod
1100 639 1269 684 attinet
1291 639 1348 684 ad
1371 640 1441 684 ius
1464 640 1704 698 scriptum,
1726 641 1837 685 satis
1858 655 1966 686 con-

182 731 274 774 stat
305 742 362 772 ex
395 725 714 779 decretalibus,
750 738 807 768 ex
841 721 1043 769 Concilio
1086 722 1226 778 Trid.,
1262 736 1320 767 ex
1354 722 1684 768 Caeremoniali
1726 723 1966 782 Episcopo·

183 825 284 856 rum
317 822 546 870 quaenam
586 807 932 867 praerogativae
954 812 1091 867 atque
1124 806 1503 852 honorificentiae
1536 811 1803 865 competant
1836 809 1962 867 Capi-

181 897 277 941 tulo
310 892 583 947 Catliedrali,
618 892 738 952 quod
771 906 876 937 cum
909 891 968 936 sit
999 896 1186 936 senalus
1221 890 1448 937 Ecclesiae
1480 891 1537 936 ab
1569 893 1697 937 omni
1736 895 1966 939 contradi-

181 978 507 1037 stinguendum
540 980 609 1022 est
643 976 771 1020 iuxta
807 977 1003 1020 formam
1038 990 1061 1020 a
1095 975 1236 1020 sacris
1270 975 1432 1020 ritibus
1460 976 1804 1034 praescriptam.
1845 978 1963 1024 Hinc

182 1067 359 1109 certum
394 1061 583 1107 omnino
615 1065 685 1104 est
715 1059 835 1119 quod
866 1060 1049 1119 quando
1082 1059 1340 1117 Capitulum
1374 1059 1649 1104 cathedralis
1686 1061 1962 1120 collegiatim

181 1160 260 1192 seu
293 1144 607 1204 capitulariter
640 1143 911 1199 intervenit,
948 1143 1190 1202 praecedat
1211 1143 1471 1201 Capitulum
1505 1144 1771 1202 collegiatae
1803 1160 1856 1191 ac
1886 1151 1964 1191 Pa-

182 1230 372 1274 rochum
418 1232 463 1272 et
495 1240 833 1287 quemcumque
878 1226 1018 1270 alium
1063 1226 1322 1270 Praelatum
1362 1231 1408 1270 et
1449 1230 1715 1283 Rectorem,
1750 1229 1965 1287 quamvis

181 1312 493 1372 qualilicatum
528 1310 574 1355 in
611 1310 786 1369 propria
827 1309 1041 1355 Ecclesia.
1083 1310 1249 1367 Excipe
1287 1309 1514 1355 Vicarium
1552 1312 1822 1356 Generalem
1865 1313 1963 1371 Epi—

181 1395 321 1453 scopi,
346 1395 422 1455 qui
447 1396 583 1439 habet
608 1394 976 1453 praecedentiam
1000 1407 1136 1452 super
1158 1393 1416 1451 Capitulum
1443 1395 1474 1449 ¹,
1506 1396 1720 1453 quamvis
1754 1397 1963 1442 nonnulli

181 1481 299 1540 apud
336 1480 546 1525 Menoch.
582 1493 704 1524 cons.
743 1479 797 1523 52
831 1478 1117 1522 contrarium
1162 1481 1367 1522 teneant.
1404 1482 1618 1523 Ceterum
1653 1479 1699 1523 in
1742 1480 1849 1524 facti
1884 1480 1960 1525 ali-

181 1563 310 1608 cuius
342 1562 676 1620 contingentia,
714 1561 1050 1619 inspiciendum
1088 1564 1157 1604 est
1189 1560 1260 1605 ius
1291 1560 1514 1619 scriptum
1549 1575 1783 1607 sacrorum
1820 1565 1962 1609 Cano-

181 1662 293 1692 num
327 1661 379 1692 ac
414 1646 681 1704 praesertim
716 1644 968 1690 Tridentini
1002 1649 1048 1689 et
1080 1644 1447 1690 Caeremonialis.
1482 1645 1639 1699 Quoad
1670 1647 1962 1692 consuetudi-

181 1746 288 1776 nem
305 1731 546 1788 diligenter
568 1730 907 1776 observandum
933 1733 1001 1773 est
1033 1743 1092 1773 an
1129 1742 1235 1773 vere
1269 1743 1320 1773 ea
1355 1728 1489 1782 adsit,
1526 1734 1576 1773 ut
1608 1729 1813 1788 Capitulo
1849 1732 1960 1776 llaec

180 1814 253 1858 illa
277 1812 655 1858 honorificentiae
679 1812 851 1871 species
873 1812 1171 1857 exhibeatur:
1196 1826 1255 1856 an
1280 1826 1332 1856 ea
1356 1812 1495 1857 fuerit
1519 1812 1718 1871 legitime
1744 1815 1963 1873 praescri-

180 1901 281 1956 pta:
308 1897 417 1941 item
451 1911 510 1942 an
544 1911 595 1941 ea
619 1896 899 1941 extendatur
921 1896 975 1940 de
998 1909 1106 1940 casu
1139 1896 1196 1940 ad
1219 1910 1376 1941 casum
1396 1931 1403 1951 ‚
1439 1897 1493 1941 de
1518 1897 1616 1942 loco
1639 1898 1694 1942 ad
1718 1899 1887 1954 locum,
1908 1901 1962 1945 de

181 1995 372 2040 persona
406 1981 462 2026 ad
498 1993 757 2038 personam,
785 1994 892 2024 nam
928 1980 1210 2025 consuetudo
1234 1985 1302 2025 est
1328 1979 1515 2025 strictae
1549 1981 1957 2040 interpretationis.

178 2066 335 2120 Quoad
379 2065 633 2124 privilegia,
670 2065 821 2123 plures
866 2065 1030 2108 horum
1076 2064 1120 2108 vi
1163 2064 1389 2123 aliquibus
1431 2065 1648 2124 Capitulis
1690 2071 1963 2126 competunt

182 2149 589 2208 praeeminentiae.
629 2154 677 2194 ln
712 2149 781 2193 his
804 2153 959 2193 autem
988 2148 1454 2193 animadvertendum
1488 2153 1573 2205 est,
1609 2164 1668 2195 an
1701 2164 1754 2194 ea
1788 2150 1963 2195 suerint

179 2233 412 2292 deperdita
448 2235 519 2278 vel
555 2248 635 2292 per
668 2247 760 2278 non
795 2247 946 2288 usum,
972 2234 1046 2278 vel
1080 2247 1160 2291 per
1183 2232 1469 2278 contrarium
1496 2247 1648 2289 usum,
1687 2235 1759 2279 vel
1794 2248 1871 2291 per
1896 2249 1961 2279 re-

181 2316 471 2362 vocationem
508 2317 675 2361 factam
711 2331 734 2361 a
769 2315 974 2375 legitimo
999 2316 1255 2375 superiore,
1292 2317 1365 2361 vel
1399 2331 1479 2376 per
1511 2316 1790 2361 sententiam
1823 2317 1959 2375 parti-

178 2399 380 2444 cularem
428 2403 611 2458 propter
663 2400 871 2445 abusum.
920 2403 1133 2445 Ceterum
1165 2400 1201 2444 si
1244 2414 1295 2444 ea
1339 2400 1615 2455 subsistant,
1659 2401 1961 2445 meminerint

178 2482 412 2537 Canonici,
450 2483 737 2541 privilegium
777 2483 1000 2541 derogans
1034 2482 1119 2527 iuri
1159 2483 1364 2538 alterius,
1405 2498 1479 2528 ex.
1511 2498 1576 2541 gr.
1603 2482 1865 2542 episcopali,
1893 2497 1959 2527 re-

178 2566 495 2624 stringendum
540 2580 638 2612 esse
670 2571 896 2626 quantum
930 2566 1103 2625 patitur
1140 2566 1392 2625 proprietas
1427 2569 1701 2622 verborum,
1726 2567 1832 2625 quia
1866 2580 1956 2610 non

181 2650 488 2709 praesumitur
521 2651 732 2696 Pontifex
768 2651 884 2696 velle
917 2651 1024 2696 huic
1065 2650 1150 2695 iuri
1191 2651 1428 2709 derogare,
1465 2651 1550 2695 nisi
1586 2651 1628 2695 id
1663 2652 1956 2709 expresserit.

180 2732 479 2777 Meminerint
511 2733 651 2778 etiam
687 2732 978 2791 privilegium
1002 2732 1082 2777 uni
1106 2746 1394 2788 concessum,
1431 2747 1522 2777 non
1558 2731 1745 2777 extendi
1768 2732 1824 2777 ad
1846 2731 1960 2778 alios

180 2815 238 2860 ob
268 2815 618 2862 similitudinem
655 2817 728 2861 vel
761 2816 900 2861 etiam
937 2815 1159 2861 maiorem
1196 2815 1440 2860 rationem.

299 2985 308 3003 ¹
336 2985 520 3028 BAnnosA,
548 2986 684 3022 summ.
715 2984 877 3031 Apostol.
906 2985 1033 3028 Deoia,
1061 2994 1094 3020 v.
1127 2984 1293 3022 Vicarius
1321 2984 1516 3020 Generalis.
