2176 3386
840 207 970 235 Lmen
998 207 1023 235 1.
1042 194 1046 197 ’
1058 206 1115 235 DE
1143 205 1337 235 CLEmcis
1931 194 1979 233 11

201 315 346 359 multo
382 312 526 372 magis
556 327 581 358 a
605 316 656 357 R.
686 312 904 358 Pontifice
939 312 1135 371 pendere
1167 312 1336 356 debent
1368 311 1415 355 in
1449 325 1502 357 ea
1526 311 1608 356 sibi
1641 311 1852 370 primitus
1879 311 1981 355 vin-

198 397 408 443 dicando.
453 397 582 451 Quod
604 397 639 441 si
663 399 780 451 iure,
808 396 970 441 saltem
1006 398 1190 440 racione
1218 397 1432 453 oriyinis,
1459 384 1668 453 delegjato
1700 408 1862 440 omnes
1894 394 1981 439 ele·

198 484 350 524 ctores
382 479 651 537 procedunt,
689 478 753 522 nil
787 478 955 522 mirum
980 477 1015 522 si
1041 477 1168 522 varia
1202 477 1288 522 fuit
1324 477 1552 522 Ecclesiae
1584 476 1839 535 disciplina,
1865 481 1911 521 et
1943 476 1979 521 si

202 566 254 607 R.
294 561 538 607 Pontifices
569 561 812 621 aliquando
845 561 929 606 sibi
963 559 1199 606 electionis
1231 560 1300 605 ius
1334 565 1707 605 reservaverunt.

319 646 390 690 22.
430 646 487 689 At
509 644 546 689 si
572 644 680 689 facti
714 644 1032 704 quaestionem
1066 643 1427 698 consideremus,
1453 646 1633 701 oportet
1661 646 1712 686 ut
1737 641 1859 686 inter
1886 642 1982 700 Epi·

198 740 441 785 scoporum
466 727 752 786 aliorumque
776 728 1086 786 praelatorum
1109 727 1384 771 electionem
1409 724 1761 782 distinguamus.
1802 724 1982 769 Etenim

197 811 347 871 quoad
386 811 628 870 Episcopos
660 826 752 856 non
787 826 879 856 una
923 811 1009 856 fuit
1054 811 1382 870 Episcoporum
1426 808 1742 867 eligendorum
1785 807 1902 852 ratio
1936 808 1983 852 in

203 894 400 938 Ecclesia
435 894 470 938 si
507 893 746 939 historiam
785 894 1151 939 Ecclesiasticam
1185 894 1495 939 consulamus.

321 977 502 1022 Etenim
536 991 678 1037 usque
711 978 765 1022 ad
799 977 1032 1022 saeculum
1067 978 1282 1036 quintum
1318 978 1372 1022 ad
1410 978 1651 1038 Episcopos
1674 977 1906 1035 eligendos
1938 982 1982 1020 et

199 1061 348 1104 clerus
371 1065 416 1104 et
439 1061 630 1118 populus
655 1062 666 1082 ¹
704 1065 896 1105 vocatus
928 1065 1013 1115 est,
1040 1060 1101 1103 ita
1137 1066 1293 1105 tamen
1330 1065 1378 1104 ut
1402 1061 1458 1105 ad
1482 1061 1672 1105 clericos
1696 1074 1859 1104 verum
1892 1060 1983 1104 suf-

201 1144 397 1203 fragium
434 1145 701 1203 pertineret,
737 1145 792 1189 ad
826 1146 1043 1204 populum
1081 1158 1190 1188 vero
1215 1144 1534 1189 testimonium
1572 1144 1757 1188 reddere
1791 1143 1827 1187 si
1862 1143 1982 1202 qnod

201 1228 582 1287 impedimentum
620 1230 692 1273 vel
727 1228 914 1286 legibus,
952 1228 1023 1272 vel
1059 1227 1261 1272 moribus
1294 1227 1488 1284 elig‹·n‹ti
1523 1227 1741 1271 obstaret.

322 1314 486 1359 Divisis
518 1313 801 1358 dioecesibus
823 1314 944 1357 clero
970 1312 1039 1356 ius
1072 1312 1310 1356 electionis
1345 1316 1629 1356 reservatum
1664 1315 1734 1354 est
1765 1309 1819 1354 de
1854 1309 1984 1353 cuius

206 1402 422 1459 Episcopo
455 1399 663 1457 eligendo
698 1397 931 1456 negotium
967 1403 1079 1442 erat.

321 1484 391 1528 25.
434 1486 589 1542 Neque
622 1482 807 1526 videtur
839 1481 1085 1526 dicendum
1119 1493 1225 1524 cum
1259 1480 1430 1524 clariss.
1482 1477 1679 1523 Aicbner
1720 1477 1841 1537 quod
1885 1481 1985 1535 post

205 1567 456 1612 Nicaenum
492 1564 737 1610 concilium
773 1563 970 1623 primum
998 1562 1043 1606 vi
1073 1562 1312 1607 cuiusdam
1337 1562 1529 1606 canonis
1552 1561 1755 1605 eiusdem
1780 1559 1980 1612 concilii,

203 1649 280 1705 qui
316 1650 513 1694 refertur
543 1648 576 1703 ²,
614 1646 803 1705 populus
842 1646 1039 1691 reiectus
1083 1645 1243 1689 fuisset
1282 1645 1338 1689 ab
1371 1644 1596 1689 electione
1643 1643 1980 1701 Episcoporum.

203 1734 245 1778 Si
278 1733 461 1793 quidem
496 1732 561 1776 ait
597 1730 794 1786 Berardi,
835 1732 872 1785 1)
910 1728 1098 1774 historia
1132 1733 1313 1773 constat
1350 1728 1469 1785 quod
1504 1732 1550 1772 et
1584 1731 1684 1785 post
1728 1725 1983 1770 Nicaenum

201 1816 454 1863 Concilium
492 1816 683 1874 populus
715 1813 940 1859 admissus
973 1812 1077 1867 fuit,
1114 1814 1155 1868 2)
1178 1816 1224 1856 et
1248 1812 1435 1869 insuper
1461 1824 1611 1855 canon
1639 1812 1867 1855 Nicaenus
1891 1823 1983 1854 non

200 1900 254 1944 de
288 1897 532 1953 electione,
569 1896 645 1941 sed
674 1896 727 1940 de
752 1895 1100 1941 consecratione
1138 1895 1461 1952 Episcoporum
1496 1894 1605 1950 agit,
1643 1907 1747 1938 cum
1784 1905 1984 1950 praeser-

202 1983 283 2026 tim
319 1986 480 2025 contra
518 1979 754 2025 Meletium
791 1980 908 2023 latus
931 1978 1005 2034 sit,
1030 1978 1110 2046 qui
1142 1992 1222 2036 pro
1255 1976 1444 2021 arbitrio
1478 1981 1525 2020 et
1557 1975 1850 2021 schismatice
1888 1974 1983 2033 Epi-

201 2077 361 2123 scopos
394 2062 706 2108 consecrabat.

320 2149 390 2192 24.
429 2148 618 2192 Saeculo
652 2146 715 2191 50.
755 2160 915 2190 revera
950 2145 1141 2204 populus
1172 2145 1229 2188 ab
1267 2144 1495 2203 Episcopis
1529 2143 1749 2201 eligendis
1788 2143 1985 2188 reiectus

200 2236 285 2286 est,
321 2235 368 2275 at
404 2230 503 2274 vice
538 2229 690 2288 populi
724 2228 1042 2273 honoratiores
1074 2241 1126 2272 ac
1160 2228 1310 2286 populi
1348 2241 1558 2286 proceres
1590 2226 1775 2271 admissi
1803 2231 1913 2271 sunt
1934 2229 1981 2270 et

203 2314 472 2373 praesertim
509 2317 649 2371 Reges
686 2311 814 2356 iuxta
848 2311 968 2370 quod
1001 2310 1092 2355 iam
1127 2311 1383 2355 canonibus
1417 2310 1684 2355 Laodicenis
1709 2310 1721 2331 2
1756 2314 1982 2354 statutum

204 2398 366 2442 tuerat.
409 2401 468 2441 De
509 2410 598 2455 quo
641 2396 734 2454 ipse
778 2394 1058 2441 Iustinianus
1098 2394 1313 2439 testificat
1361 2395 1406 2438 in
1457 2394 1632 2439 Novelt.
1674 2395 1756 2439 ¹125
1802 2408 1899 2452 cap.
1942 2395 1980 2438 l.

203 2481 331 2536 Quod
366 2486 520 2525 tamen
557 2480 600 2523 in
635 2480 828 2524 abusum
865 2478 1040 2535 recidit,
1078 2478 1347 2537 praesertim
1379 2478 1452 2522 ubi
1483 2482 1623 2535 Reges
1660 2477 1888 2535 Episcopis
1920 2477 1981 2521 ci·

205 2564 308 2610 vilis
343 2564 579 2622 potestatis
611 2563 938 2608 investituram
972 2562 1302 2607 concedebant.
1350 2561 1655 2606 investiturae
1689 2560 1814 2605 enim
1854 2573 1983 2605 occa-

204 2647 331 2692 sione
367 2651 507 2703 Reges
540 2660 637 2692 sese
672 2646 931 2691 immiscere
965 2650 1217 2703 coeperunt
1249 2644 1295 2689 in
1330 2645 1491 2689 eadem
1529 2644 1850 2702 Episcoporum
1897 2643 1983 2687 ele-

203 2731 356 2776 ctione
390 2731 422 2774 ἢ.

326 2861 332 2879 “
362 2861 450 2898 Can.
475 2861 521 2897 26
546 2866 581 2897 et
607 2861 663 2903 28,
691 2870 790 2898 caus.
820 2860 873 2903 16,
900 2866 1040 2907 quaest.
1070 2860 1098 2895 t.

325 2932 336 2950 ²
363 2932 448 2969 Can.
477 2933 508 2975 1,
535 2933 618 2970 dist.
645 2933 703 2969 64.

324 3003 337 3023 ³
363 3004 450 3040 Can.
476 3004 509 3049 6,
534 3004 617 3041 dist.
643 3005 700 3041 65.

325 3075 338 3095 '⁸
363 3075 413 3112 Cf.
440 3076 654 3113 ZALLINGRR
680 3077 702 3113 l.
730 3077 761 3119 t,
788 3081 811 3113 t.
836 3077 869 3120 5,
895 3082 909 3118 ξ
935 3077 1004 3113 224
1031 3081 1066 3114 et
1092 3087 1171 3123 sqq.
