2176 3386
533 239 663 268 LIBER
691 239 715 267 1.
746 239 803 267 DE
834 237 972 267 REBUS
1002 238 1236 266 ECCLESIAE
1264 237 1591 267 SPIRITUALIBUS
1905 227 1957 267 45

176 345 418 391 Missarum
465 344 727 404 suscipere,
762 344 1012 389 dummodo
1060 344 1180 389 infra
1230 343 1464 389 modicum
1511 347 1696 403 tempus
1720 345 1734 368 ¹
1768 346 1958 390 valeant

171 429 387 475 omnibus
418 428 699 474 satisfacere.
736 454 796 462 —
831 429 897 474 ll.
936 427 1146 472 Dubium.
1182 427 1298 481 Quid
1331 428 1367 472 si
1402 427 1600 473 offerens
1635 428 1957 487 eleemosynas

171 512 329 558 audito
374 512 705 571 impedimento
746 510 1010 568 consentit,
1047 515 1097 576 ut
1129 511 1343 556 sacerdos
1379 511 1563 556 Missam
1598 511 1813 567 celebret,
1849 526 1954 557 cum

174 597 371 655 primum
408 595 603 653 poterit?
639 599 768 653 Resp.
795 598 947 640 Posse.
983 621 1040 627 —
1078 595 1146 639 12.
1186 594 1399 638 Dubium.
1438 598 1506 638 An
1529 608 1674 652 poena
1701 594 1952 651 interdicti,

169 684 219 724 et
249 679 364 724 aliae
412 678 645 737 appositae
679 679 725 723 in
759 679 918 723 eodem
956 681 1180 733 Decreto,
1215 677 1423 722 afficiant
1465 682 1559 722 tam
1593 690 1698 732 eos,
1727 678 1803 736 qui
1838 677 1952 722 acci-

173 763 306 821 piunt
336 763 656 820 eleemosynas
688 766 847 806 contra
883 762 1078 807 formam
1115 761 1174 805 ibi
1210 761 1556 819 praescriptam,
1591 775 1731 820 quam
1766 776 1843 807 eos
1876 762 1953 821 qui

170 860 264 891 non
298 847 515 890 auferunt
548 846 605 890 ab
637 845 840 890 ecclesiis
878 845 1087 904 capsulas
1127 859 1205 903 pro
1251 844 1435 890 Missis?
1485 849 1615 904 Resp.
1653 850 1743 891 Has
1787 860 1956 904 poenas

173 945 264 975 non
301 931 466 975 habere
499 931 678 985 locum,
716 929 802 974 nisi
847 930 893 974 in
929 927 1209 987 suscepturis
1255 943 1395 973 onera
1446 929 1689 974 Missarum
1736 935 1954 989 perpetua

169 1014 270 1059 sine
304 1013 487 1058 licentia
526 1013 730 1072 Episcopi
765 1013 838 1058 vel
872 1014 970 1057 eius
1003 1012 1238 1058 Generalis
1271 1013 1457 1069 Vicarii,
1493 1017 1574 1058 aut
1606 1014 1842 1059 Generalis
1883 1015 1954 1059 vel

172 1096 485 1141 provincialis.
523 1123 579 1128 —
616 1097 680 1140 15.
722 1096 933 1141 Dubium.
972 1098 1039 1140 An
1074 1096 1118 1140 in
1155 1097 1241 1141 hoc
1277 1100 1465 1142 Decreto
1503 1097 1956 1155 comprehendantur

173 1178 272 1223 illae
306 1179 546 1237 capsulae,
581 1192 699 1238 quae
731 1178 897 1237 apponi
931 1180 1081 1224 solent
1114 1179 1159 1224 in
1195 1179 1400 1225 ecclesiis
1434 1180 1479 1224 in
1514 1179 1587 1224 die
1619 1194 1954 1226 commemora-

167 1262 309 1308 tionis
341 1264 548 1308 omnium
584 1267 890 1318 Sanctorum,
927 1269 973 1308 et
1007 1265 1143 1322 vulgo
1177 1264 1395 1308 dicuntur
1431 1284 1449 1304 α
1476 1268 1609 1309 Casse
1652 1265 1720 1309 de'
1748 1265 1882 1310 Morti
1912 1285 1949 1310 η.

173 1350 300 1403 Resp.
339 1346 688 1404 Comprehendi.
725 1373 785 1379 —
822 1348 887 1391 14.
929 1347 1139 1391 Dubium.
1178 1350 1246 1392 An
1281 1348 1327 1392 in
1361 1347 1566 1392 ecclesiis
1600 1363 1792 1406 magnae
1816 1350 1954 1394 devo-

171 1427 308 1473 tionis
330 1433 375 1473 et
407 1442 659 1474 concursus
692 1429 865 1488 possint
898 1430 1042 1488 accipi
1076 1431 1400 1488 eleemosynae
1438 1445 1515 1489 pro
1553 1431 1715 1487 Missis,
1743 1431 1850 1476 licet
1882 1446 1954 1477 ce·

168 1511 333 1555 lebrari
370 1517 604 1571 nequeant
627 1513 711 1557 nisi
748 1519 846 1571 post
879 1515 1065 1571 longum
1100 1518 1298 1571 tenipus,
1326 1528 1382 1558 nc
1405 1513 1608 1570 devotio,
1634 1515 1784 1559 cultus
1816 1520 1953 1574 atque

166 1609 420 1640 concursus
453 1595 653 1641 fidelium
690 1597 992 1643 minuantur?
1028 1603 1157 1658 Rcsp.
1196 1602 1298 1643 Non
1333 1613 1478 1658 posse,
1515 1600 1601 1644 nisi
1635 1600 1690 1645 de
1724 1614 1951 1645 consensu

165 1693 346 1734 conum,
381 1680 456 1738 qui
492 1681 811 1740 eleemosynas
845 1682 1049 1727 tradunt.
1084 1709 1143 1716 —
1181 1683 1247 1727 15.
1298 1683 1510 1727 Dubium.
1554 1683 1594 1728 Si
1630 1684 1673 1727 iu
1712 1683 1834 1729 h1sce
1874 1689 1952 1729 De-

169 1763 337 1818 cretis,
372 1777 623 1823 eorumque
674 1765 1057 1823 prohibitionibus
1104 1766 1557 1825 comprehendantur
1604 1766 1769 1824 privati
1805 1781 1953 1812 sacer-

163 1845 323 1890 dotes?
359 1850 486 1904 Resp.
514 1848 864 1905 Comprehendi.
890 1874 951 1881 —
978 1850 1044 1894 16.
1077 1849 1288 1893 Dubium.
1327 1852 1394 1893 An
1419 1850 1493 1894 ubi
1521 1849 1741 1908 praefixio
1770 1851 1951 1895 numeri

172 1928 497 1986 Religiosorum
534 1929 579 1973 in
613 1930 815 1989 quolibet
851 1931 1129 1977 Monasterio
1163 1933 1284 1976 facta
1320 1931 1410 1976 iam
1444 1932 1564 1988 fuit,
1604 1933 1758 1990 vigore
1792 1933 1953 1978 similis

172 2013 347 2056 Deci-eti
383 2018 570 2059 sanctae
605 2015 856 2059 memoriae
891 2015 1014 2060 Pauli
1042 2018 1094 2070 V,
1120 2015 1290 2074 absque
1313 2016 1659 2073 computatione
1689 2016 1951 2061 reddituum

160 2095 386 2155 cuiusque
423 2096 655 2155 Religiosi‚
690 2097 748 2142 sit
781 2100 931 2143 denuo
967 2098 1174 2143 facienda
1212 2112 1295 2142 nec
1329 2099 1417 2143 ne‘?
1453 2102 1583 2156 Resp.
1640 2102 1743 2143 Esse
1782 2098 1951 2143 iteruin

164 2179 440 2224 faciendam.
477 2204 536 2211 —
571 2181 638 2224 17.
679 2180 889 2225 Dubium.
932 2183 999 2225 An
1037 2180 1207 2226 Novitii
1243 2180 1298 2225 ad
1332 2180 1542 2225 habitum
1587 2181 1843 2237 regularem
1876 2181 1952 2224 ad-

164 2261 291 2306 missi
325 2263 500 2320 possint
532 2264 586 2308 ad
620 2264 948 2322 professionem
981 2264 1163 2310 admitti
1199 2264 1245 2308 in
1269 2263 1579 2319 Monasteriis,
1606 2263 1651 2308 in
1685 2263 1851 2323 quibus
1874 2263 1951 2307 ha-

166 2345 277 2402 bita,
312 2351 363 2391 ut
395 2360 546 2406 supra,
579 2349 858 2407 praefixione
892 2349 1091 2404 numeri,
1125 2349 1365 2394 commode
1399 2347 1649 2393 sustentari
1684 2349 1952 2406 nequeunt?

169 2431 298 2486 Resp.
337 2442 434 2474 esse
467 2430 793 2486 admittendos,
829 2431 864 2475 si
898 2431 1071 2476 habiles
1103 2432 1323 2486 existant,
1359 2446 1412 2475 ac
1445 2430 1608 2475 deinde
1642 2430 1687 2473 in
1721 2429 1810 2474 alio
1854 2434 1949 2475 Mo-

166 2514 368 2557 nasterio
401 2526 498 2557 esse
531 2514 837 2571 collocandos,
865 2514 940 2559 ubi
964 2516 1206 2560 commode
1230 2514 1288 2560 ali
1313 2514 1500 2572 possint.
1537 2540 1595 2545 —
1633 2514 1700 2558 18.
1732 2513 1946 2558 Dubium.

169 2595 234 2637 An
268 2607 348 2639 eae
383 2594 655 2653 Religiones,
691 2610 807 2655 quae
844 2597 1087 2642 Missarum
1120 2611 1261 2642 onera
1295 2598 1526 2654 suscipere
1569 2610 1661 2640 non
1696 2609 1949 2641 consueve-

166 2681 305 2735 runt,
341 2682 391 2722 ut
422 2684 531 2724 sunt
581 2679 835 2738 Religiones
873 2681 1236 2740 Capuccinorum
1271 2686 1317 2726 et
1349 2684 1390 2726 S.
1420 2686 1473 2737 l.,
1510 2681 1696 2726 valeant
1728 2680 1950 2726 coenobia

157 2775 217 2806 >ac
249 2761 412 2807 domus
444 2763 635 2821 erigere,
672 2763 717 2808 in
750 2764 915 2823 quibus
959 2764 1200 2810 duodecim
1243 2764 1453 2822 Religiosi
1496 2764 1738 2810 commode
1776 2764 1835 2809 ali
1870 2778 1949 2809 ne-

282 2893 292 2913 ¹
321 2895 387 2932 Die
416 2894 458 2932 17
485 2895 552 2933 Iul.
581 2895 684 2939 1655,
712 2897 810 2935 Sacr.
837 2898 970 2944 Congr.
997 2897 1108 2935 Conc.
1143 2899 1326 2935 modicum
1365 2902 1505 2945 tempus
1544 2899 1826 2945 intelligendum
1866 2908 1948 2936 esse

162 2965 314 3002 resolvit
338 2966 441 3012 infra
477 2976 664 3010 mensem,
697 2968 727 3003 si
757 2972 888 3014 agatur
929 2969 973 3005 de
1011 2969 1232 3006 sanctuariis
1266 2979 1361 3015 quae
1402 2974 1604 3016 gravantur
1637 2969 1721 3007 aliis
1748 2971 1946 3008 missarum

165 3037 352 3074 oneribus.
388 3038 468 3074 Duo
496 3049 581 3075 vero
608 3050 746 3076 menses
765 3040 866 3077 iuxta
892 3040 927 3077 S.
946 3040 1058 3087 Alph.
1078 3040 1245 3088 aliosque
1262 3042 1387 3079 Theol.
1415 3043 1646 3089 intelligendi
1673 3049 1770 3087 sunt,
1798 3043 1947 3091 quando

157 3107 286 3152 agitur
311 3107 356 3144 de
382 3108 540 3154 singulis
566 3109 823 3147 sacerdotibus
844 3111 981 3157 quibus
1007 3111 1250 3150 demandatur
1275 3113 1487 3151 celebratio.

876 0 1002 11 ””“’”““’
1014 0 1372 27 ’ἙΊᾎΥῩξΒᾺΙξτὲ-ἣφ
1430 7 1446 14 ι
1466 0 1514 14 ἐ’-Α
1531 0 1547 5 '⁴
1575 0 1617 14 c:
1639 0 1791 15 --εινίφ-
1827 0 1905 19 ἠς-τ
1936 0 1949 4 -
2012 0 2044 6 -·-
2060 0 2106 10 --⁷
2131 0 2171 22 Δὲ-

1077 21 1092 26 -
1138 21 1143 23 »
1203 23 1220 32 1
1253 26 1257 28 ,
1344 21 1361 27 ,
1620 25 1623 27 ,
1831 26 1834 27 .
1879 26 1894 29 χ
