2176 3386
247 216 299 254 52
891 223 1001 253 PARS
1031 224 1054 252 1.
1086 223 1142 252 DE
1171 223 1382 252 Pssnsoms

249 334 444 380 rescindi
479 338 628 391 potest
652 334 681 378 ¹.
719 331 1101 387 2).Renunciatio
1134 331 1231 376 tieri
1263 331 1399 376 debet
1432 345 1488 375 ex
1519 334 1643 377 iusta
1674 344 1834 377 causa.
1870 357 1931 366 —
1962 336 2032 376 Iu-

250 422 347 462 stae
379 430 544 462 causae
579 431 659 474 pro
694 415 967 473 resignando
1002 414 1271 472 Episcopatu
1296 418 1404 459 sunt
1427 412 1637 458 debilitas
1657 414 1874 472 corporis,
1906 415 2032 472 igno-

253 500 434 555 rantia,
470 499 590 544 mala
639 498 956 552 conscientia,
994 496 1305 554 irregularitas
1353 511 1598 555 personae,
1634 497 1809 542 malitia
1858 497 1999 557 plebis
2021 532 2043 554 ‚‚

252 598 391 642 grave
414 583 699 637 scandalum,
725 594 862 626 causa
884 578 1147 625 assumendi
1182 579 1448 638 religionem
1471 580 1502 624 ².
1545 580 1610 625 Ad
1641 580 1752 625 alias
1789 580 2034 638 dignitates

253 666 551 725 resignandas
594 663 796 709 minores
829 676 993 708 causae
1032 662 1350 722 requiruntur.
1401 663 1443 719 5)
1480 661 1742 722 Requiritur
1783 675 2034 708 consensus

252 749 474 794 interesse
508 747 804 803 habentium3
841 747 882 803 4)
910 745 1007 791 ficri
1031 746 1166 790 debet
1191 745 1342 790 verbis
1375 745 1598 803 specificis
1629 748 1678 789 et
1709 744 1953 805 expressis,
1987 748 2034 789 et

253 834 299 878 in
333 846 499 891 genere
534 832 580 876 in
614 831 795 888 scriptis
818 831 848 873 ³.
888 831 928 886 5)
965 833 1156 888 Oportet
1188 834 1240 873 ut
1270 829 1459 874 accedat
1501 814 1753 874 consensu-s
1789 826 2035 887 superioris

252 917 442 975 legitimi
476 917 507 961 ¹⁸.

372 1002 443 1046 85.
484 999 864 1045 Renunciationis
897 998 1087 1043 effectus
1119 1002 1187 1042 est
1220 997 1437 1042 resolutio
1472 996 1580 1040 iuris
1614 1000 1660 1040 et
1706 994 1826 1039 tituli
1864 993 2033 1039 benefi-

252 1086 378 1131 cialis
411 1089 462 1129 ut
493 1084 690 1142 amplius
723 1085 901 1128 fructus
932 1097 990 1127 ex
1024 1082 1102 1126 tali
1138 1081 1360 1126 beneficio
1396 1080 1566 1139 percipi
1600 1094 1692 1125 non
1728 1078 1919 1137 possint,
1947 1078 2033 1122 nisi

252 1168 448 1213 admissa
484 1168 644 1212 fuisset
677 1166 923 1224 resignatio
956 1164 1293 1210 conditionalis.
1334 1169 1525 1208 Fructus
1557 1168 1763 1221 tempore
1794 1160 2034 1206 renuncia-

252 1251 392 1295 tionis
426 1250 679 1308 pendentes
710 1250 765 1293 ad
803 1247 1050 1293 Ecclesiam
1084 1248 1399 1292 devolvuntur
1430 1247 1502 1290 vel
1524 1246 1580 1291 ad
1603 1258 1913 1291 successorem
1947 1243 2033 1288 nisi

252 1333 586 1379 consuetudine
619 1336 699 1376 aut
733 1336 866 1390 pacto
899 1331 1020 1376 aliud
1054 1330 1113 1375 sit
1145 1331 1449 1375 constitutum
1485 1330 1515 1373 ⁵.

372 1417 443 1460 84.
481 1416 564 1470 Qui
589 1421 746 1460 autem
771 1414 1173 1460 renunciationem
1207 1416 1415 1471 accipere
1452 1417 1600 1470 potest
1632 1417 1700 1456 est
1723 1411 1935 1469 Superior
1958 1412 2034 1455 ba-

254 1499 367 1544 bens
390 1499 435 1542 in
461 1497 817 1542 renunciantem
842 1495 1207 1541 iurisdictionem
1227 1495 1267 1552 6;
1304 1495 1350 1539 in
1376 1510 1542 1553 genere
1568 1495 1855 1540 renunciatio
1878 1509 2031 1539 coram

251 1584 483 1642 superiore
518 1581 723 1627 facienda
747 1585 832 1636 est,
858 1580 933 1639 qui
969 1584 1245 1638 potestatem
1271 1579 1408 1622 habet
1435 1578 1702 1623 conferendi
1731 1582 1775 1621 et
1798 1576 2035 1622 auferendi

252 1669 526 1714 beneficium
562 1681 640 1712 seu
663 1666 1044 1711 iurisdictionem.
1077 1665 1321 1724 Episcopus
1352 1663 1728 1708 renunciationes
1750 1663 2036 1708 conditiona-

252 1753 317 1797 les
349 1753 556 1810 accipere
599 1765 691 1795 non
725 1754 897 1808 potest,
934 1748 1019 1793 nisi
1056 1747 1257 1793 conditio
1294 1746 1687 1805 permutationem
1721 1745 1958 1790 contineat
1992 1747 2032 1801 7;

252 1836 463 1881 similiter
504 1833 880 1879 renunciationes
913 1831 1158 1876 admittere
1192 1845 1299 1874 cum
1335 1828 1649 1874 reservatione
1689 1828 1920 1887 pensionis
1956 1832 2037 1873 aut

253 1920 485 1962 fructuum
515 1917 585 1960 vel
607 1930 713 1961 cum
740 1914 1053 1960 reservatione
1075 1927 1293 1959 accessus,
1322 1915 1564 1968 ifnyressns
1588 1915 1634 1955 et
1657 1923 1893 1967 reyressus
1915 1911 2036 1954 solus

256 2006 303 2046 R.
333 2000 543 2045 Pontifex
569 2004 717 2058 potest
740 2012 797 2042 ex
822 1996 1106 2057 plenitudine
1132 1995 1384 2054 potestatis,
1424 2008 1532 2037 nam
1557 1992 1935 2038 renunciationes
1968 1992 2037 2036 his

251 2082 592 2128 conditionibus
614 2082 762 2125 factae
796 2081 894 2124 iure
919 2078 1175 2137 prohibitae
1203 2081 1311 2121 sunt
1335 2076 1366 2120 ⁸.
1407 2080 1467 2120 De
1501 2079 1683 2119 caetero
1716 2074 1830 2118 tales
1868 2055 2035 2117 renun-

251 2166 474 2211 ciationes
507 2167 668 2208 favent
699 2162 991 2208 ambitiosam
1026 2159 1325 2218 cupiditatem
1360 2158 1655 2212 Clericorum‚
1690 2157 1802 2200 dant
1838 2155 2037 2201 occasio-

252 2263 360 2294 nem
394 2248 647 2306 captandae.
681 2245 842 2291 mortis
884 2245 1089 2300 alienae,
1126 2243 1297 2288 habent
1334 2241 1532 2300 speciem
1571 2239 1904 2285 haereditariae
1936 2252 2036 2283 suc·

251 2332 470 2378 cessionis
501 2331 693 2390 ideoque
739 2329 1040 2388 probibentur
1072 2327 1156 2371 sub
1188 2327 1403 2383 gravibus
1437 2324 1596 2383 poenis
1628 2322 1853 2368 simoniae
1896 2322 2036 2367 confi·
2090 2355 2096 2361 .

370 2524 379 2542 ¹
411 2524 595 2560 ScuMALz.
626 2524 658 2558 b.
688 2529 710 2558 t.
738 2532 771 2559 n.
798 2522 832 2557 [ι.
860 2523 1080 2558 Ramrrsssr.
1109 2519 1143 2554 b.
1171 2523 1193 2554 t.
1222 2528 1256 2554 n.
1286 2519 1318 2553 5.

370 2594 382 2613 ²
410 2596 496 2640 Cap.
525 2595 578 2638 10,
606 2595 640 2629 h.
670 2599 692 2629 t.

371 2666 383 2685 ³
411 2667 497 2711 Gap.
522 2666 554 2708 5,
582 2666 616 2700 b.
646 2671 667 2701 t.

370 2740 383 2758 ⁰·
410 2739 496 2782 Cap.
525 2738 546 2774 4
571 2742 606 2773 et
634 2737 694 2773 tin.
722 2737 755 2773 ll.
785 2742 807 2772 t.

369 2810 382 2829 ⁸
409 2811 653 2847 RfflNFFENs'r.
682 2809 715 2844 b.
744 2813 769 2844 t.
795 2817 830 2843 n.
863 2807 942 2843 152.

370 2881 383 2901 ⁶
409 2882 495 2927 Arg.
523 2893 553 2918 c.
581 2882 602 2916 4
628 2886 663 2916 et
691 2881 751 2916 tin.
780 2881 813 2916 b.
841 2884 864 2917 t.

369 2952 382 2971 ⁷
409 2953 495 2998 Cap.
522 2951 544 2988 5
570 2951 614 2988 de
641 2951 693 2987 rei
719 2956 873 2996 permut.
902 2951 938 2986 C.
966 2959 1026 2986 un.
1055 2949 1135 2986 eod.
1164 2950 1203 2984 in
1229 2948 1263 2985 6.
1290 2948 1405 2984 Clem.
1433 2956 1493 2984 un.
1522 2947 1605 2982 eod.

369 3023 383 3043 ⁸
409 3023 535 3060 Canon
557 3023 720 3069 plerique
744 3021 767 3058 8
793 3026 935 3067 quaest.
963 3021 992 3063 1,
1021 3030 1101 3065 cap.
1130 3029 1190 3056 un.
1218 3019 1374 3056 benefic.
1402 3017 1499 3055 Eccl.
1521 3017 1617 3054 Trid.
1644 3026 1734 3053 sess.
1762 3014 1819 3058 25,
1846 3023 1925 3060 cap.
1950 3013 1969 3049 7
1989 3014 2034 3050 de
2142 3003 2176 3103 gi*

250 3096 435 3132 reformat.
463 3095 585 3132 Const.
615 3095 648 3131 S.
674 3094 730 3130 Pii
758 3094 804 3131 V.
832 3092 1100 3130 sanctissimus
1127 3092 1282 3130 Romani
1310 3090 1514 3128 pontificis.
2142 3084 2159 3144 ζ

2142 3075 2152 3085 ι
2147 2947 2163 3014 ⁸³³*
2151 2863 2160 2904 ,,,

2169 2973 2176 3001 ..
