2176 3386
219 167 296 208 130
889 177 999 206 PARS
1027 178 1068 206 11.
1099 177 1156 205 DE
1187 176 1324 206 REBUS

218 286 342 330 fectu
375 284 502 329 liberi
535 297 787 330 consensus
818 284 1092 339 invalidum,
1128 283 1454 328 convalescere
1486 283 1583 342 ipso
1612 284 1732 328 facto
1757 297 1836 341 per
1858 297 1996 342 copu-

217 367 306 412 lam
340 367 480 413 libere
513 368 919 427 supervenientem
942 368 1111 427 absque
1137 367 1410 412 necessitate
1442 365 1640 412 iterandi
1669 367 1866 412 formam
1901 366 1998 411 Tri·

216 451 394 496 dentini
427 450 614 498 Concilii
647 451 786 496 semel
823 451 1075 509 impletam.
1117 455 1231 495 Dum
1267 464 1377 495 vero
1401 449 1656 494 Tridentini
1682 450 1878 495 formula
1902 463 1999 494 ser·

216 541 324 581 vata
359 550 450 581 non
485 541 568 593 est,
606 549 791 581 necesse
825 535 911 580 erit
943 536 1135 580 omnino
1170 536 1314 592 ipsam
1349 535 1554 593 implere.

743 678 760 725 ἓ
786 681 819 715 4.
844 700 891 704 -
916 680 976 716 De
1002 679 1287 726 impedimento
1312 682 1462 726 raptus.

334 787 436 831 881.
476 790 646 844 Raptus
677 789 762 842 est,
802 784 1002 829 violenta
1036 784 1241 829 mulieris
1274 783 1488 828 abductio
1514 782 1863 827 matrimonium
1887 797 1998 827 con·

217 869 424 915 trahendi
460 882 612 913 causa.
652 870 707 911 Ut
740 867 878 926 igitur
899 867 1122 911 habeatur
1150 870 1321 925 raptus,
1348 879 1534 910 necesse
1557 870 1651 910 est:
1691 866 1728 922 l)
1756 870 1807 909 ut
1831 865 2001 910 mulier

214 954 409 998 abducta
445 953 607 1008 fuerit3
644 951 672 996 i.
710 966 749 996 e.
787 951 1008 996 translata
1043 951 1099 995 de
1135 951 1231 995 loco
1265 949 1311 994 in
1346 950 1523 1005 locum,
1568 950 1729 994 saltem
1770 948 1824 993 de
1857 949 1999 994 domo

216 1039 262 1082 in
295 1038 513 1091 domum,
561 1051 653 1081 non
695 1037 819 1081 enim
853 1038 1082 1081 sufficeret
1114 1035 1171 1079 ab
1203 1048 1295 1078 uno
1329 1034 1539 1079 cubiculo
1573 1035 1628 1078 ad
1661 1034 1814 1090 aliud;
1864 1035 1906 1088 2)
1943 1039 1999 1078 ut.

216 1121 362 1166 invita
384 1138 391 1177 ;
428 1121 470 1177 5)
508 1125 558 1164 ut
592 1118 874 1164 matrimonii
899 1132 1004 1163 cum
1030 1122 1210 1176 raptore
1234 1116 1537 1162 contrahendi
1562 1131 1698 1161 causa
1722 1117 1997 1171 abducatur3.

214 1218 344 1250 secus
376 1204 501 1249 enim
535 1207 692 1262 raptus
725 1217 818 1247 non
852 1201 1095 1247 constituit
1130 1200 1514 1259 impedimentum
1548 1200 1770 1245 dirimens
1794 1200 1824 1244 ¹.

332 1288 433 1332 882.
473 1287 580 1331 Inde
614 1301 639 1331 a
672 1286 812 1330 citata
847 1285 1157 1330 declaratione
1191 1284 1236 1327 in
1273 1286 1399 1328 mOre
1436 1284 1632 1341 positum
1657 1287 1741 1339 est,
1763 1288 1814 1327 ut
1837 1283 1882 1327 in
1906 1283 2000 1328 dis-

215 1371 482 1431 pensatione
525 1372 581 1415 ab
628 1371 712 1414 hoc
745 1369 1094 1427 impedimento,
1135 1369 1357 1413 formulae
1385 1367 1635 1411 decmmodo
1660 1367 1829 1411 mulier
1851 1373 1992 1424 rapta

214 1470 309 1500 non
342 1455 490 1513 faerit
521 1454 716 1498 addatur
748 1455 810 1497 ad
844 1452 926 1496 hoe
959 1457 1101 1509 rapta
1134 1465 1230 1495 non
1264 1450 1424 1508 faerit.

333 1539 433 1583 885.
475 1543 573 1583 [ure
608 1537 859 1582 novissimo
892 1536 1011 1580 Trid.
1049 1534 1238 1581 Concilii
1273 1533 1660 1593 impedimentum
1696 1537 1851 1592 raptus
1894 1547 1997 1591 per-⁷

213 1623 347 1667 durat
379 1635 614 1681 quousque
649 1625 775 1678 rapta
810 1619 894 1664 sub
928 1623 1152 1677 potestate
1188 1617 1382 1676 raptoris
1415 1617 1488 1661 sit.

331 1704 433 1748 884.
473 1709 519 1749 [n
555 1703 691 1748 dubio
724 1718 782 1747 an
819 1707 974 1761 raptus
1008 1701 1289 1746 matrimonii
1325 1701 1514 1745 ineundi
1551 1714 1686 1745 causa
1718 1700 1790 1744 vel
1813 1715 1869 1745 ex
1896 1701 1999 1745 libi·

213 1787 319 1832 dine
352 1786 490 1831 fuerit
523 1786 812 1842 commissus,
848 1785 1225 1830 circumstantiae
1261 1785 1583 1843 ponderandae
1616 1789 1739 1841 sunt,
1787 1789 1833 1828 et
1866 1799 1997 1843 prae--

212 1870 370 1915 sertim
405 1870 730 1929 inquirendum
763 1884 822 1914 an
857 1873 1012 1926 raptor
1046 1868 1229 1926 nuptias
1263 1868 1353 1912 iam
1389 1872 1523 1912 antea
1557 1867 1820 1924 ambiverit,
1847 1882 1900 1912 ac
1925 1882 1990 1912 re-

214 1955 389 2011 pulsam
422 1954 593 2010 tulerit,
630 1968 718 2013 quo
751 1967 860 1998 casu
895 1951 1176 1997 matrimonii
1211 1950 1401 1995 ineundi
1435 1964 1573 1995 causa
1608 1954 1790 2008 raptum
1832 1950 2000 1995 fecisse·

212 2036 490 2082 censebitur.
527 2036 654 2090 Quod
687 2035 723 2080 si
757 2050 815 2080 ex
848 2033 1211 2079 circumstantiis
1244 2032 1463 2077 iudicium
1490 2033 1597 2076 ferri
1622 2036 1836 2091 nequeat,
1866 2046 1990 2090 prae-

212 2120 410 2165 sumitur
444 2124 623 2178 raptum
658 2118 869 2164 habuisse
905 2120 1055 2163 locum
1089 2130 1226 2162 causa
1261 2116 1449 2161 ineundi
1486 2114 1785 2160 matrimonii.
1828 2116 1995 2158 Utrum

214 2218 324 2248 vero
362 2202 483 2248 idem
515 2203 761 2248 dicendum
795 2202 853 2247 sit
885 2216 990 2246 cum
1025 2215 1117 2246 non
1154 2200 1224 2244 vir
1258 2200 1513 2254 mulierem,
1549 2198 1625 2243 sed
1650 2197 1814 2243 mulier
1839 2197 1995 2242 virum,

213 2287 430 2346 rapuerit,
466 2286 762 2344 disceptat-ur,
799 2290 845 2330 et
878 2283 1172 2329 communius
1207 2288 1414 2341 negatur.

331 2371 432 2416 885.
469 2373 635 2416 Contra
673 2374 875 2427 raptores
910 2368 1156 2412 mulierum
1192 2366 1347 2425 eisque
1380 2364 1641 2420 consilium,
1685 2363 1912 2409 auxilium
1946 2368 2000 2407 ot.

214 2456 420 2499 favorem
456 2454 726 2512 praebentes
758 2453 907 2497 adhuc
941 2455 1040 2510 post
1072 2455 1226 2496 Const.
1275 2449 1555 2507 Apostolicae
1588 2449 1715 2492 Sedis
1759 2449 1882 2505 viget
1913 2461 1997 2491 ex·

212 2535 648 2582 communicationis
680 2549 872 2580 censura
909 2535 1003 2594 ipso
1037 2535 1158 2579 facto
1193 2533 1485 2589 incurrenda‚
1521 2531 1599 2576 sed
1634 2531 1809 2575 nemini
1849 2543 1998 2575 reser-

214 2625 337 2678 vata,
374 2624 508 2679 prout
540 2620 658 2664 Trid.
697 2619 907 2678 Synodus
928 2619 943 2643 ²
977 2633 1079 2663 eam
1114 2617 1300 2662 inflixit.

329 2704 428 2749 886.
464 2706 579 2748 Sunt
613 2707 847 2761 praeterea
884 2705 1102 2760 perpetuo
1137 2700 1351 2755 infames,
1388 2698 1688 2758 omniumque
1710 2697 1992 2755 dignitatum

212 2786 453 2845 incapaces
486 2789 656 2845 raptor,
692 2789 739 2830 et
771 2798 933 2830 omnes
956 2784 996 2829 ei
1021 2782 1283 2839 consilium,
1309 2782 1535 2827 auxilium
1560 2785 1606 2826 et
1630 2782 1836 2826 favorem
1864 2793 1997 2839 prae—

332 2979 342 2998 ²
371 2979 417 3015 Ut
442 2979 643 3016 declaravit
668 2978 702 3015 S.
730 2977 767 3014 C.
795 2977 832 3015 C.
858 2977 916 3013 die
943 2975 988 3012 25
1015 2976 1088 3012 ian.
1119 2975 1220 3012 1586.

331 3050 343 3069 ²
371 3051 467 3087 Sess.
494 3050 628 3093 XXIV,
655 3058 734 3094 cap.
761 3048 783 3085 6
809 3048 851 3085 de
875 3047 1022 3094 reform.
1047 3049 1158 3082 matr.

2166 3273 2176 3386 —nae—
2172 3239 2176 3251 ..
2173 3184 2176 3186 .
2172 3134 2176 3141 .
