2176 3386
750 216 880 245 unt-:n
907 217 932 245 1.
967 216 1024 244 m:
1053 215 1247 245 emmas
1812 203 1890 244 241

105 322 288 368 tributis
320 323 565 382 praecipua
598 327 782 369 tantum
819 322 1175 368 recensebimus.
1213 324 1328 366 Sunt
1360 326 1542 367 autem2
1580 323 1619 380 1)
1643 327 1694 367 ut
1717 323 1894 382 possint

99 406 312 466 ‚Episcopi
345 412 477 452 extra
511 406 751 453 ecclesiam
786 406 1016 451 celebrare
1050 407 1098 451 in
1131 406 1263 452 altari
1299 403 1516 465 portatili,
1560 410 1658 450 tam
1700 406 1747 450 in
1791 421 1892 465 pro-

107 489 220 548 pria,
254 503 392 548 quam
433 488 575 533 etiam
618 488 662 533 in
706 489 855 534 aliena
897 488 1120 544 dioecesi,
1164 488 1427 534 inconsulto
1464 488 1708 534 Ordinario
1752 489 1890 545 loci¹,

105 575 167 626 et,
204 570 382 629 propria
421 571 667 626 celebrata,
702 571 838 616 aliam
874 572 1032 616 audire
1066 571 1206 616 ctiam
1242 571 1287 615 in
1322 572 1451 616 festis
1483 571 1838 618 solemnioribus
1857 572 1887 617 ².

106 656 320 699 Attamen
360 654 565 713 Episcopi
600 655 685 699 hoc
717 654 956 713 privilegio
989 654 1055 698 uti
1090 655 1259 700 debent
1280 669 1386 700 cum
1412 655 1481 700 his
1505 655 1889 701 restrictionibus:

106 740 158 780 ut
190 749 282 780 non
317 737 550 781 celebrent
584 751 668 781 nec
701 738 921 782 celebrari
957 738 1131 783 faciant
1164 739 1210 783 in
1249 739 1461 783 cubiculo
1503 739 1579 783 ubi
1623 739 1780 783 cubari
1823 753 1892 784 so-

106 820 223 875 lent;
259 824 311 864 ut
344 834 435 864 non
470 820 703 865 celebrent
735 826 867 866 extra
903 822 1109 880 propriae
1143 821 1440 867 habitationis
1473 823 1689 879 domum,
1726 823 1773 867 in
1815 824 1892 868 do-

107 908 256 952 mibus
288 909 414 953 laicis
446 909 584 953 etiam
622 911 667 954 in
702 912 880 968 propria
922 910 1141 965 dioecesi,
1184 925 1209 955 a
1253 911 1428 956 fortiori
1475 925 1586 956 vero
1632 912 1678 956 in
1723 912 1890 968 aliena,

107 991 284 1036 etiamsi
319 991 578 1037 dioecesani
613 1007 867 1039 consensus
900 994 1188 1039 accederet³.
1228 993 1535 1052 Excipiendae
1569 1000 1679 1040 sunt
1710 996 1890 1052 domus,

112 1073 157 1118 in
190 1074 353 1134 quibus
386 1075 665 1120 visitationis
697 1081 777 1120 aut
810 1076 989 1121 itineris
1022 1091 1159 1122 causa
1192 1077 1514 1133 diversantur,
1554 1079 1625 1123 vel
1673 1082 1792 1136 (cum
1829 1080 1894 1124 eis

108 1157 228 1216 licet)
268 1173 443 1204 moram
479 1159 706 1205 faciunt⁴.
748 1162 788 1217 2)
815 1161 943 1214 Quod
979 1161 1152 1220 possint
1188 1162 1353 1206 habere
1388 1162 1432 1206 in
1457 1163 1700 1221 episcopali
1726 1164 1894 1222 palatio

108 1242 318 1288 stabilem
352 1243 628 1302 Cappellam,
665 1244 710 1288 in
744 1258 832 1303 qua
856 1249 950 1288 tam
988 1244 1069 1303 ipsi
1093 1258 1232 1304 quam
1256 1244 1331 1289 alii
1355 1259 1536 1290 sacrum
1564 1247 1752 1291 faciant.
1798 1251 1894 1292 [mo

106 1324 213 1369 talia
247 1324 462 1380 oratoria,
497 1339 612 1384 quae
647 1330 812 1374 extant
846 1326 891 1370 in
926 1340 1085 1371 eorum
1127 1327 1362 1382 domibus,
1405 1327 1550 1372 instar
1594 1328 1771 1385 publica
1818 1329 1894 1374 ha—

110 1410 292 1464 bentur,
329 1409 519 1469 ideoque
554 1410 731 1454 festivis
764 1411 924 1456 diebus
955 1415 1180 1470 quotquot
1215 1411 1271 1454 ibi
1310 1412 1473 1456 Missae
1508 1411 1742 1457 intersunt
1765 1413 1894 1458 satis-

108 1491 284 1536 faciunt
316 1497 575 1551 praecepto,
613 1493 746 1552 idque
781 1493 920 1538 etiam
956 1494 1175 1552 Episcopo
1209 1495 1398 1539 absente
1432 1499 1512 1540 aut
1545 1509 1692 1540 vacua
1727 1496 1838 1541 Sede
1861 1497 1890 1541 ⁵.

108 1581 163 1623 Et
194 1577 229 1621 si
264 1577 390 1635 plura
424 1577 517 1621 sint
551 1577 596 1621 in
630 1577 792 1621 eodem
827 1577 993 1635 palatio
1026 1577 1253 1633 Oratoria‚
1289 1578 1444 1622 omnia
1469 1578 1629 1623 eodem
1655 1578 1753 1623 iure
1789 1593 1894 1623 cen-

109 1660 317 1706 senturfi.
357 1664 526 1705 Verum
571 1662 681 1705 haec
729 1661 782 1704 de
831 1664 1065 1718 Episcopis
1103 1662 1387 1706 dioecesanis
1428 1661 1723 1720 intelligenda
1768 1668 1893 1718 sunt,

112 1757 201 1787 non
235 1744 290 1788 de
329 1745 625 1789 Tz'calaribas.
664 1749 833 1789 Domus
865 1750 1021 1790 autem
1056 1745 1393 1803 intelliguntur,
1431 1761 1523 1791 non
1558 1760 1671 1805 quas
1714 1753 1896 1792 utcum-

109 1838 196 1882 que
229 1826 455 1882 habitant,
492 1841 565 1871 ex.
602 1842 666 1885 gr.
705 1827 751 1871 in
786 1841 894 1885 agro
929 1828 1180 1872 rusticandi
1215 1841 1369 1883 causa,
1406 1829 1482 1873 sed
1506 1829 1635 1873 sedes
1659 1829 1705 1874 in
1729 1830 1895 1889 quibus

111 1909 207 1954 sive
240 1910 287 1954 in
322 1910 417 1968 ipsa
450 1910 640 1956 civitate
673 1911 944 1970 episcopali,
989 1912 1087 1956 sive
1131 1916 1286 1967 extra,
1333 1913 1630 1958 habitualiter
1672 1914 1889 1959 resident.

109 1993 151 2050 5)
184 1993 363 2038 Habent
397 1994 689 2052 privilegium
724 1999 854 2039 extra
892 1995 1118 2053 propriam
1154 1995 1401 2041 dioecesim
1435 1995 1519 2040 sibi
1552 1996 1747 2054 eligendi
1787 2011 1895 2042 con·

110 2078 349 2123 fessarium
381 2078 664 2123 sacerdotem
699 2092 836 2137 quem
873 2083 1062 2137 possunt
1094 2092 1251 2124 secum
1285 2078 1452 2124 ducere
1485 2079 1530 2123 in
1567 2080 1747 2124 diversa
1774 2081 1889 2125 loca:

119 2160 191 2204 hie
224 2164 397 2216 tamen,
433 2160 469 2205 si
504 2175 595 2206 non
630 2165 699 2205 est
733 2161 816 2205 iliis
850 2161 1073 2217 subditus,
1116 2161 1250 2206 debet
1291 2162 1348 2206 ab
1384 2162 1628 2207 Ordinario
1671 2162 1758 2208 loci
1798 2176 1896 2208 esse

109 2244 397 2302 approbatus.
434 2246 476 2300 4)
506 2248 700 2289 Possunt
735 2245 902 2289 babere
936 2244 982 2289 in
1016 2258 1097 2289 suo
1131 2246 1323 2290 servitio
1356 2246 1469 2291 duos
1501 2246 1782 2302 Canonicos,
1818 2247 1895 2306 qui

110 2326 472 2385 praebendarum
507 2328 683 2372 fructus
716 2327 761 2371 in
795 2327 1003 2373 absentia
1048 2329 1321 2386 percipiunt.
1370 2330 1410 2387 5)
1441 2335 1635 2375 Possunt
1678 2331 1745 2375 uti
1789 2331 1895 2375 insi·

109 2408 272 2466 gnibus
305 2408 641 2467 pontificalibus
674 2410 720 2454 in
754 2410 863 2456 locis
895 2412 1123 2469 exemptis
1156 2425 1264 2457 suae
1288 2412 1524 2458 dioecesis.
1563 2414 1604 2470 6)
1631 2417 1680 2458 in
1704 2426 1896 2472 suspen-

111 2492 287 2538 sionem
321 2498 400 2537 aut
434 2493 731 2539 interdictum
765 2493 863 2538 iure
896 2496 1040 2539 latum
1076 2509 1330 2555 numquam
1364 2497 1636 2554 incurrunt,
1674 2498 1760 2542 nisi
1798 2498 1897 2556 Epi-

230 2693 240 2712 ¹
267 2694 401 2731 Bened.
428 2696 515 2732 XIV
543 2695 666 2732 Const.
693 2696 824 2743 Magno
851 2695 872 2731 2
899 2698 997 2733 Junii
1028 2696 1129 2733 1751.

230 2765 243 2783 ’
270 2766 303 2802 S.
331 2767 401 2803 Rit.
428 2766 563 2813 Congr.
591 2766 636 2803 22
667 2768 758 2813 Aug.
787 2769 888 2805 1818.

231 2836 244 2856 ³
269 2838 438 2875 Clemens
465 2839 515 2875 XI
543 2839 667 2879 Consi.
696 2841 873 2884 Quoniam
899 2845 1024 2878 sancta
1053 2841 1096 2877 15
1114 2843 1198 2879 Dec.
1221 2843 1323 2880 1705.

231 2910 244 2928 ⁸
269 2909 394 2946 Innoc.
420 2910 506 2946 ΧΙΙΙ
534 2910 656 2949 Const.
684 2912 878 2958 Apostolici
902 2914 1106 2951 ministerii.

230 2979 243 3000 ¹⁵
271 2981 305 3016 S.
334 2982 403 3018 Rit.
431 2982 563 3028 Congr.
589 2982 611 3018 2
638 2983 720 3019 Iulii
751 2984 851 3021 1661.

231 3050 246 3070 ⁶
271 3051 421 3091 GA'rric.
450 3054 492 3090 de
518 3055 620 3091 Orat.
649 3054 742 3091 dom.
770 3055 856 3101 Cap.
884 3056 1000 3099 XVII,
1027 3056 1061 3092 4.

236 3121 550 3156 ZiTELu-Sonmm.
1737 3129 1776 3160 16
