2176 3386
246 125 273 165 6
930 135 1040 164 PARS
1069 135 1111 164 11.
1145 134 1202 163 DE
1232 135 1369 164 Renes

246 246 401 291 adulto
449 246 717 291 conferatur
765 243 1022 303 baptisma,
1061 242 1271 288 minister
1311 243 1475 288 debeat
1517 244 1558 289 ei
1597 243 1827 302 explicare
1869 243 2027 291 omnia

247 328 348 373 fidei
385 331 570 373 nostrae
604 327 842 385 mysteria,
881 326 1146 385 praesertim
1171 326 1207 370 si
1233 330 1302 370 est
1336 325 1651 383 moribundus,
1674 326 1781 386 quia
1814 327 1900 372 hoc
1929 342 2025 386 per-

246 412 453 457 turbaret
488 415 694 456 mentem
729 410 875 466 iilius3
912 423 971 453 an
996 423 1089 453 non
1113 407 1327 465 sufficiat,
1352 409 1388 453 si
1416 408 1714 454 moribundus
1737 411 2027 468 promitteret

246 509 294 540 se
328 509 433 540 cum
469 494 668 554 primum
701 508 725 538 e
761 494 919 537 inorbo
952 491 1245 537 convaluerit
1277 491 1441 536 instrui
1465 495 1735 537 curaturum
1769 497 1820 537 ut
1847 493 1894 538 in
1927 507 2025 552 pra·

246 580 342 625 xim
377 579 552 637 redigat
583 578 701 638 quod
736 577 776 622 ei
814 576 1143 635 praescriptum
1170 576 1308 620 fuerit
1335 597 1352 614 »
1392 579 1496 634 Sup.
1524 576 1657 621 Univ.
1683 577 1852 636 inquis.
1879 578 1934 622 25
1958 582 2024 622 Ia-

246 664 395 709 nuarii
428 664 538 708 1705
563 661 796 720 respondit
821 661 859 703 ¹:
899 663 997 704 Non
1022 660 1228 704 sufficere
1264 658 1639 717 promissionem,
1675 659 1753 704 sed
1787 660 2023 705 Missiona-

247 748 365 791 rium
400 745 546 790 teneri
581 745 735 790 adulto
764 743 902 788 etiam
940 742 1229 797 moribundo,
1265 742 1340 802 qui
1376 744 1569 801 incapax
1594 743 1785 788 omnino
1821 758 1912 789 non
1947 744 2022 801 sit,

246 830 475 888 explicare
511 827 730 886 mysteria
766 826 866 870 iidei
901 840 1019 885 quae
1052 830 1161 869 sunt
1195 826 1450 870 necessaria
1485 825 1760 871 necessitate
1784 826 1939 883 medii,
1975 832 2027 871 ut

247 917 355 958 sunt
390 911 629 970 praecipue
666 909 881 968 mysteria
918 909 1155 954 Trinitatis
1193 913 1238 954 et
1273 909 1620 955 incarnationis.
1669 912 1710 966 2)
1753 910 1892 955 Dubio
1929 925 2026 969 pro-

249 996 392 1055 posito
430 1016 447 1035 <a
477 998 544 1039 An
583 992 897 1038 Missionarius
929 992 1094 1036 debeat
1125 992 1279 1036 adulto
1313 992 1540 1049 explicare
1578 992 1888 1037 Eucharistiae
1929 1008 2027 1051 my-

247 1078 436 1123 sterium
466 1097 484 1116 η
538 1077 696 1121 eadem
751 1078 791 1118 S.
829 1079 990 1132 Congr.
1043 1074 1115 1118 dic
1159 1075 1210 1118 10
1245 1074 1349 1118 maii
1402 1075 1512 1118 1703
1561 1075 1825 1132 reposuit2:
1871 1077 2028 1128 Quoad

247 1163 425 1206 adultos
458 1166 586 1205 extra
624 1160 784 1205 mortis
819 1159 1070 1217 periculum
1107 1173 1185 1216 per
1217 1172 1264 1203 se
1298 1159 1523 1218 loquendo
1559 1159 1721 1215 teneri,
1747 1159 1833 1204 nisi
1867 1161 1956 1204 tale
1981 1161 2027 1205 in

248 1246 533 1290 contrarium
569 1247 728 1301 urgeat
771 1243 1023 1299 motivum,
1059 1247 1110 1286 ut
1142 1242 1392 1300 expediens
1424 1257 1448 1286 a
1483 1243 1694 1300 prudenti
1738 1244 2026 1290 missionario

249 1328 476 1373 iudicetur
507 1327 664 1371 dilatio
699 1331 799 1385 post
833 1325 1125 1384 baptismum.
1178 1325 1333 1378 Quoad
1385 1325 1709 1370 moribundum
1760 1326 1928 1383 pariter
1965 1331 2029 1372 te-

250 1412 364 1466 neri,
402 1411 486 1455 nisi
524 1411 594 1454 iol
632 1416 810 1467 tempus
854 1424 944 1453 non
989 1413 1225 1468 suppetat,
1264 1409 1336 1453 vel
1370 1412 1498 1453 tanta
1537 1409 1860 1466 praevideatur
1892 1410 1937 1454 in
1971 1425 2025 1456 eo

249 1495 390 1539 animi
428 1494 725 1551 perturbatio,
764 1497 813 1537 ut
846 1507 870 1536 a
904 1493 1194 1549 susceptione
1228 1491 1438 1549 baptismi
1473 1490 1725 1536 distrahere
1757 1491 1924 1537 valeat.
1963 1493 2026 1538 Ad

250 1581 390 1623 haec:
428 1579 468 1633 5)
510 1576 820 1622 Missionarios
857 1576 999 1620 teneri
1035 1575 1238 1620 barbaris
1261 1575 1427 1619 adultis
1449 1580 1529 1619 aut
1557 1576 1840 1634 baptizandis
1873 1575 2026 1620 omnia

251 1667 489 1720 praecepta
537 1662 645 1719 legis
693 1660 915 1719 positixae
963 1659 1148 1704 divinae
1198 1659 1437 1715 intimare,
1488 1659 1643 1704 docuit
1689 1660 1848 1704 eadem
1903 1663 2026 1704 Sacr.

249 1752 411 1804 congr.
448 1747 517 1791 die
553 1748 608 1790 ⁶24
645 1745 751 1790 maii
794 1746 915 1789 1705.
968 1746 1010 1800 4)
1049 1748 1142 1789 Nec
1185 1743 1321 1788 licere
1363 1748 1653 1801 praeceptum
1699 1743 1753 1786 de
1791 1742 2028 1787 indissolu-

253 1830 426 1875 bilitate
461 1828 746 1874 matrimonii
792 1827 1008 1882 reticere,
1048 1827 1346 1885 nolentesque
1381 1826 1489 1870 iilud
1522 1826 1766 1870 observare
1808 1839 1899 1869 non
1932 1839 2029 1870 esse

249 1912 549 1970 baptizandos
588 1910 742 1955 docuit
774 1910 931 1954 eadem
979 1912 1082 1967 Sup.
1120 1908 1255 1952 Univ.
1294 1912 1390 1967 lnq.
1428 1909 1475 1952 51
1518 1906 1623 1952 maii
1663 1908 1787 1952 1705.
1829 1907 2030 1966 Denique

253 1996 292 2050 ὃ)
323 1993 550 2053 proposito
575 1993 710 2037 dubio
738 2013 756 2033 α
783 2007 841 2037 an
869 1991 1183 2036 missionarius
1208 1995 1421 2035 teneatur
1454 1990 1668 2035 inducere
1703 1989 2028 2048 baptizandum

251 2078 307 2122 ad
340 2078 615 2122 eliciendum
650 2082 806 2121 aetum
840 2075 1131 2120 contritionis
1167 2075 1237 2118 vel
1270 2073 1561 2119 attritionis»
1599 2077 1719 2118 Sacr.
1758 2078 1919 2131 Congr.
1956 2072 2028 2117 die

257 2162 309 2205 10
345 2161 449 2205 maii
492 2161 599 2205 1705
635 2159 890 2217 rescripsit:
931 2156 1214 2203 Affirmative
1239 2158 1270 2201 ⁸.

374 2246 473 2289 620.
513 2248 650 2289 Porro
684 2243 720 2287 si
756 2242 919 2286 mulier
940 2241 1078 2286 enixa
1103 2241 1241 2284 suerit
1266 2253 1461 2285 massam
1495 2254 1729 2295 carneam,
1764 2239 1877 2283 haec
1909 2238 2029 2282 ablui

252 2328 386 2371 debet
419 2328 502 2371 sub
534 2326 830 2379 conditione,
867 2324 953 2369 nisi
1003 2324 1244 2368 manifeste
1291 2329 1508 2380 appareat
1555 2322 1805 2377 exanimis,
1850 2322 1883 2365 si
1920 2335 2030 2366 vero

252 2417 485 2457 ostentum
520 2411 751 2466 enixerit,
787 2409 907 2469 quod
941 2409 1067 2467 plura
1112 2408 1280 2452 habeat
1311 2406 1526 2452 distincta
1567 2411 1747 2464 pectora
1782 2410 1828 2450 et
1859 2405 2026 2463 capita,

254 2496 613 2556 unumquodque
656 2498 795 2553 caput
831 2494 1019 2538 seorsim
1054 2497 1100 2538 et
1132 2491 1336 2537 absolute
1379 2490 1596 2548 baptizari
1638 2490 1802 2545 debet,
1837 2489 1958 2548 quod
1990 2488 2028 2533 si

254 2582 381 2641 plura
416 2584 598 2638 pectora
632 2579 709 2623 sed
742 2584 879 2636 caput
913 2592 1075 2631 unum,
1114 2576 1184 2619 vel
1221 2574 1421 2620 vicissim
1458 2575 1584 2632 plura
1622 2572 1771 2631 capita
1807 2577 1855 2617 et
1885 2585 2028 2615 unum

254 2669 437 2722 pectus,
475 2667 596 2718 tum,
632 2676 723 2706 uno
759 2662 908 2720 capite
940 2661 1144 2705 absolute
1177 2659 1432 2717 baptizato,
1468 2662 1620 2702 cetera
1654 2670 1733 2700 seu
1769 2654 1917 2713 capita
1950 2668 2028 2700 seu

376 2867 383 2886 ¹
414 2867 561 2904 Collect.
591 2876 627 2902 n.
657 2866 738 2902 549.

373 2939 384 2956 ²
411 2938 559 2974 Coiieci.
586 2947 623 2973 n.
650 2936 732 2981 552,
757 2935 837 2973 551.

373 3009 385 3028 ³
414 3009 562 3047 collect.
591 3018 626 3046 n.
652 3007 732 3051 552,
760 3018 794 3044 n.
822 3007 855 3043 Ξ.
