2176 3386
266 169 341 208 132
904 177 1013 206 PARS
1042 178 1067 206 1.
1103 177 1159 206 DE
1188 176 1400 206 Pssasoms

259 287 335 327 tur
378 297 461 328 nee
507 283 620 328 tradi
662 288 851 342 possunt
893 284 1073 341 regulae
1117 297 1196 342 pro
1239 282 1623 338 interpretatione
1666 281 1961 338 authentica,
1995 286 2043 327 et

260 367 432 421 usuali,
457 380 565 410 cum
598 380 650 410 ea
673 381 697 410 a
726 366 942 424 principis
968 365 1226 420 voiuntate‚
1253 365 1366 409 haec
1390 363 1655 409 immediate
1678 378 1703 408 a
1727 365 1848 409 facto
1871 364 2039 423 populi,

259 453 340 493 aut
370 465 394 494 a
428 449 734 494 decisionibus
756 448 996 493 tribunalis
1021 450 1264 506 pendeant.
1297 451 1382 492 Res
1417 447 1558 504 igitur
1580 447 1635 492 de
1661 446 2042 506 interpretatione

259 532 515 576 docto‘e'nali
544 537 628 587 est,
664 532 794 577 cuius
829 532 1008 589 regulae
1042 531 1087 574 in
1124 530 1487 589 praesentiarum
1523 535 1632 575 sunt
1664 530 1966 575 exhibendae.

515 669 555 707 b)
582 687 628 692 —
653 668 712 703 De
734 669 961 715 praecipuis·
988 668 1136 713 regulis
1163 667 1401 703 doctrinalis
1429 667 1782 713 interpretationis.

386 787 477 851 ¹25·
520 784 801 851 vocalitatis
823 786 1148 840 interpretatio
1178 781 1486 826 diversimode
1510 782 1629 840 apud
1651 786 1862 826 auctores
1895 781 2043 826 divisa

262 869 511 913 invenitur.
555 871 641 912 Nos
674 866 909 926 sequimur
950 866 1226 910 divisionem
1271 880 1409 924 quam
1454 864 1585 909 nobis
1632 867 1818 922 praebet
1855 865 1910 908 61.
1950 869 2042 909 Ma·

261 954 366 997 chat
403 954 430 1008 ἢ
477 965 563 1010 qua
600 964 764 1007 nempe
797 949 1063 994 doctrinalis
1108 949 1426 1006 interpretatio
1480 947 1566 992 alia
1613 953 1681 992 est
1730 949 2040 1002 deelQatt'va,

260 1034 345 1078 alia
380 1035 631 1094 accensiva,
667 1033 754 1076 alia
788 1034 1064 1100 restrictiva.
1114 1036 1203 1076 Lex
1246 1031 1370 1075 enim
1415 1034 1606 1076 obscura
1651 1031 1723 1075 vel
1765 1030 2041 1084 declaratur,

263 1120 329 1163 xe!
365 1117 648 1170 extenditur,
685 1115 757 1159 vel
791 1119 1068 1171 coarctatum
1104 1115 1209 1173 quia
1245 1115 1317 1158 lex
1353 1119 1503 1172 potest
1539 1127 1635 1159 esse
1671 1114 1861 1158 obscura
1903 1112 2044 1171 tripii-

258 1201 388 1256 citer,
428 1201 495 1245 vel
532 1201 576 1243 in
611 1212 657 1243 se
692 1201 875 1243 racione
908 1200 1171 1254 verborum,
1212 1181 1458 1242 vel—relate
1485 1199 1548 1242 ad
1572 1199 1760 1252 obieeta,
1786 1196 2041 1254 dupiicitcr,

260 1291 339 1330 aut
371 1287 473 1343 quia
509 1283 697 1327 dubium
732 1287 800 1327 est
832 1297 888 1327 an
925 1282 1087 1327 debeat
1121 1282 1310 1327 extendi
1343 1287 1424 1326 aut
1457 1282 1607 1340 potius
1642 1280 1882 1326 coarctari.

380 1365 864 1427 ltaqueinterpretatio
883 1366 1175 1411 declarativa
1198 1371 1267 1410 est
1288 1385 1307 1406 u
1333 1380 1454 1424 qaae
1482 1366 1623 1409 'verba
1648 1365 1790 1408 dubia
1821 1371 1862 1408 ec
1893 1365 2043 1407 obseu-

262 1466 318 1496 ra
351 1452 577 1509 explanat
603 1469 641 1493 υ.
682 1450 853 1494 Dicitur
885 1450 1003 1507 apud
1036 1449 1147 1493 aiios
1180 1454 1259 1493 aut
1288 1449 1574 1506 plailoloyz‘ea
1612 1462 1728 1506 quae
1763 1451 1919 1491 tamen
1946 1461 2042 1505 pro-

261 1537 355 1595 pria
392 1535 709 1594 interpretatio
744 1548 834 1578 non
870 1538 938 1578 est
971 1533 1004 1578 si
1045 1533 1180 1577 verba
1215 1533 1324 1577 satis
1358 1534 1478 1576 clara
1509 1533 1674 1576 sintae
1700 1531 1811 1575 nihii
1837 1533 1944 1576 novi
1969 1531 2044 1575 ad-

260 1620 395 1664 ducat
430 1620 461 1674 ²,
498 1623 576 1662 aut
607 1618 921 1675 philosophica
956 1617 990 1661 si
1028 1617 1272 1661 verborum
1307 1629 1494 1660 sensum
1527 1629 1584 1659 ex
1623 1614 1787 1672 regulis
1818 1629 2043 1672 gramma-

264 1703 470 1746 ticalibus
502 1716 554 1746 ac
587 1716 644 1745 ex
678 1700 786 1758 legis
818 1700 979 1758 spiritu
1015 1700 1205 1759 inquirit
1237 1699 1268 1742 ³.
1322 1698 1648 1756 interpretatio
1696 1699 1931 1742 extensiva
1973 1702 2041 1742 est

260 1800 376 1845 quae
411 1786 553 1842 legem
588 1799 612 1828 a
646 1797 753 1828 casu
788 1797 1019 1842 expresso,
1058 1785 1126 1827 vel
1163 1797 1187 1827 a
1223 1785 1413 1840 persona
1451 1794 1671 1838 expressa
1703 1780 1759 1825 ad
1789 1793 1945 1825 casum
1971 1782 2043 1824 vei

262 1880 501 1926 personam
539 1881 629 1911 non
663 1880 926 1924 expressam
962 1865 1173 1910 extendit
1209 1866 1237 1908 ².
1294 1863 1422 1918 Quod
1468 1862 1564 1907 fieri
1609 1868 1756 1922 potest
1803 1862 2045 1920 dupliciter

262 1952 334 1996 vel
363 1965 484 2008 pure
525 1953 754 1994 extensive
796 1950 831 1994 si
865 1950 1074 1994 extensio
1110 1948 1187 1994 liat
1220 1948 1277 1993 ob
1315 1948 1459 1992 solam
1496 1947 1742 2005 paritatem
1778 1946 1849 1990 vel
1887 1946 2043 1990 simili·

261 2034 468 2078 tudinem
506 2033 692 2078 rationis
728 2039 823 2077 tuin
860 2034 977 2077 ultra
1012 2033 1121 2091 legis
1155 2032 1311 2086 verba,
1348 2036 1445 2075 tum
1488 2031 1604 2074 ultra
1639 2029 1716 2074 sed
1751 2043 1844 2074 non
1883 2033 2042 2074 contra

264 2122 467 2160 mentem
505 2115 787 2173 Legislatoris
822 2116 852 2171 ²³,
872 2115 961 2160 *vel
994 2115 1369 2173 comprehensive
1402 2114 1435 2158 si
1477 2112 1686 2158 extensio
1719 2111 1797 2156 fiat
1827 2112 1884 2156 ob
1916 2112 2044 2156 iden-

263 2202 437 2244 titatem
473 2202 671 2244 rationis
705 2199 873 2256 pariter
905 2200 1023 2243 ultra
1059 2199 1215 2253 verba,
1253 2198 1329 2242 sed
1367 2211 1456 2242 non
1494 2198 1610 2240 ultra
1640 2200 1844 2240 mentem
1872 2194 2043 2252 legisla-

262 2282 387 2328 toris.
427 2287 503 2327 Est
535 2281 744 2326 extensio
766 2284 1024 2339 improprie
1045 2282 1170 2326 dicta
1195 2281 1342 2340 prouti
1369 2281 1529 2339 probat
1565 2279 1796 2324 Reiffenst.
1826 2278 1840 2301 ⁶
1875 2281 2044 2323 Rescri-

262 2371 382 2413 ctiva
417 2373 486 2412 est
519 2367 836 2425 interpretatio
867 2380 984 2425 quae
1020 2370 1203 2424 propter
1235 2365 1454 2423 speciales
1490 2364 1864 2408 circumstantias
1897 2364 2041 2420 legem

265 2452 514 2509 restringit,
551 2465 745 2510 eamque
777 2450 822 2495 in
872 2464 979 2495 casu
1032 2464 1123 2494 non
1173 2449 1378 2514 obligare
1415 2448 1762 2507 interpretatur.
1821 2447 1884 2492 Ad
1925 2447 2044 2492 hanc

265 2534 431 2592 passim
464 2534 674 2578 doctores
705 2538 751 2577 et
784 2531 1212 2591 interpretationem
1245 2533 1570 2585 eorrecham,
1606 2535 1654 2574 et
1689 2529 1954 2586 Epieheiam
1980 2544 2044 2574 re-

385 2683 392 2701 ¹
424 2684 475 2719 De
502 2687 618 2719 const.
645 2681 739 2722 §vt

384 2755 395 2773 ²
426 2756 548 2791 Rmrr.
568 2754 590 2790 l.
612 2754 640 2796 1,
661 2759 683 2789 t.
702 2754 766 2796 25
789 2753 842 2789 15.

384 2828 396 2847 ³
424 2828 663 2870 Vaccmow,
691 2836 723 2862 o.
750 2836 781 2863 6.
808 2826 828 2862 l.
851 2827 866 2861 1
888 2826 931 2862 de
959 2831 1077 2862 const.
1103 2826 1170 2866 56.

385 2900 397 2918 '⁴
424 2900 510 2945 Cap.
537 2898 558 2934 4
584 2899 628 2934 de
647 2907 756 2934 rescr.
774 2898 795 2934 l.
823 2897 879 2942 12,
900 2898 953 2941 15,
975 2898 1010 2933 Ιι.
1033 2902 1055 2933 t.
1076 2896 1110 2932 ff.

386 2971 397 2990 ⁵
425 2971 549 3007 Rmrr.
578 2980 636 3017 op.
667 2969 744 3007 etl.
763 2970 823 3006 cit.

386 3042 399 3062 ⁶
425 3043 465 3079 L.
482 3053 514 3079 c.
534 3042 584 3079 Cf.
604 3043 748 3079 SUAaez
774 3041 797 3077 l.
815 3040 837 3077 6
862 3041 906 3077 de
926 3041 994 3086 leg.
1020 3051 1052 3076 6.
1072 3040 1108 3083 5,»
1124 3050 1158 3076 n.
1177 3040 1211 3076 9.
1238 3039 1408 3076 Pmfflso.
1439 3039 1461 3076 l.
1489 3050 1531 3082 6.,
1560 3043 1585 3075 t.
1610 3038 1644 3084 2,
1670 3048 1705 3076 n.
1725 3038 1775 3074 111
1801 3042 1837 3074 et
1862 3037 1966 3074 alios

2150 2905 2170 3069 -020vs
