2176 3386
723 204 854 233 Lmen
883 204 923 232 η.
958 204 1015 232 DE
1044 204 1346 234 REGULARmus
1847 192 1926 232 433

141 309 373 369 quendam
405 309 545 355 etiam
579 309 801 355 indirecte
834 309 1043 367 incusso;
1089 310 1133 367 5)
1157 311 1214 353 Ut
1250 309 1668 372 emittanturyota
1715 310 1924 356 substan-

142 385 294 449 tialia,
329 393 372 448 4)
399 396 449 453 In
474 392 691 450 religione
714 393 988 451 approbata;
1025 393 1066 448 5)
1095 393 1151 437 Ut
1173 392 1361 438 accedat
1385 392 1616 451 religionis
1638 393 1922 452 approbatio,

140 488 259 534 quae
281 489 306 520 a
329 490 419 538 quo
452 475 549 520 fieri
582 475 764 532 debeat,
792 475 1081 534 potissimum
1115 489 1172 520 ex
1207 475 1616 523 constitutionibus
1638 475 1922 534 singulorum

139 557 367 602 Ordinum
401 558 735 603 desumendum
770 563 853 602 est.

262 641 360 686 559.
400 644 454 685 Et
483 640 539 685 ad
561 644 759 685 aetatem
790 641 910 700 quod
940 641 1125 696 attinet,
1152 641 1362 699 Synodus
1387 640 1650 693 'tridentina
1685 641 1927 687 constituit

142 724 470 782 professionem
514 725 785 782 regularem,
821 724 918 769 sive
954 738 1032 782 pro
1066 723 1194 779 viris,
1235 725 1333 768 sive
1367 738 1447 782 pro
1481 724 1682 781 feminis,
1724 725 1922 771 validam

141 821 233 852 non
268 808 483 863 existere,
520 807 606 852 nisi
650 807 812 851 edatur
844 812 944 865 post
981 807 1230 861 16-aetatis
1275 821 1452 851 annum
1479 809 1508 851 ¹.
1550 808 1678 861 Quod
1711 808 1766 852 ad
1802 809 1925 853 viros

141 889 403 948 religiOSOS,
445 904 524 948 per
559 889 749 935 Litteras
781 889 1043 948 encyclicas
1078 893 1173 935 Sac.
1207 893 1344 947 Cong.
1382 903 1518 948 super
1550 895 1654 935 stat.
1698 891 1851 947 Regul.
1890 892 1921 946 ²,

140 973 471 1032 praescriptum
505 978 598 1029 est,
635 978 686 1016 ut
718 972 883 1017 noxitii
918 977 1159 1032 postquam
1202 987 1378 1017 annum
1419 973 1672 1018 novitiatus
1710 975 1923 1032 explete-

143 1056 253 1113 rint,
279 1056 313 1100 si
350 1055 500 1101 clerici
525 1056 617 1101 sint
641 1061 740 1113 post
763 1057 996 1100 sexdecim
1034 1058 1123 1114 (vel
1148 1057 1370 1102 maiorem
1395 1061 1596 1102 aetatem
1620 1072 1737 1118 quae
1769 1059 1924 1103 forsan

138 1155 162 1184 a
188 1141 372 1186 statutis
404 1141 570 1199 proprii
594 1140 778 1185 Ordinis
799 1156 823 1185 a
849 1143 889 1185 S.
917 1142 1029 1186 Sede
1061 1141 1322 1200 approbatis
1357 1143 1651 1201 requiratur),
1676 1143 1710 1187 si
1742 1142 1845 1188 laici
1878 1147 1924 1188 et

137 1225 368 1279 conversi,
391 1230 490 1283 post
525 1223 686 1282 viginti
721 1229 766 1268 et
799 1238 943 1268 unum
978 1224 1143 1269 aetatis
1175 1239 1369 1281 annum,
1398 1230 1502 1270 vota
1538 1227 1783 1272 dumtaxat
1814 1227 1922 1274 sim-

142 1311 270 1368 plicia
306 1311 547 1365 ‹uniltant3
585 1315 683 1368 post
717 1324 827 1354 vero
861 1309 1113 1354 triennium
1138 1325 1162 1355 a
1187 1311 1258 1354 die
1291 1325 1380 1370 quo
1415 1315 1523 1356 vota
1556 1312 1774 1370 simplicia
1810 1314 1919 1357 ensi-

137 1393 283 1438 serint
316 1393 694 1450 computandum,
722 1392 755 1436 si
795 1392 918 1450 digni
956 1394 1261 1451 reperiantur,
1287 1394 1596 1439 admittantur
1621 1396 1675 1440 ad
1699 1396 1919 1441 solemnia

140 1481 273 1532 x·ota;
310 1475 345 1520 si
380 1475 528 1520 medio
577 1475 662 1519 hoc
698 1480 899 1533 tempore
950 1475 1279 1534 professionem
1328 1477 1564 1533 emittant,
1601 1492 1703 1523 eam
1755 1480 1922 1524 nullius

139 1559 312 1604 roboris
344 1572 457 1614 esse,
492 1559 774 1604 declaratum
808 1563 877 1603 est
909 1559 953 1604 in
982 1559 1249 1617 Apostolicis
1284 1561 1465 1606 Litteris
1500 1562 1561 1607 Pii
1589 1567 1641 1607 [Χ
1678 1564 1763 1608 diei
1799 1565 1824 1608 7
1859 1569 1920 1609 {e-

139 1641 291 1686 bruar.
332 1642 441 1686 1862

259 1726 358 1770 560.
381 1725 536 1779 Quoad
556 1725 667 1769 haec
688 1729 793 1769 vota
812 1724 1034 1782 simplicia
1056 1725 1159 1769 Pius
1181 1730 1252 1781 lx,
1273 1727 1464 1771 attentis
1489 1728 1695 1786 precibus
1714 1729 1918 1787 Magistri

136 1808 372 1855 Generalis
402 1808 585 1853 Ordinis
618 1807 986 1853 praedicatorum
1023 1812 1062 1853 S.
1092 1810 1334 1866 Dominici‚
1371 1812 1483 1856 haec
1515 1826 1631 1870 quae
1664 1820 1922 1872 sequuntur

137 1907 217 1951 per
247 1892 422 1937 litteras
455 1895 616 1936 Sacrae
649 1895 917 1949 Congregat.
943 1906 1077 1950 super
1110 1898 1233 1937 statu
1271 1898 1376 1952 Reg.
1403 1895 1475 1939 die
1512 1897 1563 1940 12
1597 1896 1774 1942 ianuar.
1806 1899 1917 1943 18ὺὸ

135 1975 423 2020 decernenda
470 1974 656 2019 statuit:
698 1976 735 2031 1)
764 1977 875 2019 Vota
920 1975 1161 2034 simplicia,
1197 1977 1252 2021 de
1284 1979 1449 2036 quihus
1496 1978 1661 2036 agitur,
1685 1960 1913 2039 'perpetua

133 2064 271 2103 erunt
302 2073 360 2103 ex
395 2063 520 2116 parte
555 2058 770 2103 voventis
804 2063 960 2116 utpote
992 2073 1109 2118 quae
1145 2060 1342 2104 tendunt
1373 2061 1429 2106 ad
1462 2062 1717 2108 emittenda
1750 2064 1916 2109 deinde

137 2149 243 2188 vota
276 2142 514 2198 solemnia,
542 2142 585 2186 in
610 2142 773 2202 quibus
807 2143 1137 2201 perfectionem
1173 2147 1217 2187 et
1241 2145 1913 2205 complementumaccipient.

136 2225 478 2279 2)Eorun1den1
530 2230 742 2269 votorum
793 2225 1071 2283 simplicium
1120 2225 1400 2285 dispensatio
1451 2233 1683 2274 reservata
1730 2234 1799 2274 est
1833 2234 1915 2276 Ro-

137 2321 274 2351 mano
308 2306 533 2361 Pontifici,
570 2307 641 2350 cui
673 2308 859 2364 professi
894 2307 1110 2365 gravibus
1143 2308 1412 2366 urgentibus
1446 2311 1595 2355 causis
1628 2326 1785 2370 preces
1819 2328 1914 2371 por·-

135 2390 280 2448 rigere
303 2394 534 2449 poterunt.
571 2390 612 2447 5)
643 2392 809 2434 Verum
834 2390 995 2435 eadem
1024 2391 1247 2449 simplicia
1274 2396 1382 2437 vota
1415 2394 1529 2438 solvi
1554 2394 1694 2439 etiam
1728 2401 1918 2453 possunt

135 2488 193 2518 ex
227 2478 354 2532 parte
386 2472 568 2518 Ordinis
601 2473 647 2517 in
681 2478 786 2518 actu
833 2473 1112 2519 dimissionis
1147 2476 1475 2531 Professorum,
1512 2476 1575 2521 ita
1610 2482 1674 2533 ut,
1710 2478 1815 2522 data
1854 2479 1917 2522 di-

137 2556 368 2612 missione,
395 2556 581 2615 professi
605 2556 662 2600 ah
693 2556 818 2601 omni
852 2557 1081 2601 dictorum
1112 2562 1326 2602 votorum
1363 2558 1550 2603 vinculo
1574 2564 1619 2604 et
1641 2560 1916 2618 obligatione

134 2653 188 2684 eo
223 2639 316 2699 ipso
364 2638 490 2684 liberi
524 2639 652 2684 liant.
689 2641 963 2696 4)Facu1tas
1009 2645 1167 2685 autem
1210 2640 1474 2686 dimittendi
1524 2643 1748 2700 professos
1788 2649 1916 2689 voto-

135 2735 236 2767 rum
269 2721 544 2780 simplicium
577 2722 632 2767 de
663 2722 828 2782 quibus
858 2723 1025 2780 agitur,
1050 2727 1228 2782 spectat
1260 2725 1315 2768 ad
1348 2724 1618 2782 Magistrum
1644 2726 1914 2772 Generalem

254 2925 261 2943 ¹
292 2924 386 2961 Sess.
415 2925 531 2968 XXV,
557 2935 636 2971 cap.
663 2927 732 2963 XV
758 2928 800 2962 cle
826 2927 951 2973 Requl.

253 2995 265 3013 ²
292 2995 372 3032 Diei
400 2996 444 3032 19
471 2997 591 3033 martii
621 2996 721 3034 1857.

253 3067 266 3086 ³
292 3066 350 3103 Ad
374 3068 589 3106 universalis
614 3069 806 3106 Ecclesiae.

258 3150 570 3182 ZiTELLi-Smassm.
1446 3156 1451 3166 ¹
1748 3154 1792 3185 28
