2176 3386
257 181 339 221 266
902 190 1013 219 PARS
1042 191 1067 219 1.
1106 190 1163 219 DE
1190 189 1404 219 pensoms

257 297 543 344 clesiasticae
586 298 764 343 notorie
806 310 1051 356 pauperes,
1097 311 1215 357 quae
1249 296 1330 342 vix
1363 297 1621 344 necessaria
1653 298 1855 344 habeant
1885 299 1942 344 ad
1973 299 2042 344 sui

259 381 648 427 sustentationem
668 382 699 425 ¹.
751 381 793 438 5)
830 380 885 425 Vi
917 379 1264 425 consuetudinis
1301 393 1327 424 a
1361 379 1459 425 iure
1491 380 1708 439 probatae
1740 382 1931 440 populus
1962 395 2040 427 seu

260 464 401 523 plebis
423 465 646 509 laicorum
669 467 807 523 atque
829 463 1159 508 universitates
1192 462 1402 508 locales2.
1441 464 1577 508 Secus
1608 469 1763 509 autem
1797 464 2042 510 dicendum

258 552 329 593 est
349 549 405 592 de
426 546 893 594 Confraternitatibus
909 546 940 590 ⁸.
976 547 1019 603 4)
1050 545 1327 590 Monasteria
1353 545 1643 602 monialium,
1664 547 1749 591 nisi
1767 546 2042 592 heneficium

257 629 438 690 aliquod
471 631 530 675 sit
573 631 619 674 in
653 643 812 674 earum
845 627 1037 673 ecclesia
1058 628 1089 673 ⁴.
1128 628 1169 690 5)
1195 629 1405 689 Oratoria
1449 628 1627 687 privata
1652 631 1684 675 ⁵.
1721 632 1763 687 6)
1804 630 2043 689 Privilegio

257 714 507 772 apostolico
539 715 791 772 gaudentes
821 713 955 776 (111on
974 712 1246 770 explicitum
1269 712 1344 768 sit,
1371 726 1480 757 nam
1513 713 1802 770 generalibus
1831 713 2044 760 terminis

258 802 534 856 conceptum
570 811 661 842 non
697 796 864 842 sufficit
886 796 917 840 ⁶.
955 798 997 852 7)
1038 795 1237 841 Ecclesia
1270 796 1551 841 cathedralis
1575 798 1605 841 ⁷.

377 882 478 925 511.
512 880 596 935 Qui
630 895 740 925 vero
773 879 1145 939 procurationem
1182 879 1434 924 indebitam
1467 880 1754 938 culpabiliter
1785 881 2040 939 exegerint,

257 966 312 1009 ad
349 964 537 1022 duplum
586 964 960 1008 condemnantur
982 963 1013 1007 ⁸.
1067 954 1199 1007 l'uxta
1233 963 1551 1007 Tridentinum
1585 962 1838 1009 Concilium
1861 965 1877 988 ⁹
1913 963 1956 1008 hi
1996 963 2042 1008 in

256 1048 457 1094 Concilio
491 1047 767 1092 Provinciali
801 1047 898 1092 sine
934 1047 1098 1092 veniae
1132 1060 1209 1105 spe
1242 1047 1392 1106 aliqua
1428 1061 1573 1105 poena
1608 1047 1908 1092 mulctantur.

375 1134 480 1175 Post
513 1130 830 1175 visitationem
865 1134 1086 1174 tenentur
1121 1129 1327 1188 Episcopi
1360 1144 1521 1175 curare
1555 1135 1605 1174 ut
1636 1144 1753 1189 quae
1792 1129 2042 1175 constituta

256 1217 366 1257 sunt
399 1227 507 1257 vere
540 1212 595 1256 ad
628 1213 845 1257 effectum
882 1212 1191 1270 perducantur
1214 1212 1262 1256 ¹⁰.
1836 1220 1839 1221 ’

749 1394 766 1441 ἓ
792 1396 825 1431 6.
852 1416 898 1419 -
924 1395 982 1431 De
1016 1395 1247 1431 Visitatione
1271 1406 1319 1430 ss.
1340 1394 1555 1430 Limitzum.

376 1545 475 1588 51-2.
515 1543 780 1603 Antiquitus
817 1544 1018 1602 Episcopi
1054 1557 1297 1588 romanum
1342 1543 1429 1588 iter
1469 1542 1852 1601 aggrediebantur
1890 1542 2043 1600 potius

255 1626 515 1671 devotionis
548 1640 683 1672 causa
716 1641 854 1687 quam
887 1627 996 1686 legis
1019 1629 1308 1672 necessitate.
1348 1631 1405 1672 At
1431 1632 1586 1685 postea
1622 1625 1825 1684 Episcopi
1853 1625 2040 1683 obligari

255 1714 508 1768 coeperunt
531 1710 580 1754 ¹¹.

375 1793 499 1838 Finis
534 1793 812 1838 visitationis
843 1798 943 1839 erat
974 1799 1074 1839 tum
1107 1795 1162 1839 ad
1193 1807 1348 1852 preces
1377 1793 1632 1838 fundendas
1663 1792 1782 1851 apud
1807 1791 2039 1850 Apostolo-

257 1889 359 1919 rum
379 1877 664 1935 Sepulcrum,
686 1882 785 1921 tum
804 1877 859 1921 ad
877 1877 1210 1922 subiectionem
1232 1880 1438 1921 Romano
1460 1874 1667 1920 Pontifici
1687 1873 1990 1932 profitendam
2007 1874 2041 1898 ¹²

375 2090 385 2108 ¹
415 2090 761 2128 SchAchaUERER
787 2091 811 2128 l.
838 2102 868 2127 e.

375 2162 387 2180 ¹
415 2162 449 2198 S.
477 2162 514 2198 C.
542 2163 579 2198 C.
607 2163 645 2198 in
670 2163 814 2199 Ferent.
842 2162 888 2199 ΞΟ
915 2165 1002 2208 Apr.
1034 2163 1135 2199 1782.

374 2232 386 2251 ³
414 2233 448 2269 S.
476 2233 514 2269 C.
541 2233 578 2269 C.
606 2233 643 2269 in
671 2233 869 2279 Spoletana
897 2234 938 2269 14
966 2234 1041 2270 iun.
1072 2232 1174 2270 1710.

374 2302 388 2323 '⁵
415 2303 574 2340 GmALm
602 2305 642 2340 P.
669 2304 694 2347 Ι,
722 2305 815 2341 Sect.
834 2304 915 2341 562.

373 2375 385 2395 ¹⁵
412 2377 709 2422 Rs1rruNsrum.‚
736 2377 781 2413 de
807 2387 918 2422 cens„
944 2388 980 2414 n.
1005 2377 1063 2413 51.

373 2448 387 2468 ⁶
413 2450 761 2487 SchALzonuEBmi
788 2450 811 2486 l.
837 2460 868 2486 c.

374 2521 386 2540 ⁷
413 2522 467 2558 Ita
492 2522 657 2559 decisum
685 2532 705 2558 a
732 2522 767 2560 S.
793 2522 830 2558 C.
857 2521 1013 2558 Concilii
1043 2521 1083 2556 17
1110 2521 1203 2557 Nov.
1237 2520 1340 2557 1685.

372 2604 385 2624 ⁸
412 2605 522 2642 Cone.
550 2605 645 2642 Trid.
674 2606 772 2642 Sess.
798 2605 934 2648 XXIV,
960 2604 1048 2651 Cap.
1074 2605 1138 2650 ΙΙΙ,
1165 2604 1209 2642 (16
1239 2604 1314 2641 Res.

373 2677 385 2696 ⁹
412 2677 509 2714 Trid.
536 2677 647 2714 Conc.
675 2676 761 2722 Cap.
780 2677 813 2721 5,
841 2677 937 2713 Sess.
964 2675 1009 2712 24
1036 2676 1083 2713 de
1109 2675 1268 2712 Reform.

361 2759 389 2779 ¹⁰
415 2760 549 2797 Bened.
578 2760 665 2796 XIV
691 2760 814 2797 Consi.
846 2759 911 2796 Ubi
934 2759 1097 2806 primum
1124 2757 1145 2793 5
1173 2758 1258 2794 Dec.
1288 2757 1393 2793 1740.

361 2833 385 2852 ¹¹
416 2833 475 2870 Uti
502 2836 603 2879 patet
627 2842 675 2869 ex
699 2841 781 2878 cap.
807 2833 828 2868 4
855 2831 899 2868 de
927 2830 1168 2868 Iureiurando
1195 2830 1233 2866 in
1258 2828 1504 2866 decretalibus
1530 2828 1569 2864 in
1595 2837 1669 2874 quo
1695 2835 1781 2864 cum
1800 2823 1956 2862 formula
1977 2833 2038 2860 ex-

250 2905 398 2942 hibetur
424 2903 620 2941 iuramenti
647 2913 670 2940 a
686 2912 786 2940 novo
812 2903 997 2949 Episcopo
1016 2900 1238 2948 praestandi,
1257 2901 1467 2946 Episcopus
1487 2900 1580 2936 iurat
1597 2908 1637 2935 se
1654 2898 1888 2935 visitaturum
1911 2895 2039 2933 limina

252 2977 529 3023 Apostolorum.

359 3047 389 3066 '¹
417 3048 470 3084 Ex
496 3056 576 3084 can.
602 3046 635 3090 4,
661 3047 746 3084 dist.
771 3045 818 3082 95
844 3047 882 3083 in
907 3046 1056 3083 decreto
1083 3043 1261 3081 Gratiani.
