2176 3386
713 249 843 277 Lmen
871 248 911 276 11.
942 248 999 276 Dr:
1029 246 1330 276 REGULAnissus
1836 234 1912 274 451

127 357 220 403 sint
251 357 350 402 eius
395 357 582 414 domus;
618 355 796 400 edoceri
829 355 970 399 etiam
1003 354 1140 399 debet
1186 357 1297 413 quot
1328 353 1422 398 sint
1455 353 1541 397 viri
1574 365 1654 397 seu
1698 352 1914 398 mulieres

127 441 371 499 professae,
404 438 588 498 quando
619 437 982 484 constitutiones
1018 437 1312 482 elucubratae
1346 435 1455 494 sint;
1491 449 1605 495 quos
1650 450 1916 495 progressus

126 536 247 568 nova
281 521 490 567 fundatio
524 520 698 576 fecerit,
723 534 836 580 quas
868 519 1059 565 subierit
1091 519 1232 576 vices,
1257 533 1347 578 quo
1382 520 1427 563 in
1462 522 1585 563 statu
1619 518 1663 563 in
1702 532 1915 577 praesens

126 608 365 661 versetur,
416 617 624 664 quaeque
682 603 879 648 subsidia
932 602 1200 661 temporalIa
1249 603 1289 647 ei
1338 606 1599 661 suppetant.
1666 601 1908 659 Exigitur:

125 691 167 747 Ξ)
190 689 409 735 Omnium
445 687 757 746 religiosorum
791 700 869 731 seu
904 685 1174 731 monialium
1207 699 1461 730 consensus
1493 684 1810 742 capitulariter
1844 699 1910 728 re-

120 771 342 831 quisitus;
378 772 420 828 5)
441 769 835 816 Constitutionum
885 769 1058 814 utilitas
1105 768 1426 826 experimento
1462 768 1665 827 probata.
1719 768 1912 820 Quando

123 857 256 898 Sacra
290 852 587 911 Congregatio
611 852 705 897 Fid.
735 857 862 910 Prop.
889 851 1067 910 singula
1100 851 1380 897 documenta
1412 865 1466 896 ac
1500 850 1618 895 scitu
1654 849 1911 895 necessaria

123 936 320 995 collegit,
354 941 653 995 actorumque
690 934 851 993 positio
883 948 962 979 seu
995 934 1204 979 collectio
1237 934 1464 992 completa
1498 940 1583 988 est,
1612 937 1710 977 tum
1748 931 1910 991 positio

124 1021 219 1079 ipsa
251 1020 308 1065 ad
330 1017 708 1065 commissionem
732 1019 1071 1072 Consultorum‚
1098 1017 1171 1062 cui
1207 1016 1434 1076 praesidet
1466 1029 1586 1060 unus
1618 1031 1677 1061 ex
1703 1019 1782 1060 PP.
1806 1019 1909 1060 Car-

120 1104 348 1149 dinalibus
366 1106 526 1148 Sacrae
550 1101 689 1160 ipsius
705 1100 1081 1159 congregationis
1105 1100 1452 1156 transmittitur,
1474 1114 1590 1159 quae
1614 1102 1673 1144 Co
1686 1099 1909 1154 mmissio,

121 1186 386 1244 praehabito
428 1190 533 1230 voto
576 1185 712 1229 unius
753 1199 809 1229 ex
844 1183 1191 1230 Consultoribus
1233 1188 1540 1242 accuratoque
1590 1184 1807 1228 examine
1842 1183 1908 1227 in-

121 1270 305 1324 stituto,
351 1283 479 1314 suam
523 1269 802 1313 sententiam
849 1269 995 1327 aperit·
1035 1283 1228 1327 eamque
1271 1267 1453 1326 scriptis
1495 1267 1750 1325 consignat.
1808 1272 1911 1312 Post

123 1354 234 1397 llaec
282 1352 496 1397 universa
549 1366 618 1397 res
662 1352 950 1410 generalibus
997 1351 1197 1396 comitiis
1244 1352 1459 1397 Eiiiorum
1495 1355 1575 1397 PP.
1612 1352 1907 1397 diiudicanda

122 1436 408 1494 proponitur.

240 1519 340 1563 588.
377 1518 616 1564 ordinarie
651 1519 892 1578 loquendo,
920 1524 1168 1578 antequam
1192 1518 1554 1565 Constitutiones
1576 1522 1906 1580 approbentur,

125 1607 366 1648 Decretum
399 1603 544 1647 laudis
567 1602 892 1661 praemittitur,
918 1603 1035 1663 quod
1067 1618 1157 1648 non
1184 1603 1304 1648 idem
1327 1618 1509 1663 semper
1531 1609 1614 1650 est.
1653 1605 1907 1665 Aliquando

120 1685 243 1729 enim
279 1686 489 1730 laudatur
514 1687 835 1731 tantummodo
868 1700 1030 1745 scopus
1063 1692 1108 1731 et
1132 1686 1234 1731 linis
1270 1687 1488 1743 instituti,
1514 1689 1633 1747 quod
1668 1689 1763 1733 fieri
1789 1691 1900 1734 solet

120 1781 224 1812 cum
250 1768 295 1812 in
321 1767 542 1825 regimine
566 1774 611 1812 et
633 1769 1046 1814 Constitutionibus
1078 1770 1283 1815 defectus
1315 1770 1478 1830 aliquis
1510 1771 1871 1829 deprehenditur
1893 1791 1901 1830 ;

119 1851 362 1910 aliquando
395 1865 557 1910 scopus
589 1857 634 1896 et
666 1852 934 1898 institutum
969 1853 1196 1909 laudatur,
1232 1868 1366 1912 saepe
1405 1854 1677 1913 simpliciter
1722 1856 1904 1902 institu-

119 1940 244 1992 tum;
281 1934 523 1995 aliquando
558 1936 824 1982 [nstitutum
858 1937 1136 1995 approbatur
1167 1942 1213 1982 et
1237 1937 1599 1983 constitutiones
1631 1938 1902 1997 simpliciter

119 2017 386 2075 laudantur5
434 2019 677 2078 aliquando
726 2020 885 2064 eodem
932 2025 1136 2077 tempore
1170 2021 1438 2066 conceditur
1485 2025 1726 2067 Decretum
1762 2022 1906 2067 laudis

119 2106 164 2145 et
211 2102 566 2160 approbationis,
615 2117 720 2148 cum
765 2103 939 2148 seilicet
986 2104 1358 2163 experimentum
1408 2104 1654 2163 praeceSsit
1700 2111 1747 2150 et
1789 2109 1903 2151 Con-

118 2184 410 2229 stitutionum
445 2185 619 2231 utilitas
643 2191 876 2245 perspecta
911 2193 994 2232 est.
1031 2188 1158 2242 Quod
1182 2188 1217 2232 si
1240 2188 1614 2246 experimentum
1651 2204 1742 2235 non
1772 2205 1897 2248 prae·

118 2267 322 2324 cesserit,
357 2282 611 2326 congruum
646 2274 827 2327 tempus
859 2270 1137 2328 praeligitur,
1166 2270 1407 2329 propositis
1442 2272 1709 2332 plerumque
1743 2273 1902 2332 aliqui-

118 2349 200 2395 bus
247 2351 661 2397 modificationibus
711 2352 755 2397 in
789 2353 1129 2398 Consitutiones
1179 2354 1464 2411 inducendis,
1500 2361 1544 2399 et
1594 2369 1648 2400 eo
1699 2360 1903 2415 tempore

117 2435 284 2492 elapso,
320 2435 680 2481 Constitutiones
713 2437 879 2481 iterum
915 2437 970 2482 ad
1004 2452 1202 2482 examen
1238 2443 1499 2494 reiocatae,
1530 2439 1769 2484 delinitixe
1803 2455 1902 2498 pro-

118 2517 286 2562 bantur
310 2518 341 2562 ¹.

236 2686 244 2705 ¹
275 2686 315 2722 In
340 2686 632 2733 Congregatione
660 2688 747 2726 Gen.
768 2690 845 2725 Fid.
867 2690 973 2736 Prop.
1001 2691 1123 2727 habita
1150 2691 1210 2727 die
1236 2691 1258 2726 5
1286 2691 1444 2727 ianuarii
1474 2691 1566 2728 1885
1592 2692 1789 2728 occasione
1814 2702 1902 2729 exa-

118 2756 227 2793 minis
252 2757 441 2794 relationis
467 2759 565 2796 circa
590 2760 880 2797 Constitutiones
906 2761 1081 2799 Sororum
1109 2762 1193 2798 Ord.
1215 2763 1250 2798 S.
1269 2763 1457 2800 Benedicti
1486 2763 1524 2798 in
1550 2763 1713 2800 dioecesi
1742 2764 1899 2800 Birmin-

117 2827 318 2873 ghamensi,
334 2829 469 2875 placuit
495 2831 595 2868 Emis
615 2832 784 2868 Patribus
811 2832 1006 2869 decernere
1033 2843 1190 2869 examen
1209 2833 1521 2870 Constitutionum
1551 2834 1808 2871 Institutorum
1829 2836 1898 2872 Re-

118 2899 298 2944 galai-ium
326 2901 500 2937 Sororum
528 2902 566 2938 in
592 2908 782 2948 posterum
809 2904 978 2949 sequenti
1008 2905 1146 2940 ratione
1173 2914 1254 2940 esse
1283 2905 1505 2942 habendum.
1535 2904 1568 2945 1)
1589 2905 1658 2942 Ubi
1686 2906 1897 2943 institutum

117 2969 266 3017 aliquod
291 2973 464 3009 Sororum
502 2973 648 3019 regulas
674 2975 751 3010 sive
779 2974 1068 3012 Constitutiones
1095 2976 1176 3012 Sac.
1203 2976 1493 3022 Congregationi
1519 2977 1780 3023 approbandas
1812 2978 1899 3014 sub-

119 3041 246 3085 mittat,
264 3043 310 3079 ad
335 3043 550 3090 Superiores
576 3045 741 3082 eiusdem
768 3046 960 3083 mittantur
984 3047 1211 3093 exemplaria
1239 3047 1451 3093 regularum
1470 3048 1631 3084 Instituti
1651 3048 1827 3086 Sororum
1854 3049 1898 3086 de

85 3162 90 3167 ·
117 3110 219 3149 Bono
246 3113 417 3151 Subsidio
442 3119 478 3151 et
497 3115 670 3152 Sororum
698 3116 793 3152 tertii
821 3116 968 3154 Ordinis
994 3118 1038 3154 dc
1066 3118 1273 3155 Rosendaal
1300 3118 1338 3155 in
1364 3118 1571 3162 Hollandia,
1598 3124 1637 3156 ut
1664 3130 1711 3156 ex
1730 3119 1785 3163 iis,
1805 3129 1897 3166 quas
