2176 3386
759 194 889 223 Lmen
918 194 946 222 1.
983 194 1040 221 DE
1068 193 1263 222 cnnmcls
1828 181 1908 222 265

54 363 57 366 y
118 303 294 361 gnitate
335 301 570 348 visitantis
613 300 995 360 suppeditandum
1044 314 1159 356 esse,
1203 300 1406 360 adeoque
1451 299 1657 358 Episcopi
1700 300 1908 358 delegato

119 385 192 429 vel
227 383 408 429 Vicario
441 383 685 442 capitulari
719 382 911 428 dimidio
936 382 1163 427 minorem
1190 383 1286 440 ipso
1313 383 1558 440 Episcopo;
1594 385 1632 438 e)
1669 383 1904 441 optionem

119 468 214 513 dari
250 467 304 513 iis
325 468 401 527 qui
426 467 677 513 visitantur
699 466 990 512 ministrandi
1018 467 1088 511 vel
1127 466 1352 511 victuaria
1388 467 1461 511 vel
1493 469 1734 526 pecuniam
1767 481 1906 526 quam

118 555 254 595 antea
287 551 405 595 forte
437 549 792 606 consueverint;
829 549 870 606 f)
893 548 1156 608 particulari
1188 548 1383 594 alicuius
1417 549 1638 594 ecclesiae
1661 554 1906 610 consuetu-

117 633 224 678 dine
259 632 628 691 procurationem
665 646 754 676 non
791 645 921 690 posse
956 631 1218 690 praescribi,
1253 632 1339 676 etsi
1390 632 1676 677 consuetudo
1720 632 1780 677 sit
1824 632 1906 678 im-

118 714 444 770 memorabilis,
480 729 538 760 ne
571 717 737 760 ceteris
769 729 886 760 onus
918 719 1168 761 accrescat.
1201 718 1379 785 ‘Contra
1423 729 1534 760 vero
1575 715 1823 760 dicendum
1868 716 1904 761 si

118 802 279 855 agatur
310 797 366 842 de
399 797 733 843 consuetudine
766 798 965 856 generali
1002 798 1195 842 alicuius
1229 797 1315 842 loci
1349 811 1428 843 seu
1462 797 1729 856 provinciae
1755 799 1784 842 ¹.
1842 802 1906 842 Ex

118 895 172 926 eo
203 882 320 940 quod
355 881 576 926 debeatur
606 882 724 940 quod
760 895 839 938 pro
873 881 1148 926 necessitate
1171 881 1389 939 exigitur,
1414 880 1645 940 sequitur:
1682 883 1728 938 9)
1760 895 1906 940 neque

119 963 162 1008 in
199 964 291 1022 ipsa
325 965 574 1009 cathedrali
610 965 720 1009 urbe
753 965 871 1022 exigi
908 965 1031 1009 illam
1066 966 1213 1023 posse,
1251 979 1399 1025 neque
1422 964 1469 1009 in
1493 965 1592 1010 loco
1615 965 1727 1009 adeo
1752 964 1906 1010 vicino

119 1053 168 1091 ut
204 1048 447 1106 Episcopus
480 1050 525 1092 in
559 1049 748 1093 ‹loinuni
783 1062 913 1094 suam
948 1049 1189 1094 commode
1223 1062 1269 1093 se
1294 1048 1498 1106 recipere
1522 1048 1687 1107 possit;
1723 1048 1769 1106 Ιι)
1797 1049 1905 1094 dua-

116 1133 198 1176 bus
230 1132 434 1176 ecclesiis
467 1146 557 1176 una
591 1132 662 1176 die
698 1132 910 1189 visitatis,
948 1147 1088 1177 unam
1115 1131 1488 1192 procurationem
1511 1131 1723 1189 deberi²;
1760 1135 1792 1189 i)
1817 1146 1906 1192 quo

117 1228 239 1258 anno
277 1215 520 1273 Episcopus
555 1215 870 1260 visitationem
907 1229 999 1260 non
1032 1216 1144 1271 obit,
1193 1215 1565 1273 procurationem
1607 1215 1647 1260 ei
1693 1230 1784 1260 non
1832 1217 1905 1260 de-

117 1297 261 1342 beri3.
310 1299 352 1354 k)
379 1298 419 1342 Si
455 1299 595 1342 semel
640 1298 900 1357 iterumque
944 1299 990 1342 in
1036 1313 1127 1343 uno
1173 1313 1296 1343 anno
1338 1298 1656 1343 visitationem
1697 1298 1902 1356 suscipit,

117 1396 257 1426 unani
294 1383 663 1440 procurationem
698 1382 882 1438 exigere
919 1395 1046 1439 posse
1071 1382 1102 1426 ³.
1144 1381 1373 1441 Denique3
1412 1383 1442 1439 ί)
1467 1381 1647 1426 itineris
1679 1395 1907 1440 expensas

119 1467 258 1525 repeti
297 1481 387 1511 non
424 1467 602 1525 posse5,
641 1469 700 1521 m)
730 1481 877 1526 neque
915 1467 1185 1524 Episcopum
1223 1479 1350 1524 posse
1385 1467 1503 1511 dona
1541 1467 1758 1525 recipere.

237 1552 337 1596 509.
376 1552 439 1596 Ad
475 1551 753 1596 visitationis
786 1564 1013 1609 expensas
1049 1555 1267 1595 tenentur
1303 1551 1490 1596 Parochi
1523 1556 1569 1595 et
1591 1551 1850 1597 beneficiati
1871 1551 1901 1595 ⁶.

119 1636 212 1679 Una
241 1648 346 1679 cum
383 1635 583 1679 Parocbo
618 1639 837 1679 tenentur
871 1647 1150 1691 possessores
1187 1633 1514 1678 beneficiorum
1549 1634 1826 1692 simplicium
1860 1637 1907 1678 et

116 1716 502 1775 cappellaniarum
536 1731 652 1776 quae
687 1716 732 1761 in
768 1716 954 1760 titulum
989 1717 1345 1761 conferuntur⁷.
1384 1720 1619 1762 Tenentur
1652 1718 1792 1762 etiam
1836 1731 1904 1762 so·

115 1798 267 1843 dalitia
293 1800 602 1846 ecclesiastica
629 1800 808 1859 aliaque
833 1800 902 1857 pia
929 1802 1041 1845 loca.
1080 1804 1315 1844 'l'enentur
1338 1800 1367 1844 ii
1395 1802 1627 1858 regulares
1648 1801 1724 1860 qui
1750 1801 1903 1846 visita-

115 1881 227 1926 tioni
262 1882 505 1940 episcopali
538 1883 730 1928 subiecti
765 1889 890 1939 sunt,
930 1884 1013 1928 nisi
1052 1884 1342 1942 privilegium
1379 1885 1595 1930 babeant.
1654 1889 1754 1931 Non
1799 1886 1905 1931 licet

115 1970 270 2009 autem
308 1965 526 2025 Episcopo
558 1972 819 2012 conventus
855 1981 1021 2026 parvos
1056 1966 1271 2011 visitandi
1308 1968 1478 2027 aliquid
1511 1968 1719 2026 accipere
1744 1983 1903 2027 procu·

120 2049 311 2095 rationis
344 2051 533 2095 nomine
553 2051 583 2095 ⁸.

233 2135 333 2178 510.
373 2138 403 2180 Α
431 2135 751 2193 procuratione
785 2136 1032 2195 aequitatis
1066 2136 1163 2180 iure
1199 2136 1478 2181 liberantur:
1520 2138 1557 2193 1)
1586 2137 1826 2195 hospitalia
1860 2142 1905 2182 et

114 2215 276 2262 similia
313 2217 410 2261 loca
445 2217 490 2261 in
527 2231 778 2276 pauperum
811 2218 1032 2263 alimenta
1074 2218 1303 2274 instituta,
1341 2219 1427 2263 nisi
1462 2218 1672 2264 beneficii
1718 2219 1902 2263 titulum

115 2299 346 2344 adnexum
373 2300 572 2345 habeant
589 2301 620 2344 ⁹.
650 2305 906 2346 Praeterea:
935 2304 976 2358 2)
999 2302 1255 2346 liberantur
1276 2302 1496 2347 ecclesiae
1519 2307 1565 2346 et
1587 2316 1808 2361 personae
1831 2317 1902 2347 00-

231 2475 240 2494 ¹
270 2475 380 2512 Conc.
407 2476 502 2512 Trid.
531 2477 627 2513 Sess.
654 2477 790 2519 XXIV,
818 2478 906 2523 Cap.
935 2478 984 2513 111
1013 2478 1056 2514 de
1085 2478 1161 2514 Res.

231 2547 243 2565 ²
270 2548 357 2594 Cap.
384 2549 416 2592 5,
444 2549 495 2584 tit.
524 2549 604 2591 XX,
632 2549 694 2585 lib.
722 2549 742 2585 5
770 2550 808 2585 in
834 2550 883 2586 6⁰.

232 2619 244 2638 ³
271 2620 304 2656 S.
332 2620 368 2656 C.
396 2620 433 2657 C.
462 2622 499 2657 in
527 2622 695 2668 Api-utin.
724 2622 810 2660 Dec.
840 2622 942 2665 1584,
972 2623 1052 2659 Lib.
1078 2623 1099 2658 [ι
1127 2624 1231 2660 Decr.

229 2691 243 2709 ¹·
270 2691 305 2727 S.
331 2691 371 2727 C.
398 2691 434 2728 C.
463 2693 500 2728 in
526 2693 715 2729 Policastr.
742 2693 840 2731 Proc.
871 2694 887 2730 1
917 2693 1007 2731 iunii
1037 2694 1139 2730 1757.

231 2762 243 2780 ⁶
270 2762 474 2800 FAGNANus
501 2763 538 2799 in
564 2764 650 2810 Cap.
677 2764 722 2800 25
749 2765 793 2801 de
819 2775 918 2801 cens.

230 2831 243 2851 ⁶
271 2834 306 2871 S.
332 2833 464 2880 Congr.
492 2835 602 2872 Cone.
630 2835 667 2872 111
695 2837 926 2874 camerinen.
955 2837 1230 2874 Procul-ationis
1255 2837 1301 2873 25
1327 2837 1418 2874 Nov.
1449 2837 1552 2873 1795.

231 2902 244 2922 ⁷
271 2903 306 2940 S.
332 2904 467 2950 congr.
492 2905 604 2942 Conc.
632 2906 671 2942 in
695 2906 871 2944 Narnien.
902 2907 945 2944 12
972 2908 1070 2954 Sept.
1100 2908 1203 2944 1654.

230 2973 244 2994 ⁸
269 2974 320 3010 Cf.
346 2975 496 3012 Collect.
521 2977 696 3014 Bizzimm
726 2988 759 3024 p.
785 2977 868 3015 291.

231 3045 244 3064 ⁹
270 3046 474 3084 FAGNANus
501 3048 538 3084 in
565 3048 650 3094 Cap.
678 3048 723 3085 24
749 3050 794 3086 de
813 3060 912 3087 cens.
933 3060 969 3087 n.
988 3051 1055 3094 54;
1084 3052 1431 3089 scuuanzonunm
1449 3051 1487 3087 in
1507 3051 1557 3087 tit.
1577 3051 1621 3087 de
1645 3061 1745 3087 cens.
1764 3060 1799 3087 n.
1822 3051 1900 3087 106.
