<?xml version="1.0" encoding="UTF-8"?>
<!DOCTYPE html PUBLIC "-//W3C//DTD XHTML 1.0 Transitional//EN"
    "http://www.w3.org/TR/xhtml1/DTD/xhtml1-transitional.dtd">
<html xmlns="http://www.w3.org/1999/xhtml" xml:lang="en" lang="en">
 <head>
  <title>
</title>
<meta http-equiv="Content-Type" content="text/html;charset=utf-8" />
  <meta name='ocr-system' content='tesseract 3.04.00' />
  <meta name='ocr-capabilities' content='ocr_page ocr_carea ocr_par ocr_line ocrx_word'/>
</head>
<body>
  <div class='ocr_page' id='page_1' title='image "apparatus00ziteuoft_0354.png"; bbox 0 0 2176 3386; ppageno 0'>
   <div class='ocr_carea' id='block_1_1' title="bbox 193 184 1336 226">
    <p class='ocr_par' dir='ltr' id='par_1_1' title="bbox 193 184 1336 226">
     <span class='ocr_line' id='line_1_1' title="bbox 193 184 1336 226; baseline 0.001 -2"><span class='ocrx_word' id='word_1_1' title='bbox 193 184 273 224; x_wconf 86' lang='lat'>342</span> <span class='ocrx_word' id='word_1_2' title='bbox 836 195 947 224; x_wconf 79' lang='lat' dir='ltr'>PARS</span> <span class='ocrx_word' id='word_1_3' title='bbox 975 196 1003 224; x_wconf 89' lang='lat'>1.</span> <span class='ocrx_word' id='word_1_4' title='bbox 1039 196 1097 225; x_wconf 86' lang='lat' dir='ltr'>DE</span> <span class='ocrx_word' id='word_1_5' title='bbox 1125 195 1336 226; x_wconf 69' lang='lat' dir='ltr'>Pensoms</span> 
     </span>
    </p>
   </div>
   <div class='ocr_carea' id='block_1_2' title="bbox 190 301 1977 2437">
    <p class='ocr_par' dir='ltr' id='par_1_2' title="bbox 191 301 1977 1592">
     <span class='ocr_line' id='line_1_2' title="bbox 316 301 1974 360; baseline 0.002 -14"><span class='ocrx_word' id='word_1_6' title='bbox 316 303 414 347; x_wconf 59' lang='lat'><strong><em>¹452.</em></strong></span> <span class='ocrx_word' id='word_1_7' title='bbox 451 301 610 348; x_wconf 77' lang='lat' dir='ltr'>Clerici</span> <span class='ocrx_word' id='word_1_8' title='bbox 643 301 742 348; x_wconf 91' lang='lat' dir='ltr'>sive</span> <span class='ocrx_word' id='word_1_9' title='bbox 768 302 962 347; x_wconf 90' lang='lat' dir='ltr'>maiores</span> <span class='ocrx_word' id='word_1_10' title='bbox 985 301 1084 346; x_wconf 85' lang='lat' dir='ltr'>sive</span> <span class='ocrx_word' id='word_1_11' title='bbox 1109 301 1312 347; x_wconf 88' lang='lat' dir='ltr'>minores</span> <span class='ocrx_word' id='word_1_12' title='bbox 1334 303 1347 326; x_wconf 76' lang='lat'>¹</span> <span class='ocrx_word' id='word_1_13' title='bbox 1372 302 1734 360; x_wconf 76' lang='lat' dir='ltr'><strong>negotiationem</strong></span> <span class='ocrx_word' id='word_1_14' title='bbox 1758 318 1974 351; x_wconf 79' lang='lat' dir='ltr'>exercere</span> 
     </span>
     <span class='ocr_line' id='line_1_3' title="bbox 193 384 1976 443; baseline 0.001 -13"><span class='ocrx_word' id='word_1_15' title='bbox 193 384 409 443; x_wconf 79' lang='lat' dir='ltr'>prohibiti</span> <span class='ocrx_word' id='word_1_16' title='bbox 433 387 557 429; x_wconf 90' lang='lat' dir='ltr'>sunt.</span> <span class='ocrx_word' id='word_1_17' title='bbox 585 384 844 442; x_wconf 83' lang='lat' dir='ltr'>Negotiatio</span> <span class='ocrx_word' id='word_1_18' title='bbox 866 385 953 429; x_wconf 86' lang='lat' dir='ltr'>alia</span> <span class='ocrx_word' id='word_1_19' title='bbox 977 389 1047 429; x_wconf 89' lang='lat' dir='ltr'>est</span> <span class='ocrx_word' id='word_1_20' title='bbox 1068 387 1376 441; x_wconf 78' lang='lat' dir='ltr'>oeconomica,</span> <span class='ocrx_word' id='word_1_21' title='bbox 1400 384 1485 430; x_wconf 85' lang='lat' dir='ltr'>alia</span> <span class='ocrx_word' id='word_1_22' title='bbox 1507 385 1758 432; x_wconf 76' lang='lat' dir='ltr'>lucrativa.</span> <span class='ocrx_word' id='word_1_23' title='bbox 1786 389 1976 432; x_wconf 79' lang='lat' dir='ltr'>Oecono-</span> 
     </span>
     <span class='ocr_line' id='line_1_4' title="bbox 193 468 1975 527; baseline 0.002 -16"><span class='ocrx_word' id='word_1_24' title='bbox 193 471 317 513; x_wconf 76' lang='lat' dir='ltr'>mica</span> <span class='ocrx_word' id='word_1_25' title='bbox 352 468 602 525; x_wconf 75' lang='lat' dir='ltr'>negotiatio</span> <span class='ocrx_word' id='word_1_26' title='bbox 634 468 846 512; x_wconf 76' lang='lat' dir='ltr'>consistit</span> <span class='ocrx_word' id='word_1_27' title='bbox 880 468 927 513; x_wconf 93' lang='lat' dir='ltr'>in</span> <span class='ocrx_word' id='word_1_28' title='bbox 951 468 1158 513; x_wconf 84' lang='lat' dir='ltr'>emendis</span> <span class='ocrx_word' id='word_1_29' title='bbox 1180 481 1296 527; x_wconf 80' lang='lat' dir='ltr'>quae.</span> <span class='ocrx_word' id='word_1_30' title='bbox 1322 468 1575 513; x_wconf 78' lang='lat' dir='ltr'>neccssaria</span> <span class='ocrx_word' id='word_1_31' title='bbox 1599 473 1724 524; x_wconf 84' lang='lat' dir='ltr'>sunt,</span> <span class='ocrx_word' id='word_1_32' title='bbox 1749 474 1829 514; x_wconf 87' lang='lat' dir='ltr'>ant</span> <span class='ocrx_word' id='word_1_33' title='bbox 1863 483 1975 515; x_wconf 90' lang='lat' dir='ltr'>ven-</span> 
     </span>
     <span class='ocr_line' id='line_1_5' title="bbox 194 539 1975 612; baseline 0.002 -16"><span class='ocrx_word' id='word_1_34' title='bbox 194 551 357 612; x_wconf 73' lang='lat' dir='ltr'>dendis</span> <span class='ocrx_word' id='word_1_35' title='bbox 378 566 495 612; x_wconf 88' lang='lat' dir='ltr'>quae</span> <span class='ocrx_word' id='word_1_36' title='bbox 519 552 745 610; x_wconf 82' lang='lat' dir='ltr'>superflua</span> <span class='ocrx_word' id='word_1_37' title='bbox 766 539 890 607; x_wconf 84' lang='lat' dir='ltr'>sunt,</span> <span class='ocrx_word' id='word_1_38' title='bbox 911 566 1055 611; x_wconf 81' lang='lat' dir='ltr'>eaque</span> <span class='ocrx_word' id='word_1_39' title='bbox 1075 542 1286 610; x_wconf 75' lang='lat' dir='ltr'>gerendis</span> <span class='ocrx_word' id='word_1_40' title='bbox 1305 565 1422 612; x_wconf 88' lang='lat' dir='ltr'>quae</span> <span class='ocrx_word' id='word_1_41' title='bbox 1438 547 1494 597; x_wconf 74' lang='lat' dir='ltr'>a‘d</span> <span class='ocrx_word' id='word_1_42' title='bbox 1511 566 1698 597; x_wconf 84' lang='lat' dir='ltr'>suarum</span> <span class='ocrx_word' id='word_1_43' title='bbox 1722 567 1876 598; x_wconf 91' lang='lat' dir='ltr'>rerum</span> <span class='ocrx_word' id='word_1_44' title='bbox 1899 567 1975 599; x_wconf 83' lang='lat' dir='ltr'>eu·</span> 
     </span>
     <span class='ocr_line' id='line_1_6' title="bbox 194 634 1974 693; baseline 0 -13"><span class='ocrx_word' id='word_1_45' title='bbox 194 650 293 680; x_wconf 84' lang='lat' dir='ltr'>ram</span> <span class='ocrx_word' id='word_1_46' title='bbox 313 639 358 680; x_wconf 86' lang='lat' dir='ltr'>et</span> <span class='ocrx_word' id='word_1_47' title='bbox 376 635 652 680; x_wconf 81' lang='lat' dir='ltr'>locationem</span> <span class='ocrx_word' id='word_1_48' title='bbox 679 635 927 693; x_wconf 75' lang='lat' dir='ltr'>pertinent.</span> <span class='ocrx_word' id='word_1_49' title='bbox 952 634 1210 692; x_wconf 80' lang='lat' dir='ltr'>Negotiatio</span> <span class='ocrx_word' id='word_1_50' title='bbox 1229 635 1464 680; x_wconf 71' lang='lat' dir='ltr'>lucrativa</span> <span class='ocrx_word' id='word_1_51' title='bbox 1483 650 1507 680; x_wconf 91' lang='lat' dir='ltr'>e</span> <span class='ocrx_word' id='word_1_52' title='bbox 1523 640 1681 680; x_wconf 86' lang='lat' dir='ltr'>contra</span> <span class='ocrx_word' id='word_1_53' title='bbox 1701 635 1787 681; x_wconf 88' lang='lat' dir='ltr'>alia</span> <span class='ocrx_word' id='word_1_54' title='bbox 1805 641 1874 681; x_wconf 88' lang='lat' dir='ltr'>est</span> <span class='ocrx_word' id='word_1_55' title='bbox 1897 651 1974 683; x_wconf 78' lang='lat' dir='ltr'>ar-</span> 
     </span>
     <span class='ocr_line' id='line_1_7' title="bbox 191 717 1974 777; baseline 0.001 -15"><span class='ocrx_word' id='word_1_56' title='bbox 191 719 408 777; x_wconf 70' lang='lat' dir='ltr'>cifieialis,</span> <span class='ocrx_word' id='word_1_57' title='bbox 445 719 531 763; x_wconf 87' lang='lat' dir='ltr'>alia</span> <span class='ocrx_word' id='word_1_58' title='bbox 566 724 859 777; x_wconf 60' lang='lat' dir='ltr'>quaestuosa.</span> <span class='ocrx_word' id='word_1_59' title='bbox 897 718 1167 777; x_wconf 73' lang='lat' dir='ltr'>Artificialis</span> <span class='ocrx_word' id='word_1_60' title='bbox 1200 717 1246 762; x_wconf 91' lang='lat' dir='ltr'>in</span> <span class='ocrx_word' id='word_1_61' title='bbox 1270 718 1463 762; x_wconf 87' lang='lat' dir='ltr'>alicuius</span> <span class='ocrx_word' id='word_1_62' title='bbox 1485 717 1596 763; x_wconf 83' lang='lat' dir='ltr'>artis</span> <span class='ocrx_word' id='word_1_63' title='bbox 1619 719 1840 764; x_wconf 87' lang='lat' dir='ltr'>exercitio</span> <span class='ocrx_word' id='word_1_64' title='bbox 1864 734 1974 765; x_wconf 90' lang='lat' dir='ltr'>con-</span> 
     </span>
     <span class='ocr_line' id='line_1_8' title="bbox 191 801 1974 860; baseline 0.001 -14"><span class='ocrx_word' id='word_1_65' title='bbox 191 802 339 858; x_wconf 82' lang='lat' dir='ltr'>sistit3</span> <span class='ocrx_word' id='word_1_66' title='bbox 377 807 652 860; x_wconf 69' lang='lat' dir='ltr'>quaestuosa</span> <span class='ocrx_word' id='word_1_67' title='bbox 688 814 797 845; x_wconf 84' lang='lat' dir='ltr'>vero</span> <span class='ocrx_word' id='word_1_68' title='bbox 830 805 1075 845; x_wconf 80' lang='lat' dir='ltr'>exercetur</span> <span class='ocrx_word' id='word_1_69' title='bbox 1106 801 1385 846; x_wconf 90' lang='lat' dir='ltr'>commercio</span> <span class='ocrx_word' id='word_1_70' title='bbox 1419 815 1573 846; x_wconf 76' lang='lat' dir='ltr'>rerum</span> <span class='ocrx_word' id='word_1_71' title='bbox 1606 801 1790 847; x_wconf 87' lang='lat' dir='ltr'>aliunde</span> <span class='ocrx_word' id='word_1_72' title='bbox 1823 817 1974 848; x_wconf 89' lang='lat' dir='ltr'>coem-</span> 
     </span>
     <span class='ocr_line' id='line_1_9' title="bbox 193 883 1975 943; baseline 0.001 -15"><span class='ocrx_word' id='word_1_73' title='bbox 193 889 374 942; x_wconf 89' lang='lat' dir='ltr'>ptarum</span> <span class='ocrx_word' id='word_1_74' title='bbox 411 885 482 928; x_wconf 91' lang='lat' dir='ltr'>vel</span> <span class='ocrx_word' id='word_1_75' title='bbox 516 883 823 928; x_wconf 87' lang='lat' dir='ltr'>conductione</span> <span class='ocrx_word' id='word_1_76' title='bbox 855 884 1111 928; x_wconf 83' lang='lat' dir='ltr'>alienarum</span> <span class='ocrx_word' id='word_1_77' title='bbox 1146 898 1387 942; x_wconf 82' lang='lat' dir='ltr'>operarum</span> <span class='ocrx_word' id='word_1_78' title='bbox 1411 884 1466 929; x_wconf 85' lang='lat' dir='ltr'>ad</span> <span class='ocrx_word' id='word_1_79' title='bbox 1489 885 1668 930; x_wconf 90' lang='lat' dir='ltr'>lucrum</span> <span class='ocrx_word' id='word_1_80' title='bbox 1691 886 1975 943; x_wconf 82' lang='lat' dir='ltr'>captandum</span> 
     </span>
     <span class='ocr_line' id='line_1_10' title="bbox 194 967 1974 1025; baseline 0 -13"><span class='ocrx_word' id='word_1_81' title='bbox 194 968 263 1012; x_wconf 70' lang='lat' dir='ltr'>vel</span> <span class='ocrx_word' id='word_1_82' title='bbox 310 967 448 1025; x_wconf 74' lang='lat' dir='ltr'>ipsius</span> <span class='ocrx_word' id='word_1_83' title='bbox 487 970 717 1024; x_wconf 69' lang='lat' dir='ltr'>pecuniae</span> <span class='ocrx_word' id='word_1_84' title='bbox 768 969 1095 1024; x_wconf 38' lang='lat' dir='ltr'>&#39;neyocz‘ationa</span> <span class='ocrx_word' id='word_1_85' title='bbox 1150 967 1407 1025; x_wconf 80' lang='lat' dir='ltr'>Negotiatio</span> <span class='ocrx_word' id='word_1_86' title='bbox 1453 967 1748 1013; x_wconf 86' lang='lat' dir='ltr'>oeconomica</span> <span class='ocrx_word' id='word_1_87' title='bbox 1797 967 1974 1012; x_wconf 76' lang='lat' dir='ltr'>clericis</span> 
     </span>
     <span class='ocr_line' id='line_1_11' title="bbox 192 1049 1974 1109; baseline 0.001 -15"><span class='ocrx_word' id='word_1_88' title='bbox 192 1050 417 1109; x_wconf 82' lang='lat' dir='ltr'>prohibita</span> <span class='ocrx_word' id='word_1_89' title='bbox 454 1065 543 1094; x_wconf 55' lang='lat' dir='ltr'>nnn</span> <span class='ocrx_word' id='word_1_90' title='bbox 578 1054 647 1094; x_wconf 89' lang='lat' dir='ltr'>cst</span> <span class='ocrx_word' id='word_1_91' title='bbox 669 1050 700 1094; x_wconf 81' lang='lat'>².</span> <span class='ocrx_word' id='word_1_92' title='bbox 739 1058 888 1104; x_wconf 81' lang='lat' dir='ltr'>Quare</span> <span class='ocrx_word' id='word_1_93' title='bbox 921 1049 1098 1095; x_wconf 80' lang='lat' dir='ltr'>clericis</span> <span class='ocrx_word' id='word_1_94' title='bbox 1132 1050 1308 1094; x_wconf 88' lang='lat' dir='ltr'>licitum</span> <span class='ocrx_word' id='word_1_95' title='bbox 1342 1055 1412 1095; x_wconf 87' lang='lat' dir='ltr'>est</span> <span class='ocrx_word' id='word_1_96' title='bbox 1448 1050 1607 1095; x_wconf 88' lang='lat' dir='ltr'>vinum</span> <span class='ocrx_word' id='word_1_97' title='bbox 1657 1064 1791 1095; x_wconf 89' lang='lat' dir='ltr'>suum</span> <span class='ocrx_word' id='word_1_98' title='bbox 1835 1050 1974 1095; x_wconf 87' lang='lat' dir='ltr'>etiam</span> 
     </span>
     <span class='ocr_line' id='line_1_12' title="bbox 192 1132 1977 1192; baseline 0.001 -14"><span class='ocrx_word' id='word_1_99' title='bbox 192 1133 408 1178; x_wconf 81' lang='lat' dir='ltr'>minutim</span> <span class='ocrx_word' id='word_1_100' title='bbox 443 1148 522 1191; x_wconf 88' lang='lat' dir='ltr'>per</span> <span class='ocrx_word' id='word_1_101' title='bbox 552 1134 664 1178; x_wconf 84' lang='lat' dir='ltr'>alios</span> <span class='ocrx_word' id='word_1_102' title='bbox 700 1133 898 1178; x_wconf 81' lang='lat' dir='ltr'>vendere</span> <span class='ocrx_word' id='word_1_103' title='bbox 933 1132 977 1177; x_wconf 90' lang='lat' dir='ltr'>in</span> <span class='ocrx_word' id='word_1_104' title='bbox 1012 1133 1162 1192; x_wconf 86' lang='lat' dir='ltr'>aliqua</span> <span class='ocrx_word' id='word_1_105' title='bbox 1198 1133 1403 1188; x_wconf 77' lang='lat' dir='ltr'>taberna,</span> <span class='ocrx_word' id='word_1_106' title='bbox 1442 1134 1511 1178; x_wconf 87' lang='lat' dir='ltr'>vel</span> <span class='ocrx_word' id='word_1_107' title='bbox 1562 1148 1631 1179; x_wconf 88' lang='lat' dir='ltr'>res</span> <span class='ocrx_word' id='word_1_108' title='bbox 1675 1134 1731 1178; x_wconf 84' lang='lat' dir='ltr'>ad</span> <span class='ocrx_word' id='word_1_109' title='bbox 1775 1134 1977 1192; x_wconf 80' lang='lat' dir='ltr'>proprios</span> 
     </span>
     <span class='ocr_line' id='line_1_13' title="bbox 191 1215 1977 1274; baseline -0.001 -12"><span class='ocrx_word' id='word_1_110' title='bbox 191 1230 298 1262; x_wconf 84' lang='lat' dir='ltr'>usus</span> <span class='ocrx_word' id='word_1_111' title='bbox 331 1221 565 1274; x_wconf 85' lang='lat' dir='ltr'>coemptas</span> <span class='ocrx_word' id='word_1_112' title='bbox 598 1215 748 1261; x_wconf 89' lang='lat' dir='ltr'>carius</span> <span class='ocrx_word' id='word_1_113' title='bbox 781 1215 922 1261; x_wconf 86' lang='lat' dir='ltr'>etiam</span> <span class='ocrx_word' id='word_1_114' title='bbox 955 1215 1205 1260; x_wconf 76' lang='lat' dir='ltr'>divendere</span> <span class='ocrx_word' id='word_1_115' title='bbox 1239 1215 1344 1261; x_wconf 85' lang='lat' dir='ltr'>licet</span> <span class='ocrx_word' id='word_1_116' title='bbox 1377 1216 1602 1274; x_wconf 77' lang='lat' dir='ltr'>superflua</span> <span class='ocrx_word' id='word_1_117' title='bbox 1647 1231 1738 1261; x_wconf 92' lang='lat' dir='ltr'>non</span> <span class='ocrx_word' id='word_1_118' title='bbox 1784 1217 1876 1262; x_wconf 89' lang='lat' dir='ltr'>sint</span> <span class='ocrx_word' id='word_1_119' title='bbox 1927 1223 1977 1261; x_wconf 89' lang='lat' dir='ltr'>ut</span> 
     </span>
     <span class='ocr_line' id='line_1_14' title="bbox 192 1299 1974 1359; baseline 0 -16"><span class='ocrx_word' id='word_1_120' title='bbox 192 1300 371 1344; x_wconf 86' lang='lat' dir='ltr'>lucrum</span> <span class='ocrx_word' id='word_1_121' title='bbox 417 1314 475 1344; x_wconf 82' lang='lat' dir='ltr'>cx</span> <span class='ocrx_word' id='word_1_122' title='bbox 516 1300 568 1344; x_wconf 71' lang='lat' dir='ltr'>iis¹</span> <span class='ocrx_word' id='word_1_123' title='bbox 610 1301 913 1359; x_wconf 43' lang='lat' dir='ltr'>quaeratur?</span> <span class='ocrx_word' id='word_1_124' title='bbox 974 1303 1189 1344; x_wconf 67' lang='lat' dir='ltr'>Attamen</span> <span class='ocrx_word' id='word_1_125' title='bbox 1235 1314 1326 1344; x_wconf 92' lang='lat' dir='ltr'>non</span> <span class='ocrx_word' id='word_1_126' title='bbox 1376 1299 1482 1345; x_wconf 92' lang='lat' dir='ltr'>licet</span> <span class='ocrx_word' id='word_1_127' title='bbox 1526 1300 1703 1354; x_wconf 76' lang='lat' dir='ltr'>clericis</span> <span class='ocrx_word' id='word_1_128' title='bbox 1755 1300 1974 1346; x_wconf 83' lang='lat' dir='ltr'>interesse</span> 
     </span>
     <span class='ocr_line' id='line_1_15' title="bbox 193 1382 1976 1441; baseline 0 -13"><span class='ocrx_word' id='word_1_129' title='bbox 193 1383 409 1428; x_wconf 91' lang='lat' dir='ltr'>omnibus</span> <span class='ocrx_word' id='word_1_130' title='bbox 442 1382 609 1441; x_wconf 84' lang='lat' dir='ltr'>passim</span> <span class='ocrx_word' id='word_1_131' title='bbox 645 1382 863 1427; x_wconf 87' lang='lat' dir='ltr'>nundinis</span> <span class='ocrx_word' id='word_1_132' title='bbox 895 1382 1110 1441; x_wconf 76' lang='lat' dir='ltr'>quamvis</span> <span class='ocrx_word' id='word_1_133' title='bbox 1142 1382 1197 1426; x_wconf 89' lang='lat' dir='ltr'>ad</span> <span class='ocrx_word' id='word_1_134' title='bbox 1232 1396 1302 1426; x_wconf 81' lang='lat' dir='ltr'>res</span> <span class='ocrx_word' id='word_1_135' title='bbox 1327 1384 1527 1440; x_wconf 79' lang='lat' dir='ltr'>proprias</span> <span class='ocrx_word' id='word_1_136' title='bbox 1551 1383 1817 1427; x_wconf 88' lang='lat' dir='ltr'>vendendas</span> <span class='ocrx_word' id='word_1_137' title='bbox 1843 1400 1852 1439; x_wconf 81' lang='lat'><em>3</em></span> <span class='ocrx_word' id='word_1_138' title='bbox 1890 1383 1976 1428; x_wconf 87' lang='lat' dir='ltr'>hoc</span> 
     </span>
     <span class='ocr_line' id='line_1_16' title="bbox 194 1465 1974 1524; baseline 0.001 -15"><span class='ocrx_word' id='word_1_139' title='bbox 194 1465 239 1510; x_wconf 93' lang='lat' dir='ltr'>in</span> <span class='ocrx_word' id='word_1_140' title='bbox 274 1480 380 1510; x_wconf 80' lang='lat' dir='ltr'>casu</span> <span class='ocrx_word' id='word_1_141' title='bbox 416 1467 577 1510; x_wconf 87' lang='lat' dir='ltr'>saltem</span> <span class='ocrx_word' id='word_1_142' title='bbox 615 1465 778 1510; x_wconf 86' lang='lat' dir='ltr'>vitium</span> <span class='ocrx_word' id='word_1_143' title='bbox 814 1470 882 1510; x_wconf 82' lang='lat' dir='ltr'>est</span> <span class='ocrx_word' id='word_1_144' title='bbox 906 1466 951 1510; x_wconf 91' lang='lat' dir='ltr'>in</span> <span class='ocrx_word' id='word_1_145' title='bbox 977 1465 1110 1510; x_wconf 88' lang='lat' dir='ltr'>modo</span> <span class='ocrx_word' id='word_1_146' title='bbox 1137 1480 1226 1524; x_wconf 76' lang='lat' dir='ltr'>quo</span> <span class='ocrx_word' id='word_1_147' title='bbox 1249 1465 1544 1510; x_wconf 85' lang='lat' dir='ltr'>oeconomica</span> <span class='ocrx_word' id='word_1_148' title='bbox 1571 1465 1818 1522; x_wconf 86' lang='lat' dir='ltr'>negotiatio</span> <span class='ocrx_word' id='word_1_149' title='bbox 1846 1480 1974 1510; x_wconf 86' lang='lat' dir='ltr'>exer-</span> 
     </span>
     <span class='ocr_line' id='line_1_17' title="bbox 197 1548 382 1592; baseline -0.005 0"><span class='ocrx_word' id='word_1_150' title='bbox 197 1552 329 1592; x_wconf 87' lang='lat' dir='ltr'>cetur</span> <span class='ocrx_word' id='word_1_151' title='bbox 351 1548 382 1591; x_wconf 71' lang='lat'>⁷⁴.</span> 
     </span>
    </p>

    <p class='ocr_par' dir='ltr' id='par_1_3' title="bbox 191 1630 1976 2008">
     <span class='ocr_line' id='line_1_18' title="bbox 316 1630 1972 1690; baseline 0 -15"><span class='ocrx_word' id='word_1_152' title='bbox 316 1631 570 1689; x_wconf 79' lang='lat' dir='ltr'>Negotiatio</span> <span class='ocrx_word' id='word_1_153' title='bbox 606 1631 872 1690; x_wconf 72' lang='lat' dir='ltr'>artificialis</span> <span class='ocrx_word' id='word_1_154' title='bbox 903 1630 1116 1675; x_wconf 87' lang='lat' dir='ltr'>similiter</span> <span class='ocrx_word' id='word_1_155' title='bbox 1148 1630 1325 1675; x_wconf 84' lang='lat' dir='ltr'>clericis</span> <span class='ocrx_word' id='word_1_156' title='bbox 1347 1630 1471 1675; x_wconf 86' lang='lat' dir='ltr'>licita</span> <span class='ocrx_word' id='word_1_157' title='bbox 1495 1635 1564 1674; x_wconf 85' lang='lat' dir='ltr'>est</span> <span class='ocrx_word' id='word_1_158' title='bbox 1586 1630 1836 1676; x_wconf 87' lang='lat' dir='ltr'>dummodo</span> <span class='ocrx_word' id='word_1_159' title='bbox 1862 1631 1972 1676; x_wconf 85' lang='lat' dir='ltr'>nihil</span> 
     </span>
     <span class='ocr_line' id='line_1_19' title="bbox 191 1714 1975 1774; baseline 0.002 -17"><span class='ocrx_word' id='word_1_160' title='bbox 191 1714 237 1759; x_wconf 92' lang='lat' dir='ltr'>in</span> <span class='ocrx_word' id='word_1_161' title='bbox 271 1729 317 1759; x_wconf 90' lang='lat' dir='ltr'>se</span> <span class='ocrx_word' id='word_1_162' title='bbox 354 1715 518 1759; x_wconf 85' lang='lat' dir='ltr'>habeat</span> <span class='ocrx_word' id='word_1_163' title='bbox 550 1729 666 1774; x_wconf 81' lang='lat' dir='ltr'>quac</span> <span class='ocrx_word' id='word_1_164' title='bbox 699 1729 723 1758; x_wconf 92' lang='lat' dir='ltr'>a</span> <span class='ocrx_word' id='word_1_165' title='bbox 759 1715 957 1759; x_wconf 81' lang='lat' dir='ltr'>clericali</span> <span class='ocrx_word' id='word_1_166' title='bbox 992 1714 1139 1759; x_wconf 82' lang='lat' dir='ltr'>officio</span> <span class='ocrx_word' id='word_1_167' title='bbox 1173 1719 1253 1758; x_wconf 88' lang='lat' dir='ltr'>aut</span> <span class='ocrx_word' id='word_1_168' title='bbox 1275 1714 1498 1772; x_wconf 78' lang='lat' dir='ltr'>(lignitate</span> <span class='ocrx_word' id='word_1_169' title='bbox 1521 1715 1781 1759; x_wconf 81' lang='lat' dir='ltr'>abhorreat.</span> <span class='ocrx_word' id='word_1_170' title='bbox 1826 1721 1975 1768; x_wconf 77' lang='lat' dir='ltr'>Quare</span> 
     </span>
     <span class='ocr_line' id='line_1_20' title="bbox 192 1797 1976 1857; baseline 0.001 -16"><span class='ocrx_word' id='word_1_171' title='bbox 192 1797 400 1842; x_wconf 85' lang='lat' dir='ltr'>illicitum</span> <span class='ocrx_word' id='word_1_172' title='bbox 435 1802 504 1842; x_wconf 85' lang='lat' dir='ltr'>est</span> <span class='ocrx_word' id='word_1_173' title='bbox 536 1798 713 1842; x_wconf 83' lang='lat' dir='ltr'>clericis</span> <span class='ocrx_word' id='word_1_174' title='bbox 745 1797 893 1842; x_wconf 84' lang='lat' dir='ltr'>aliena</span> <span class='ocrx_word' id='word_1_175' title='bbox 930 1798 1112 1856; x_wconf 85' lang='lat' dir='ltr'>praedia</span> <span class='ocrx_word' id='word_1_176' title='bbox 1146 1798 1316 1857; x_wconf 81' lang='lat' dir='ltr'>absque</span> <span class='ocrx_word' id='word_1_177' title='bbox 1364 1797 1637 1843; x_wconf 88' lang='lat' dir='ltr'>necessitate</span> <span class='ocrx_word' id='word_1_178' title='bbox 1680 1798 1976 1843; x_wconf 88' lang='lat' dir='ltr'>habitualiter</span> 
     </span>
     <span class='ocr_line' id='line_1_21' title="bbox 193 1881 1974 1940; baseline 0.001 -15"><span class='ocrx_word' id='word_1_179' title='bbox 193 1881 468 1936; x_wconf 84' lang='lat' dir='ltr'>conducere,</span> <span class='ocrx_word' id='word_1_180' title='bbox 526 1895 604 1938; x_wconf 81' lang='lat' dir='ltr'>per</span> <span class='ocrx_word' id='word_1_181' title='bbox 655 1881 908 1925; x_wconf 83' lang='lat' dir='ltr'>conductos</span> <span class='ocrx_word' id='word_1_182' title='bbox 959 1881 1155 1925; x_wconf 84' lang='lat' dir='ltr'>famulos</span> <span class='ocrx_word' id='word_1_183' title='bbox 1209 1881 1358 1926; x_wconf 83' lang='lat' dir='ltr'>facere</span> <span class='ocrx_word' id='word_1_184' title='bbox 1418 1881 1613 1936; x_wconf 82' lang='lat' dir='ltr'>vinnm,</span> <span class='ocrx_word' id='word_1_185' title='bbox 1665 1894 1856 1939; x_wconf 84' lang='lat' dir='ltr'>pannos,</span> <span class='ocrx_word' id='word_1_186' title='bbox 1903 1895 1974 1940; x_wconf 84' lang='lat' dir='ltr'>pa-</span> 
     </span>
     <span class='ocr_line' id='line_1_22' title="bbox 196 1963 1569 2008; baseline 0.001 -1"><span class='ocrx_word' id='word_1_187' title='bbox 196 1978 303 2008; x_wconf 90' lang='lat' dir='ltr'>nem</span> <span class='ocrx_word' id='word_1_188' title='bbox 329 1969 417 2008; x_wconf 81' lang='lat' dir='ltr'>etc.</span> <span class='ocrx_word' id='word_1_189' title='bbox 449 1965 476 2008; x_wconf 80' lang='lat'>⁵.</span> <span class='ocrx_word' id='word_1_190' title='bbox 1567 1963 1569 1965; x_wconf 68' lang='grc'>’</span> 
     </span>
    </p>

    <p class='ocr_par' dir='ltr' id='par_1_4' title="bbox 190 2046 1975 2437">
     <span class='ocr_line' id='line_1_23' title="bbox 314 2046 1975 2106; baseline 0 -14"><span class='ocrx_word' id='word_1_191' title='bbox 314 2049 416 2092; x_wconf 70' lang='grc'><strong>455.</strong></span> <span class='ocrx_word' id='word_1_192' title='bbox 444 2047 702 2106; x_wconf 86' lang='lat' dir='ltr'>Negotiatio</span> <span class='ocrx_word' id='word_1_193' title='bbox 728 2047 913 2092; x_wconf 84' lang='lat' dir='ltr'>tandem</span> <span class='ocrx_word' id='word_1_194' title='bbox 937 2053 1212 2105; x_wconf 65' lang='lat' dir='ltr'>quaestuosa</span> <span class='ocrx_word' id='word_1_195' title='bbox 1235 2046 1426 2091; x_wconf 90' lang='lat' dir='ltr'>omnino</span> <span class='ocrx_word' id='word_1_196' title='bbox 1444 2046 1598 2091; x_wconf 89' lang='lat' dir='ltr'>illicita</span> <span class='ocrx_word' id='word_1_197' title='bbox 1619 2051 1688 2091; x_wconf 84' lang='lat' dir='ltr'>est</span> <span class='ocrx_word' id='word_1_198' title='bbox 1706 2046 1791 2091; x_wconf 84' lang='lat' dir='ltr'>nisi</span> <span class='ocrx_word' id='word_1_199' title='bbox 1811 2061 1975 2092; x_wconf 87' lang='lat' dir='ltr'>causae</span> 
     </span>
     <span class='ocr_line' id='line_1_24' title="bbox 190 2128 1974 2188; baseline -0.001 -13"><span class='ocrx_word' id='word_1_200' title='bbox 190 2135 467 2175; x_wconf 76' lang='lat' dir='ltr'>excusantes</span> <span class='ocrx_word' id='word_1_201' title='bbox 498 2130 666 2185; x_wconf 80' lang='lat' dir='ltr'>adsint,</span> <span class='ocrx_word' id='word_1_202' title='bbox 704 2131 749 2174; x_wconf 94' lang='lat' dir='ltr'>in</span> <span class='ocrx_word' id='word_1_203' title='bbox 783 2130 920 2174; x_wconf 74' lang='lat' dir='ltr'>(lubio</span> <span class='ocrx_word' id='word_1_204' title='bbox 951 2134 1107 2174; x_wconf 87' lang='lat' dir='ltr'>autem</span> <span class='ocrx_word' id='word_1_205' title='bbox 1141 2130 1198 2174; x_wconf 86' lang='lat' dir='ltr'>ab</span> <span class='ocrx_word' id='word_1_206' title='bbox 1244 2128 1498 2187; x_wconf 81' lang='lat' dir='ltr'>Apostolica</span> <span class='ocrx_word' id='word_1_207' title='bbox 1543 2130 1654 2174; x_wconf 86' lang='lat' dir='ltr'>Sede</span> <span class='ocrx_word' id='word_1_208' title='bbox 1705 2142 1974 2188; x_wconf 84' lang='lat' dir='ltr'>responsum</span> 
     </span>
     <span class='ocr_line' id='line_1_25' title="bbox 193 2212 1974 2273; baseline -0.001 -14"><span class='ocrx_word' id='word_1_209' title='bbox 193 2214 440 2273; x_wconf 86' lang='lat' dir='ltr'>petendum</span> <span class='ocrx_word' id='word_1_210' title='bbox 476 2219 544 2259; x_wconf 89' lang='lat' dir='ltr'>est</span> <span class='ocrx_word' id='word_1_211' title='bbox 577 2213 608 2256; x_wconf 75' lang='lat'>⁶.</span> <span class='ocrx_word' id='word_1_212' title='bbox 646 2220 795 2268; x_wconf 78' lang='lat' dir='ltr'>Quare</span> <span class='ocrx_word' id='word_1_213' title='bbox 831 2213 1108 2271; x_wconf 78' lang='lat' dir='ltr'>prohibitum</span> <span class='ocrx_word' id='word_1_214' title='bbox 1157 2218 1227 2257; x_wconf 86' lang='lat' dir='ltr'>est</span> <span class='ocrx_word' id='word_1_215' title='bbox 1277 2212 1454 2258; x_wconf 85' lang='lat' dir='ltr'>clericis</span> <span class='ocrx_word' id='word_1_216' title='bbox 1501 2213 1676 2271; x_wconf 84' lang='lat' dir='ltr'>publica</span> <span class='ocrx_word' id='word_1_217' title='bbox 1735 2213 1974 2270; x_wconf 81' lang='lat' dir='ltr'>vectigalia</span> 
     </span>
     <span class='ocr_line' id='line_1_26' title="bbox 192 2294 1972 2355; baseline -0.001 -12"><span class='ocrx_word' id='word_1_218' title='bbox 192 2294 416 2343; x_wconf 79' lang='lat' dir='ltr'>redimere</span> <span class='ocrx_word' id='word_1_219' title='bbox 448 2310 526 2342; x_wconf 89' lang='lat' dir='ltr'>seu</span> <span class='ocrx_word' id='word_1_220' title='bbox 562 2297 818 2342; x_wconf 86' lang='lat' dir='ltr'>conducere</span> <span class='ocrx_word' id='word_1_221' title='bbox 855 2297 1035 2355; x_wconf 81' lang='lat' dir='ltr'>praedia</span> <span class='ocrx_word' id='word_1_222' title='bbox 1068 2296 1238 2355; x_wconf 76' lang='lat' dir='ltr'>abs1ue</span> <span class='ocrx_word' id='word_1_223' title='bbox 1273 2297 1545 2341; x_wconf 88' lang='lat' dir='ltr'>necessitate</span> <span class='ocrx_word' id='word_1_224' title='bbox 1577 2310 1631 2342; x_wconf 90' lang='lat' dir='ltr'>ac</span> <span class='ocrx_word' id='word_1_225' title='bbox 1679 2297 1792 2342; x_wconf 88' lang='lat' dir='ltr'>lucri</span> <span class='ocrx_word' id='word_1_226' title='bbox 1836 2311 1972 2342; x_wconf 87' lang='lat' dir='ltr'>causa</span> 
     </span>
     <span class='ocr_line' id='line_1_27' title="bbox 193 2379 1966 2437; baseline -0.001 -12"><span class='ocrx_word' id='word_1_227' title='bbox 193 2381 450 2426; x_wconf 88' lang='lat' dir='ltr'>conducere</span> <span class='ocrx_word' id='word_1_228' title='bbox 483 2381 516 2435; x_wconf 83' lang='lat'>⁷,</span> <span class='ocrx_word' id='word_1_229' title='bbox 551 2380 769 2424; x_wconf 85' lang='lat' dir='ltr'>animalia</span> <span class='ocrx_word' id='word_1_230' title='bbox 802 2379 986 2424; x_wconf 88' lang='lat' dir='ltr'>aliunde</span> <span class='ocrx_word' id='word_1_231' title='bbox 1019 2383 1229 2437; x_wconf 88' lang='lat' dir='ltr'>coempta</span> <span class='ocrx_word' id='word_1_232' title='bbox 1264 2379 1413 2423; x_wconf 86' lang='lat' dir='ltr'>locare</span> <span class='ocrx_word' id='word_1_233' title='bbox 1445 2383 1526 2424; x_wconf 88' lang='lat' dir='ltr'>aut</span> <span class='ocrx_word' id='word_1_234' title='bbox 1558 2380 1603 2423; x_wconf 89' lang='lat' dir='ltr'>in</span> <span class='ocrx_word' id='word_1_235' title='bbox 1637 2379 1857 2425; x_wconf 87' lang='lat' dir='ltr'>societate</span> <span class='ocrx_word' id='word_1_236' title='bbox 1891 2381 1966 2424; x_wconf 80' lang='lat' dir='ltr'>lia-</span> 
     </span>
    </p>
   </div>
   <div class='ocr_carea' id='block_1_3' title="bbox 195 2557 1968 3104">
    <p class='ocr_par' dir='ltr' id='par_1_5' title="bbox 195 2557 1968 2668">
     <span class='ocr_line' id='line_1_28' title="bbox 311 2557 1968 2605; baseline -0.001 -11"><span class='ocrx_word' id='word_1_237' title='bbox 311 2559 319 2578; x_wconf 83' lang='lat'>¹</span> <span class='ocrx_word' id='word_1_238' title='bbox 351 2560 550 2605; x_wconf 84' lang='lat' dir='ltr'>Fagnanus</span> <span class='ocrx_word' id='word_1_239' title='bbox 578 2559 616 2595; x_wconf 88' lang='lat' dir='ltr'>in</span> <span class='ocrx_word' id='word_1_240' title='bbox 642 2568 720 2604; x_wconf 84' lang='lat' dir='ltr'>cap.</span> <span class='ocrx_word' id='word_1_241' title='bbox 750 2558 872 2595; x_wconf 72' lang='lat' dir='ltr'>Multa</span> <span class='ocrx_word' id='word_1_242' title='bbox 890 2558 944 2595; x_wconf 84' lang='lat' dir='ltr'>Ne</span> <span class='ocrx_word' id='word_1_243' title='bbox 962 2557 1084 2594; x_wconf 86' lang='lat' dir='ltr'>clerici</span> <span class='ocrx_word' id='word_1_244' title='bbox 1107 2557 1163 2593; x_wconf 85' lang='lat' dir='ltr'>vel</span> <span class='ocrx_word' id='word_1_245' title='bbox 1183 2558 1353 2594; x_wconf 83' lang='lat' dir='ltr'>monachi</span> <span class='ocrx_word' id='word_1_246' title='bbox 1373 2567 1410 2593; x_wconf 92' lang='lat' dir='ltr'>n.</span> <span class='ocrx_word' id='word_1_247' title='bbox 1429 2558 1484 2594; x_wconf 82' lang='lat'>85.</span> <span class='ocrx_word' id='word_1_248' title='bbox 1506 2558 1850 2595; x_wconf 68' lang='lat' dir='ltr'>SchALzonueBen</span> <span class='ocrx_word' id='word_1_249' title='bbox 1872 2558 1907 2594; x_wconf 85' lang='lat' dir='ltr'>h.</span> <span class='ocrx_word' id='word_1_250' title='bbox 1932 2562 1968 2601; x_wconf 86' lang='lat' dir='ltr'>t.‚</span> 
     </span>
     <span class='ocr_line' id='line_1_29' title="bbox 195 2631 316 2668; baseline 0.008 -1"><span class='ocrx_word' id='word_1_251' title='bbox 195 2641 231 2667; x_wconf 88' lang='lat' dir='ltr'>n.</span> <span class='ocrx_word' id='word_1_252' title='bbox 258 2631 316 2668; x_wconf 80' lang='lat'>25.</span> 
     </span>
    </p>

    <p class='ocr_par' dir='ltr' id='par_1_6' title="bbox 314 2701 1423 2749">
     <span class='ocr_line' id='line_1_30' title="bbox 314 2701 1423 2749; baseline -0.003 -9"><span class='ocrx_word' id='word_1_253' title='bbox 314 2705 325 2722; x_wconf 79' lang='lat'>²</span> <span class='ocrx_word' id='word_1_254' title='bbox 353 2704 468 2740; x_wconf 85' lang='lat' dir='ltr'>Clem.</span> <span class='ocrx_word' id='word_1_255' title='bbox 499 2703 596 2739; x_wconf 83' lang='lat' dir='ltr'>XIII.</span> <span class='ocrx_word' id='word_1_256' title='bbox 627 2702 781 2749; x_wconf 88' lang='lat' dir='ltr'>Encycl.</span> <span class='ocrx_word' id='word_1_257' title='bbox 809 2701 900 2738; x_wconf 80' lang='lat' dir='ltr'>Cum</span> <span class='ocrx_word' id='word_1_258' title='bbox 923 2702 1084 2748; x_wconf 77' lang='lat' dir='ltr'>primum</span> <span class='ocrx_word' id='word_1_259' title='bbox 1113 2701 1213 2746; x_wconf 77' lang='lat'>1759,</span> <span class='ocrx_word' id='word_1_260' title='bbox 1243 2701 1298 2738; x_wconf 88' lang='grc'>17.</span> <span class='ocrx_word' id='word_1_261' title='bbox 1328 2706 1423 2747; x_wconf 81' lang='lat' dir='ltr'>sept.</span> 
     </span>
    </p>

    <p class='ocr_par' dir='ltr' id='par_1_7' title="bbox 314 2770 992 2817">
     <span class='ocr_line' id='line_1_31' title="bbox 314 2770 992 2817; baseline -0.003 -9"><span class='ocrx_word' id='word_1_262' title='bbox 314 2771 327 2791; x_wconf 80' lang='lat'>³</span> <span class='ocrx_word' id='word_1_263' title='bbox 354 2771 517 2809; x_wconf 75' lang='lat' dir='ltr'>GONZAL.</span> <span class='ocrx_word' id='word_1_264' title='bbox 545 2771 583 2807; x_wconf 92' lang='lat' dir='ltr'>in</span> <span class='ocrx_word' id='word_1_265' title='bbox 601 2781 681 2817; x_wconf 86' lang='lat' dir='ltr'>cap.</span> <span class='ocrx_word' id='word_1_266' title='bbox 712 2771 748 2807; x_wconf 90' lang='grc'>6.</span> <span class='ocrx_word' id='word_1_267' title='bbox 774 2770 820 2808; x_wconf 80' lang='lat' dir='ltr'>cf.</span> <span class='ocrx_word' id='word_1_268' title='bbox 852 2770 992 2807; x_wconf 76' lang='lat' dir='ltr'>Clerici.</span> 
     </span>
    </p>

    <p class='ocr_par' dir='ltr' id='par_1_8' title="bbox 314 2841 838 2886">
     <span class='ocr_line' id='line_1_32' title="bbox 314 2841 838 2886; baseline -0.004 -8"><span class='ocrx_word' id='word_1_269' title='bbox 314 2842 327 2861; x_wconf 78' lang='lat'>&#39;⁴</span> <span class='ocrx_word' id='word_1_270' title='bbox 354 2842 468 2878; x_wconf 85' lang='lat' dir='ltr'>Clem.</span> <span class='ocrx_word' id='word_1_271' title='bbox 499 2842 598 2886; x_wconf 89' lang='lat' dir='ltr'>XIII,</span> <span class='ocrx_word' id='word_1_272' title='bbox 624 2842 749 2878; x_wconf 87' lang='lat' dir='ltr'>Const.</span> <span class='ocrx_word' id='word_1_273' title='bbox 777 2841 838 2878; x_wconf 85' lang='lat' dir='ltr'>cit.</span> 
     </span>
    </p>

    <p class='ocr_par' dir='ltr' id='par_1_9' title="bbox 314 2913 1032 2952">
     <span class='ocr_line' id='line_1_33' title="bbox 314 2913 1032 2952; baseline -0.001 -2"><span class='ocrx_word' id='word_1_274' title='bbox 314 2914 326 2933; x_wconf 72' lang='lat'><strong>⁸</strong></span> <span class='ocrx_word' id='word_1_275' title='bbox 353 2914 465 2951; x_wconf 89' lang='lat' dir='ltr'>Clem.</span> <span class='ocrx_word' id='word_1_276' title='bbox 493 2914 508 2949; x_wconf 94' lang='grc' dir='ltr'>Ι</span> <span class='ocrx_word' id='word_1_277' title='bbox 535 2914 580 2950; x_wconf 83' lang='lat' dir='ltr'>de</span> <span class='ocrx_word' id='word_1_278' title='bbox 607 2914 682 2950; x_wconf 85' lang='lat' dir='ltr'>vita</span> <span class='ocrx_word' id='word_1_279' title='bbox 706 2917 741 2950; x_wconf 85' lang='lat' dir='ltr'>et</span> <span class='ocrx_word' id='word_1_280' title='bbox 768 2914 915 2950; x_wconf 73' lang='lat' dir='ltr'>honest.</span> <span class='ocrx_word' id='word_1_281' title='bbox 944 2913 1032 2952; x_wconf 87' lang='lat' dir='ltr'>cler.</span> 
     </span>
    </p>

    <p class='ocr_par' dir='ltr' id='par_1_10' title="bbox 315 2986 821 3032">
     <span class='ocr_line' id='line_1_34' title="bbox 315 2986 821 3032; baseline -0.004 -9"><span class='ocrx_word' id='word_1_282' title='bbox 315 2986 328 3006; x_wconf 82' lang='lat'>⁸</span> <span class='ocrx_word' id='word_1_283' title='bbox 354 2987 441 3032; x_wconf 83' lang='lat' dir='ltr'>Cap.</span> <span class='ocrx_word' id='word_1_284' title='bbox 463 2987 497 3031; x_wconf 87' lang='grc'>6,</span> <span class='ocrx_word' id='word_1_285' title='bbox 523 2987 592 3023; x_wconf 82' lang='lat' dir='ltr'>Tit.</span> <span class='ocrx_word' id='word_1_286' title='bbox 621 2987 650 3029; x_wconf 79' lang='lat'>1,</span> <span class='ocrx_word' id='word_1_287' title='bbox 678 2986 757 3022; x_wconf 92' lang='lat' dir='ltr'>Lib.</span> <span class='ocrx_word' id='word_1_288' title='bbox 785 2986 821 3021; x_wconf 80' lang='lat'>5.</span> 
     </span>
    </p>

    <p class='ocr_par' dir='ltr' id='par_1_11' title="bbox 315 3058 813 3104">
     <span class='ocr_line' id='line_1_35' title="bbox 315 3058 813 3104; baseline -0.008 -8"><span class='ocrx_word' id='word_1_289' title='bbox 315 3059 327 3078; x_wconf 96' lang='lat'><strong><em>⁷</em></strong></span> <span class='ocrx_word' id='word_1_290' title='bbox 357 3059 499 3096; x_wconf 68' lang='lat' dir='ltr'>ermn·</span> <span class='ocrx_word' id='word_1_291' title='bbox 526 3059 563 3095; x_wconf 87' lang='lat' dir='ltr'>in</span> <span class='ocrx_word' id='word_1_292' title='bbox 589 3059 652 3095; x_wconf 86' lang='lat' dir='ltr'>cit.</span> <span class='ocrx_word' id='word_1_293' title='bbox 680 3058 813 3104; x_wconf 80' lang='lat' dir='ltr'>capite.</span> 
     </span>
    </p>
   </div>
   <div class='ocr_carea' id='block_1_4' title="bbox 1727 0 2176 69">
    <p class='ocr_par' dir='ltr' id='par_1_12' title="bbox 1727 0 2176 69">
     <span class='ocr_line' id='line_1_36' title="bbox 1727 0 2176 69; baseline 0 3317"><span class='ocrx_word' id='word_1_294' title='bbox 1727 0 2176 69; x_wconf 95' lang='lat' dir='ltr'> </span> 
     </span>
    </p>
   </div>
   <div class='ocr_carea' id='block_1_5' title="bbox 2143 3296 2166 3386">
    <p class='ocr_par' dir='ltr' id='par_1_13' title="bbox 2143 3296 2166 3386">
     <span class='ocr_line' id='line_1_37' title="bbox 2143 3296 2166 3386; textangle 90"><span class='ocrx_word' id='word_1_295' title='bbox 2143 3324 2166 3386; x_wconf 59' lang='lat' dir='ltr'>ml·</span> <span class='ocrx_word' id='word_1_296' title='bbox 2148 3296 2149 3300; x_wconf 25' lang='grc' dir='ltr'><em>Α</em></span> 
     </span>
    </p>
   </div>
  </div>
 </body>
</html>
