2176 3386
229 176 309 216 396
869 188 980 219 PARS
1009 189 1034 218 1.
1069 189 1126 217 DE
1154 188 1366 218 pnnsoms

231 293 442 340 ficiorum
473 309 531 340 ex
565 295 664 340 aliis
696 295 845 340 causis
877 295 1103 351 facienda,
1138 310 1212 340 ex.
1259 310 1325 354 gr.
1361 296 1419 341 ob
1458 297 1723 344 evidentem
1764 297 2008 344 necessita-

231 382 325 424 tem
363 380 434 424 vel
467 380 733 437 utilitatem,
776 395 831 425 ex
876 385 980 439 Cap.
1029 383 1285 438 Exposuisci
1315 380 1370 426 de
1411 383 1585 440 praeb.,
1630 381 1706 426 ubi
1752 383 2009 428 notandum

230 475 362 521 posse
393 464 578 522 quidem
619 465 890 522 Episcopum
924 465 1056 509 unire
1081 463 1302 509 beneficia
1323 463 1547 522 simplicia
1571 465 1841 523 praebendis
1865 465 2008 511 eccle-

231 546 404 592 siarum
439 548 771 592 cathedralium
805 548 862 593 ob
895 548 1096 606 ipsarum
1140 546 1416 592 tenuitatem
1457 561 1563 592 cum
1611 560 1837 593 consensu
1885 547 2010 606 Capi-

232 630 333 686 tuli,
368 635 415 676 at
451 645 542 676 non
577 644 705 690 posse
738 631 899 675 eadem
935 632 1067 675 unire
1091 644 1277 676 mensae
1301 631 1543 689 episcopali
1580 632 1651 676 vel
1676 630 1759 690 ipsi
1782 631 2006 690 Capitulo,

233 728 291 759 ex
324 714 499 759 iuribus
531 719 575 759 et
614 718 700 759 DD.
724 716 752 758 ¹.
791 715 832 772 ὅ)
859 713 1151 759 Necessarius
1183 720 1252 760 est
1284 727 1534 760 consensus
1566 714 1786 773 Capituli,
1829 714 1865 759 si
1907 728 2010 773 aga-

232 802 309 842 tur
341 798 396 843 dc
429 799 637 856 augendo
671 798 743 843 vel
780 798 1031 843 minuendo
1067 812 1259 843 numero
1300 797 1653 844 Canonicorum.
1710 799 1752 856 6)
1778 797 1820 842 Si
1852 802 2014 855 agatur

232 883 287 927 de
322 882 516 940 negotiis
550 882 595 926 in
628 882 792 942 quibus
829 882 1053 927 Ecclesiae
1086 886 1132 926 et
1164 883 1501 927 successoribus
1534 881 1735 926 notabile
1779 881 2003 940 praeiudi-

234 966 357 1011 cium
391 966 603 1011 infertur.
641 967 683 1023 7)
710 970 821 1010 Item
866 966 1109 1024 Episcopus
1149 965 1321 1023 indiget
1362 979 1588 1011 consensu
1628 965 1821 1024 Capituli
1860 964 1907 1009 in
1950 965 2012 1010 fe-

235 1049 376 1094 rendo
411 1054 703 1107 praeceptum
737 1052 791 1094 de
825 1049 1112 1095 observando
1135 1050 1285 1109 aliquo
1310 1050 1425 1094 festo
1448 1048 1726 1107 particulari.
1764 1049 2013 1094 Attenden·

234 1132 290 1177 da
327 1147 435 1177 vero
474 1138 542 1178 est
584 1134 630 1178 in
670 1133 972 1178 decernendis
1016 1133 1343 1179 festivitatibus
1385 1132 1660 1179 Constitutio
1702 1131 1872 1177 Urbani
1915 1134 2013 1176 VIII

243 1218 483 1271 Universa,
519 1231 607 1276 qua
641 1223 834 1263 cavetur
866 1231 923 1262 ne
957 1219 1068 1262 festa
1090 1231 1210 1262 nova
1246 1222 1424 1275 praeter
1456 1215 1623 1261 ibidem
1646 1219 1915 1260 enumerata
1939 1215 2014 1259 de·

234 1307 486 1346 cernantur
517 1302 575 1347 al)
611 1301 845 1360 Episcopo,
873 1301 945 1345 vel
978 1301 1067 1346 alio
1090 1300 1357 1346 ordinario:
1395 1315 1452 1344 ex
1476 1300 1530 1344 iis
1554 1314 1663 1344 vero
1686 1313 1803 1358 quae
1825 1298 1880 1342 de
1903 1311 2011 1342 con-

235 1385 477 1430 suetudine
511 1386 803 1430 celebrantur
835 1385 881 1429 in
915 1385 1066 1444 aliquo
1100 1385 1198 1429 loco
1233 1398 1325 1428 non
1359 1387 1428 1428 est
1459 1383 1543 1427 sub
1582 1381 1884 1439 obligatione,
1927 1379 2011 1425 nisi

236 1469 423 1524 festum,
458 1469 577 1528 quod
610 1469 867 1513 celebratur
909 1483 988 1527 pro
1039 1482 1130 1513 uno
1177 1468 1232 1511 (le
1281 1466 1605 1526 principalibus
1658 1463 2010 1509 protectoribus.

235 1552 278 1608 8)
309 1552 571 1612 Requiritur
602 1566 853 1598 consensus
886 1552 1077 1611 Capituli
1113 1551 1158 1595 in
1191 1550 1490 1609 subrogandis
1525 1549 1657 1594 novis
1688 1547 2014 1593 examinatori-

236 1636 335 1691 bUS‚
372 1642 480 1691 etc.,
517 1641 648 1681 extra
682 1637 935 1694 synodum,
981 1651 1038 1681 ex
1081 1636 1265 1680 decreto
1298 1633 1545 1680 Clementis
1582 1636 1693 1690 VIII,
1730 1646 1805 1676 an.
1846 1631 1957 1675 1595
1980 1630 2012 1673 ².

238 1723 293 1764 Et
324 1720 508 1779 quidem
541 1720 577 1764 si
612 1720 659 1764 in
693 1719 1088 1764 examinatoribus
1123 1719 1363 1777 propositis
1386 1719 1442 1763 ab
1463 1718 1680 1775 Episcopo
1705 1716 1875 1761 fuerint
1907 1729 2014 1774 qua-

235 1803 386 1848 litates
420 1803 665 1862 requisitae
697 1818 722 1847 a
750 1802 950 1848 Concilio
975 1802 1114 1858 ‘rr-id„
1152 1801 1320 1846 iniuste
1353 1816 1378 1846 a
1411 1801 1617 1859 Capitulo
1642 1803 1886 1857 negaretur
1908 1812 2014 1844 con-

237 1899 414 1941 sensus,
450 1890 495 1930 et
529 1886 574 1930 in
609 1886 686 1930 tali
721 1900 828 1931 casu
865 1885 1019 1945 praxis
1051 1890 1119 1929 est
1152 1890 1202 1929 ut
1236 1885 1314 1929 liat
1347 1897 1556 1928 recursus
1597 1883 1655 1928 ab
1701 1882 1915 1941 Episcopo
1959 1883 2015 1926 ad

237 1983 417 2014 sacram
450 1969 877 2027 Congregationem,
912 1983 1029 2028 quae
1061 1970 1140 2013 dat
1172 1967 1408 2012 licentiam
1442 1966 1678 2025 supplendi
1711 1965 1884 2010 dictum
1909 1978 2015 2010 con-

238 2067 441 2109 sensum,
480 2054 551 2098 vel
585 2053 706 2111 cogit
737 2053 994 2110 Capitulum
1030 2052 1083 2096 ad
1118 2050 1519 2096 consentiendum.
1567 2055 1661 2095 Imo
1706 2047 2014 2106 Pignatellus³

237 2137 300 2181 ita
323 2138 486 2182 docet:
522 2152 577 2181 eoe
609 2150 696 2195 quo
734 2136 1023 2181 ordinarius
1056 2137 1374 2179 nominaverit
1407 2135 1769 2179 Exatninacores
1789 2137 1831 2175 et
1852 2133 2016 2175 institit
2077 2159 2081 2168 ·

235 2235 378 2279 penes
415 2221 681 2278 Capitulum
715 2226 764 2263 ut
793 2225 997 2276 praestet
1040 2231 1313 2263 eonsensum
1368 2223 1504 2276 atque
1549 2217 1682 2260 illum
1723 2218 1824 2260 sine
1870 2227 2015 2260 eausa

234 2310 482 2362 praestare
505 2306 751 2359 recusavit,
788 2302 1021 2348 habentem·
1051 2316 1137 2359 pro
1180 2302 1382 2360 legitime
1420 2300 1672 2358 deputatis,
1708 2301 1849 2344 etiam
1898 2298 2015 2342 dicto

237 2401 463 2432 consensu
496 2400 592 2430 non
631 2388 982 2441 interveniente,
1021 2388 1100 2429 iste
1131 2387 1255 2430 enim
1290 2398 1538 2429 consensus
1569 2383 1694 2427 debet
1733 2381 1921 2427 concedi
1962 2395 2016 2425 em

234 2473 414 2515 iustitia
447 2476 490 2514 et
520 2471 620 2514 ideo
651 2484 738 2526 pro
770 2483 976 2514 concesso
1010 2468 1207 2512 liabetur
1237 2470 1279 2513 si
1296 2469 1540 2525 praestari
1561 2466 1832 2524 differatur.
1883 2463 2013 2518 Quod

239 2554 275 2598 si
312 2553 357 2598 in
391 2552 787 2598 examinatoribus
823 2551 1063 2611 propositis
1095 2551 1152 2597 ab
1187 2551 1405 2609 Episcopo
1450 2564 1539 2595 non
1585 2550 1737 2594 adsint
1774 2548 2018 2608 qualitates

241 2636 487 2697 requisitae
519 2651 544 2681 a
578 2635 779 2682 Concilio
811 2640 858 2680 et
890 2636 944 2680 de
977 2636 1063 2680 boc
1097 2638 1293 2690 constet,
1328 2634 1463 2679 debet
1499 2633 1742 2692 Episcopus
1774 2631 1886 2676 alios
1919 2644 2017 2689 pro-

239 2735 426 2780 ponere.
463 2722 527 2765 Ad
561 2723 823 2768 extremum
859 2723 1046 2764 notetur
1078 2718 1123 2763 in
1158 2719 1243 2762 hac
1277 2732 1354 2773 re,
1395 2717 1516 2777 quod
1556 2729 1832 2761 consensum
1877 2713 2018 2759 semel

239 2804 512 2863 praestitum
547 2803 714 2859 valide,
749 2818 841 2848 non
878 2806 1026 2861 potest
1057 2801 1253 2861 amplius
1284 2800 1543 2860 Capitulum
1576 2813 1812 2856 revocare,
1841 2813 1886 2844 re
1920 2811 2014 2843 non

359 2923 368 2942 ¹
397 2923 507 2969 Apud
533 2923 825 2967 Rsslrmus‘rum„
852 2922 914 2959 lib.
945 2922 1005 2959 111.
1034 2922 1186 2965 Deerat„
1215 2922 1267 2958 tit.
1294 2921 1339 2958 de
1365 2920 1435 2963 his,
1461 2925 1532 2958 etc.

360 2995 372 3014 ¹
401 2995 508 3041 Apud
533 2995 742 3039 lonnmmu,
768 2994 831 3031 lib.
861 2994 915 3037 10,
942 2994 980 3030 T.
993 2993 1032 3030 5.

360 3067 373 3087 ⁸
400 3068 503 3105 Tom.
531 3067 575 3113 11,
602 3076 703 3103 cons.
732 3067 810 3103 119.

2169 763 2176 766 l
2167 705 2176 726 ι
2165 618 2176 690 sinn
2160 366 2176 595 m—*ff-ssffla

2151 1592 2162 1607 ¹⁹
2153 1323 2176 1566 *effu-rna.-
2157 1247 2176 1301 ⁴-n
