2176 3386
518 0 537 8 ’“
572 0 626 29 ,θ’
654 0 729 33 Τ’·““’”
756 0 1245 41 ΓἼἾΜῬΝῩᾞ

783 33 786 41 ,
990 33 996 36 ,
1062 35 1066 42 ,
1135 30 1170 34 ,,
1208 27 1262 51 μ’...
1300 27 1335 49 τ’.

197 154 283 194 410
852 163 961 193 PARS
990 164 1015 192 1.
1045 163 1102 192 οε
1130 164 1340 193 musonis
1521 151 1525 155 ’
1707 171 1721 197 x

198 272 316 318 blico
349 271 626 317 Consistorio
658 271 977 316 conceduntur
1007 285 1031 315 a
1059 274 1264 316 Romano
1289 270 1506 317 Pontifice
1537 273 1766 319 solemnes
1791 272 1980 318 audien-

200 356 306 412 tiae,
326 354 625 413 excipiuntur
651 353 800 412 Legati
830 368 856 399 a
883 358 1038 399 Latere
1071 358 1118 398 et
1150 353 1400 411 Principes,
1424 355 1628 412 galerum
1653 354 1838 400 rubrum
1872 369 1978 400 neo·

190 437 514 483 cardinalibus
547 436 815 495 imponitur,
851 440 897 481 et
930 449 1166 495 processus
1207 436 1577 482 canonizationis
1622 438 1976 486 concluduntur.

203 527 253 568 ln
289 524 472 566 Secreto
504 520 781 566 consistorio
813 520 867 564 de
904 519 1034 564 novis
1065 519 1380 566 cardinalibus
1412 520 1636 577 creandis,
1672 524 1718 565 et
1749 521 1803 566 de
1846 521 1980 566 novis

206 604 434 663 Episcopis
467 603 685 662 eligendis
717 603 884 661 agitur,
921 617 1006 647 nec
1041 617 1133 647 non
1166 603 1219 647 de
1256 603 1578 661 Episcoporum
1612 603 1979 660 renunciatione,

205 687 525 742 translatione,
561 686 863 745 depositione,
898 686 952 730 de
988 686 1089 744 palii
1118 686 1432 741 concessione,
1469 685 1523 730 (le
1568 687 1701 731 novis
1737 686 1980 744 erigendis,

194 772 348 831 *deque
382 770 616 816 veteribus
649 769 937 814 coarctandis
969 769 1303 828 dilatandisque
1326 769 1660 827 episcopatibus
1677 769 1980 814 concluditur.

204 860 255 900 In
291 855 376 900 hoc
409 854 688 899 Consistorio
724 852 916 897 Romani
954 852 1184 897 Pontificis
1216 852 1516 897 allocutiones
1557 853 1801 908 habentur,
1836 867 1889 897 ac
1931 852 1985 897 de

205 937 421 995 gravibus
470 935 664 994 negotiis
701 935 746 979 in
781 949 947 992 genere
998 939 1231 979 Romanus
1265 935 1475 980 Pontifex
1523 935 1631 993 agit.
1687 939 1733 979 ln
1784 934 1985 993 Semipu-

207 1019 323 1064 blico
363 1019 417 1063 de
461 1018 610 1063 causis
658 1017 1029 1063 canonizationis
1074 1018 1238 1076 agi-tur.
1290 1017 1405 1062 Huic
1444 1018 1675 1063 intersunt
1713 1018 1852 1062 etiam
1890 1018 1987 1075 Epi-

206 1103 328 1161 scopi
366 1117 419 1147 ac
455 1101 794 1160 Archiepiscopi
828 1101 903 1160 qui
938 1100 984 1144 in
1007 1100 1138 1146 Curia
1173 1100 1466 1158 reperiuntur
1502 1114 1556 1146 ac
1591 1105 1750 1145 votum
1783 1100 1890 1145 dare
1923 1099 1988 1144 eis

207 1187 493 1247 permittitur
517 1188 544 1230 ¹.

327 1271 625 1329 congregatio
659 1269 1013 1324 Concistorialis,
1042 1269 1183 1314 veluti
1209 1269 1492 1327 praeparatio
1517 1267 1622 1312 huic
1644 1267 1936 1320 Consistorio‚
1961 1282 1987 1312 a

209 1360 257 1401 R.
295 1361 338 1401 P.
378 1356 505 1400 Sixto
542 1358 575 1397 V
612 1355 820 1399 instituta
854 1358 922 1399 est
945 1355 977 1398 2:
1014 1355 1110 1398 eius
1143 1358 1212 1397 est
1244 1353 1512 1397 examinare
1558 1365 1611 1396 ac
1643 1366 1776 1409 agere
1825 1352 1879 1396 de
1912 1365 1990 1396 ne-

206 1439 341 1497 gotiis
374 1439 428 1483 de
461 1438 624 1498 quibus
661 1437 703 1481 in
739 1438 1014 1483 consistorio
1051 1437 1352 1481 decidendum
1388 1441 1471 1480 est.

440 1570 457 1615 ᾗ
483 1570 515 1604 2.
543 1589 588 1592 ψ
615 1567 885 1614 Coum-eglaim
921 1577 1041 1613 super
1064 1565 1348 1613 promovendis
1384 1565 1436 1600 ad
1464 1565 1762 1611 EpI'scopatunz.

335 1664 434 1708 531.
458 1667 579 1707 Haec
597 1659 896 1718 Congregatio
918 1674 942 1705 a
966 1664 1013 1704 R.
1040 1663 1082 1703 P.
1106 1657 1349 1703 Benedicto
1370 1661 1465 1702 XlV
1485 1657 1695 1702 instituta
1714 1655 1826 1700 est³.
1853 1654 1992 1709 Quin-

201 1761 298 1807 -que
331 1746 644 1793 cardinalibus
677 1745 1078 1802 constat,eiusque
1101 1742 1302 1787 officium
1332 1746 1400 1786 est
1422 1739 1682 1800 perquirere
1714 1738 1904 1798 quinam
1937 1737 1993 1781 ad

216 1830 535 1888 Episcopatum
587 1827 887 1887 promoxendi
928 1826 1035 1871 sint.
1076 1825 1180 1870 Eius
1213 1824 1493 1870 Secretarius
1526 1828 1594 1868 est
1626 1822 1816 1867 Auditor
1838 1825 1993 1868 Came-

212 1929 288 1960 rae
324 1914 621 1972 Apostolicae.
664 1915 829 1957 Verum
865 1911 997 1956 hodie
1032 1911 1142 1955 llaec
1175 1907 1474 1967 Congregatio
1506 1906 1672 1952 abolita
1697 1910 1781 1959 est,
1807 1905 1995 1963 eiusque

200 1998 414 2043 officium
447 1997 502 2042 ad
537 1999 721 2041 Sacram
755 1995 1164 2052 congregationem
1199 1996 1236 2037 S.
1271 1991 1417 2039 Officii
1452 1990 1654 2035 delatum
1687 1994 1756 2034 est
1778 1988 1810 2033 ¹⁴.

510 2115 526 2160 ξ
554 2116 585 2150 3.
615 2135 656 2139 -
684 2113 952 2160 Conyreyalio
977 2112 1015 2148 S.
1038 2111 1253 2159 Officiiseu
1279 2110 1315 2147 S.
1344 2110 1387 2147 R.
1414 2109 1701 2156 Inquisitionis.

337 2213 435 2257 532.
459 2215 499 2257 S.
518 2210 816 2269 Congregatio
835 2212 876 2254 S.
897 2208 1046 2254 Officii
1066 2221 1146 2252 seu
1167 2205 1479 2265 [inquisitionis
1503 2203 1797 2258 Universalis,
1828 2206 1994 2247 Romae

212 2295 429 2340 instituta
469 2299 537 2339 est
575 2307 698 2338 anno
736 2293 846 2337 154⁹.)
880 2306 904 2336 a
944 2290 1076 2334 Paulo
1112 2294 1164 2335 lll
1199 2290 1213 2313 ⁵
1267 2287 1530 2347 praesertim
1579 2291 1738 2331 contra
1774 2283 1998 2329 haeresim

216 2385 513 2445 Luteranam.
553 2377 657 2422 Pius
692 2375 798 2431 1V⁶,
837 2374 939 2419 Pius
973 2376 1008 2416 V
1034 2375 1065 2428 ⁷,
1111 2373 1265 2417 Sixtus
1314 2375 1346 2413 V
1381 2371 1395 2393 ⁸
1438 2371 1556 2415 hanc
1590 2369 1999 2426 Congregationem

339 2535 347 2582 ¹.
375 2533 555 2570 Cardinal.
583 2533 637 2569 Dr.
657 2533 757 2568 LucA
785 2531 813 2567 Il
841 2531 967 2566 Dottor
993 2528 1163 2573 Volgare3
1192 2528 1243 2563 DE
1271 2527 1373 2562 LucA
1399 2524 1690 2561 praeiet-unm.

339 2606 351 2624 ¹
378 2606 531 2643 Constit.
557 2606 749 2647 Immemor,
777 2603 821 2639 22
849 2603 927 2639 Ian.
958 2601 1060 2638 1588.

338 2678 351 2698 ³
378 2680 500 2716 Const.
528 2677 584 2713 Ad
610 2676 845 2723 Apostolicae,
875 2674 916 2710 17
945 2673 1022 2710 Oct.
1051 2671 1154 2708 1740.

340 2750 353 2770 ³
380 2751 501 2787 Motus
528 2749 704 2795 Proprius
731 2749 773 2784 R.
798 2747 837 2782 P.
865 2745 920 2782 Pii
947 2745 992 2789 X,
1021 2743 1061 2779 17
1090 2744 1174 2779 Dec.
1206 2741 1307 2778 1905.

342 2821 354 2839 ⁵
382 2821 504 2858 Const.
531 2821 628 2857 Licet
653 2820 698 2856 ab
723 2819 838 2855 initio.

340 2893 358 2914 ⁸
383 2893 504 2931 Const.
534 2893 624 2929 Cum
650 2902 724 2928 nos.

339 2966 355 2986 ⁷
381 2963 714 3003 Constitutionibus
738 2962 848 3006 [πίθῃ
879 2961 970 2998 Cum
996 2960 1122 3006 (elicis.

340 3038 357 3059 ⁸
384 3039 506 3075 Const.
536 3037 676 3072 Omnes.

2158 841 2176 847 ι
2152 719 2176 827 ἴτ’-’.τέ

2155 912 2176 970 3.

2154 984 2176 1015 3.

2155 1039 2176 1065 ἑ.

2154 1106 2176 1189 ὲ
