2176 3386
659 0 1698 45 ffiwgpawwuwznf--ssgw-*vzw-{sss--v
1770 0 1887 14 ν
1909 0 1967 30 νή).
2102 0 2114 7 ·

778 181 907 209 Lmen
935 181 959 209 1.
991 181 1048 209 DE
1077 181 1271 210 cra-:mels
1843 172 1921 212 153

137 286 282 343 ltalia,
317 288 562 333 Toletanus
593 292 640 334 et
675 290 962 334 Bracarensis
994 290 1040 334 in
1075 289 1310 348 Hispania,
1345 289 1699 348 Salisburgensis
1737 291 1785 336 in
1809 296 1916 338 Ger-

139 370 306 415 mania.
348 371 477 424 Quod
508 371 676 416 attinet
715 372 770 416 ad
810 376 1012 428 ceteros,
1048 373 1267 418 dicuntur
1298 387 1323 418 a
1360 374 1499 419 latere
1537 368 1613 434 qui
1648 389 1672 419 e
1704 376 1918 421 Cardina-

138 450 247 496 lium
281 457 414 497 coetu
446 453 578 499 electi
611 459 744 511 sunt,
782 455 906 500 missi
945 457 1015 500 vel
1049 456 1225 511 nuncii,
1257 457 1335 516 qui
1368 462 1527 514 extra;
1563 457 1788 503 eiusmodi
1821 472 1919 504 esse

75 589 81 598 .
138 534 286 579 solent
317 535 392 594 qui
427 536 481 580 ad
503 550 741 595 supremos
767 538 997 597 Principes
1031 538 1298 595 mittuntur,
1324 545 1375 584 ut
1407 541 1527 598 apud
1559 554 1637 586 eos
1669 555 1920 602 eorumque

136 617 339 663 subditos
370 620 692 665 Christitideles
726 621 1008 679 pontificiam
1043 622 1276 680 explicent
1310 623 1690 669 iurisdietionem.
1733 625 1812 670 His
1845 640 1920 684 po-

137 700 235 745 sitis
259 702 508 749 videndum
531 709 622 749 est:
662 706 700 762 1)
726 720 843 765 quae
867 706 926 751 sit
950 711 1221 765 Legatorum
1248 713 1475 766 potestas,
1512 711 1554 766 2)
1587 711 1751 770 quibus
1775 712 1922 757 modis

137 799 296 830 eorum
329 787 528 832 officium
563 790 758 848 expiret.

256 870 356 913 201.
389 873 448 913 De
482 874 754 929 Legatorum
780 877 1004 930 potestate
1031 874 1075 918 in
1100 888 1266 932 genere
1292 874 1379 920 diei
1416 879 1580 933 potest,
1605 890 1707 920 eam
1743 876 1920 921 definiri

140 952 406 1007 Apostolicis
437 953 595 1010 literis,
620 955 784 1014 quibus
816 956 1038 1002 eiusmodi
1064 957 1263 1002 officium
1298 958 1353 1003 iis
1383 960 1680 1004 commissum
1709 963 1778 1003 est
1802 960 1832 1002 ¹.
1871 963 1920 1004 In

139 1034 287 1092 speeie
320 1040 476 1081 autem
512 1037 623 1082 haee
657 1038 767 1083 satis
801 1039 859 1083 sit
892 1040 1150 1085 adnotasse.

259 1121 289 1162 1.
327 1122 581 1164 Commune
615 1126 684 1165 est
717 1123 893 1180 legatis,
929 1123 1027 1168 sive
1062 1124 1228 1179 missis,
1264 1125 1362 1170 sive
1395 1140 1419 1170 a
1453 1127 1612 1182 latere,

316 1205 360 1258 α)
398 1203 467 1248 ius
499 1204 757 1263 excipiendi
791 1207 1120 1265 appellationes
1144 1223 1168 1252 a
1193 1210 1423 1254 sententia
1457 1209 1695 1254 definitiva
1730 1209 1921 1254 Ordina-

139 1284 328 1341 riorum,
357 1288 427 1331 vel
451 1301 475 1331 a
499 1289 785 1345 gravamine,
810 1291 929 1349 quod
954 1292 1185 1336 sententia
1209 1292 1448 1337 definitiva
1485 1293 1685 1351 reparari
1711 1293 1870 1353 nequit
1888 1294 1918 1338 ‘·'.

319 1369 358 1424 h>
396 1369 464 1414 ius
497 1371 736 1416 assistendi
774 1373 1098 1430 matrimoniis,
1127 1375 1186 1419 ita
1223 1380 1273 1419 ut
1297 1375 1330 1420 si
1357 1389 1513 1420 eoram
1548 1376 1655 1433 ipsis
1689 1376 1802 1421 inita
1828 1378 1921 1421 fue·

139 1452 232 1496 rint
266 1453 451 1498 valeant
472 1455 502 1499 ³.

317 1539 355 1592 e)
403 1538 691 1597 privilegium
736 1540 964 1598 peculiare
1014 1541 1243 1595 canonis,
1285 1555 1374 1600 quo
1416 1541 1590 1587 seilicet
1638 1541 1924 1599 gravioribus

139 1619 312 1676 poenis,
349 1620 423 1679 qui
458 1634 535 1665 eos
566 1621 808 1667 offendunt
843 1624 1141 1669 mulctantur.

316 1703 360 1758 d)
398 1703 692 1760 l'rivilegium
717 1705 998 1750 concedendi
1024 1706 1332 1764 indulgentias
1358 1722 1436 1765 pro
1463 1720 1754 1772 quocumque
1787 1720 1923 1764 opere

139 1786 211 1844 pio
244 1787 299 1831 ad
336 1791 539 1845 tempus,
574 1789 693 1847 quod
727 1803 902 1834 annum
938 1805 1029 1834 non
1065 1791 1284 1849 attingat3
1332 1806 1411 1849 pro
1450 1791 1660 1837 Ecclesiis
1694 1806 1803 1836 vero
1845 1794 1924 1836 aut

138 1869 358 1928 Cappellis
380 1876 555 1928 septem
579 1886 809 1917 annorum
844 1888 897 1918 ae
931 1874 1122 1918 totidem
1146 1875 1564 1934 quadragenarum,
1600 1889 1717 1935 quae
1749 1875 1925 1920 seilicet

138 1951 195 1996 ab
226 1952 281 1997 iis
312 1954 628 2012 acquirantur,
664 1955 739 2013 qui
766 1955 850 2000 rite
884 1956 1081 2001 confessi
1115 1962 1162 2001 et
1195 1959 1235 2001 S.
1268 1958 1550 2003 Euellaristia
1586 1958 1744 2004 refecti
1779 1959 1824 2003 in
1849 1973 1923 2004 eo-

138 2035 240 2080 dem
265 2034 362 2080 loeo
396 2036 522 2080 iuxta
560 2036 867 2083 intentionem
905 2039 1131 2084 Ecclesiae
1163 2040 1402 2084 oraverint
1425 2041 1455 2084 ³.

258 2120 359 2164 202.
399 2123 449 2164 ΙΙ.
490 2121 727 2179 Proprium
762 2125 832 2166 est
865 2123 1119 2179 legatorum
1155 2138 1179 2167 a
1215 2124 1373 2178 latere,

319 2203 363 2257 a)
390 2206 442 2245 ut
463 2203 519 2246 ad
545 2204 821 2260 probandam
847 2218 974 2249 suam
1001 2206 1276 2262 legationem
1311 2207 1466 2251 literas
1491 2208 1770 2265 Apostolieas
1796 2207 1923 2252 exhi-

140 2281 244 2327 bere
278 2298 369 2329 non
404 2290 652 2330 teneantur
675 2289 707 2332 ⁵.

316 2369 355 2423 b)
395 2373 459 2424 ut,
482 2370 596 2415 Urbe
621 2371 787 2428 egressi
807 2375 852 2415 et
874 2375 1079 2417 Romano
1101 2373 1321 2419 Pontifice
1340 2388 1432 2419 non
1462 2380 1718 2433 praesente,
1740 2375 1805 2420 uti
1826 2389 1924 2434 pos·

141 2448 248 2506 Sint,
270 2450 376 2495 lieet
400 2452 686 2509 provinciam
712 2455 917 2500 nondum
943 2455 1199 2514 attigerint,
1226 2456 1482 2513 insignibus
1505 2458 1744 2516 legationis
1761 2472 1869 2504 suae
1888 2459 1919 2503 ⁶.

259 2616 267 2635 ¹
298 2616 640 2654 Scummoauunun
668 2619 705 2654 in
733 2618 784 2654 tit.
803 2620 845 2655 de
871 2620 982 2666 officio
1011 2621 1142 2668 Legati,
1173 2631 1207 2657 n.
1235 2622 1267 2657 5.

258 2688 270 2707 ¹
297 2689 332 2725 S.
358 2689 492 2735 Congr-
519 2691 641 2735 Episc.
667 2692 707 2726 et
725 2691 894 2737 Regular.
922 2693 1019 2738 apud
1046 2693 1157 2730 Cone.
1187 2694 1292 2729 Rom.
1329 2693 1417 2729 anni
1446 2693 1538 2729 1725
1569 2694 1605 2729 in
1635 2694 1794 2739 append.
1823 2703 1861 2729 n.
1885 2695 1924 2739 5;

141 2763 175 2796 ot
201 2761 297 2806 apud
323 2761 479 2798 Guium
508 2755 699 2808 Expositio
725 2762 824 2799 Iuris
852 2765 985 2811 Pontis.
1014 2770 1103 2810 part.
1132 2765 1163 2808 1,
1190 2773 1277 2802 sect.
1306 2765 1386 2807 508,
1413 2775 1448 2802 n.
1475 2765 1496 2801 Ξ
1524 2769 1559 2801 et
1584 2774 1661 2810 seq-

258 2832 270 2851 ³
297 2833 332 2869 S.
361 2833 493 2879 congr.
520 2833 630 2870 Cone.
657 2835 755 2879 apud
782 2834 937 2871 Guium
965 2840 1056 2881 part.
1087 2836 1117 2878 1,
1146 2840 1239 2872 sect.
1267 2836 1344 2881 174,
1364 2846 1398 2872 n.
1427 2836 1483 2872 25.

258 2903 272 2922 ⁸
296 2904 480 2941 anaexms
506 2905 670 2942 Biblioth.
697 2907 802 2949 iuris,
832 2907 942 2944 verbo
970 2907 1137 2954 Leqatus.
1169 2918 1203 2944 n.
1230 2908 1287 2944 46.

258 2978 270 2996 ³
297 2977 531 3014 SCHMALZGR.
558 2978 610 3014 tit.
637 2980 679 3015 cle
704 2979 797 3025 offic.
825 2980 905 3026 leq„
932 2989 967 3015 n.
994 2978 1028 3015 9.

259 3048 272 3067 ⁶
298 3048 485 3085 ScuMALz.
511 3050 533 3085 l.
560 3061 604 3094 e.,
629 3061 664 3088 n.
683 3050 716 3090 4,
741 3056 755 3092 S
782 3051 815 3086 2.
