2176 3386
760 204 891 233 Lmen
919 205 944 232 1.
976 203 1034 232 DE
1055 203 1258 232 ‘CLEmcls
1825 189 1902 229 133

116 315 302 366 vocant,
337 324 443 356 cum
477 309 808 368 interpretatio
841 310 1099 355 correctiva
1134 323 1227 354 non
1260 308 1318 353 sit
1341 308 1427 353 nisi
1464 329 1484 349 α
1510 308 1755 353 verborum
1789 308 1903 365 legis

113 406 198 450 per
227 393 482 450 beniynam
520 395 838 449 acceptionem
872 395 1104 450 mitiyatio
1126 411 1165 447 n,
1200 391 1407 449 epiclieia
1441 382 1677 437 vero'non
1723 390 1782 434 sit
1813 390 1900 435 nisi

117 495 137 516 a
162 476 368 534 benigna
401 477 516 533 leyis
547 478 771 521 correctio
805 481 889 521 aut
923 478 1151 520 restrictio
1183 491 1239 520 ea·
1281 478 1370 520 rite
1399 479 1707 532 praesumpta
1749 480 1901 517 mente

113 559 393 616 leqistatoris
418 560 429 581 ²
463 559 534 603 vel
566 561 791 604 correctio
831 559 945 617 leyis
977 573 1083 603 cum
1117 559 1270 618 deficit
1298 565 1491 616 propter
1526 558 1797 602 universale
1822 575 1840 596 n
1867 557 1897 600 ².

116 644 283 686 Verum
320 646 449 687 notat
482 642 537 686 cl.
576 642 847 700 Sanguineti
873 642 887 665 ⁸
925 641 1136 701 Epicheia
1181 642 1431 687 intrinsece
1472 641 1625 686 differt
1660 641 1717 684 ab
1757 639 1899 684 inter-

113 725 368 782 pretatione
403 727 682 780 restrictiva,
718 725 825 784 quia
862 744 881 765 α
908 725 1139 785 quaelibet
1172 725 1491 784 interpretatio
1523 725 1580 768 de
1610 724 1759 768 verbis
1793 722 1900 779 legis

110 811 181 852 est
211 806 421 863 sollicita,
456 808 566 853 dum
588 822 613 853 e
642 808 872 854 contrario
906 808 1112 867 epicheia
1147 815 1345 853 mentem
1378 809 1658 866 leyislatoris
1697 807 1900 851 declarat

114 891 260 935 verbis
291 894 433 936 ctiam
466 892 611 936 claris
643 893 766 949 Ie9is
798 895 848 935 in
884 893 1040 951 aliquo
1070 894 1307 950 peculiari
1336 905 1448 937 casa
1487 893 1783 936 contrariam
1810 908 1828 928 n
1863 889 1894 932 ³.

109 973 244 1019 Hisce
266 974 543 1031 praehabitis
567 975 795 1033 agendum
824 978 869 1032 a)
891 976 945 1020 de
965 976 1130 1034 regulis
1150 975 1544 1034 interpretationis
1561 975 1895 1029 declarativae,

109 1057 148 1114 b)
182 1057 237 1101 de
271 1057 437 1115 regulis
471 1058 872 1116 interpretationis
905 1062 1182 1115 extensivae,
1219 1064 1265 1103 et
1297 1062 1334 1117 τ’)
1371 1059 1427 1104 de
1471 1058 1635 1116 regulis
1676 1058 1898 1115 interpre-

110 1141 299 1187 tationis
334 1142 618 1187 restrictivae

480 1285 516 1321 α)
541 1300 588 1306 -
614 1282 673 1318 De
702 1283 853 1328 reynlis
881 1283 1224 1330 interpretationis
1250 1285 1530 1321 declarativae.

233 1395 329 1438 174.
381 1398 490 1438 (jum
540 1394 939 1451 interpretationis
981 1396 1300 1441 declarativae
1341 1397 1400 1441 sit
1435 1397 1573 1442 verba
1616 1399 1810 1443 obscura
1850 1404 1896 1445 et

108 1476 250 1522 dubia
282 1476 531 1530 declarare,
568 1476 629 1520 ita
663 1480 713 1520 ut
749 1476 1017 1535 legislatoris
1052 1492 1182 1523 mens
1216 1479 1416 1537 patefiat,
1452 1480 1695 1539 dupliciter
1728 1482 1792 1526 uti
1822 1496 1893 1526 su-

108 1572 187 1616 pra
232 1560 496 1606 monuimus
529 1562 710 1620 procedi
746 1565 910 1620 potest,
949 1562 1020 1606 vel
1056 1576 1134 1619 per
1168 1562 1289 1606 viam
1326 1562 1656 1620 pltiloloyicam
1702 1565 1773 1609 vel
1815 1579 1895 1624 per

108 1640 232 1685 viam
266 1641 648 1700 philosophicam.
702 1650 1000 1704 Quocumque
1045 1645 1179 1689 modo
1214 1646 1486 1703 procedatur
1523 1646 1568 1690 in
1602 1661 1893 1707 quacumque

107 1723 517 1783 interpretatione,
555 1727 758 1772 maxime
791 1728 1124 1773 attendendum
1160 1732 1229 1772 est
1261 1732 1360 1773 tum
1393 1730 1448 1774 ad
1484 1736 1682 1774 mentem
1710 1731 1892 1788 legista-

107 1810 218 1852 toris
250 1808 292 1864 ⁶,
330 1813 427 1853 tum
472 1810 525 1854 ad
570 1811 686 1868 leyis
719 1810 1006 1868 formulam,
1044 1816 1141 1856 tum
1176 1813 1230 1856 ad
1265 1813 1494 1858 adiuncta
1533 1813 1754 1859 historica
1795 1818 1892 1873 qai-

106 1891 187 1935 bas
219 1892 291 1935 lea:
323 1894 724 1945 circumscribitur
747 1895 777 1938 ⁷.

227 1979 274 2019 In
324 1975 393 2019 his
433 1974 669 2034 principiis
714 1977 1071 2022 fundamentum
1122 1977 1294 2023 habeut
1339 1992 1500 2023 omnes
1543 1981 1723 2037 regulae
1763 1980 1889 2034 iuris,

105 2069 220 2114 quae
255 2060 353 2100 tum
389 2056 434 2101 in
470 2056 561 2102 fine
602 2057 915 2116 Digestorum,
952 2064 1049 2103 tum
1088 2060 1393 2105 Decretalium
1428 2061 1630 2120 Gregorii
1668 2066 1745 2117 lx,
1791 2066 1888 2107 tum

107 2136 230 2182 Sexti
266 2139 571 2183 Decretalium
625 2140 934 2197 reperiuntur.
975 2144 1050 2185 Est
1097 2145 1253 2186 tamen
1306 2143 1558 2187 notandum
1603 2145 1648 2200 a)
1687 2144 1888 2201 regulam

106 2233 203 2264 esse
236 2235 293 2265 ex
328 2221 424 2266 iure
459 2236 550 2266 non
587 2222 655 2267 ius
688 2237 744 2267 ex
779 2225 959 2281 regula;
996 2225 1035 2281 b)
1066 2226 1266 2283 regulam
1301 2225 1436 2271 unica
1462 2225 1655 2271 formula
1680 2227 1890 2284 colligere

107 2302 176 2347 ius
208 2318 264 2348 ex
300 2304 501 2363 pluribus
535 2305 714 2351 casibus
747 2306 972 2352 similibus
1004 2321 1259 2366 exurgens;
1296 2310 1333 2365 c)
1371 2309 1527 2354 adesse
1560 2323 1691 2355 casus
1715 2310 1758 2353 in
1793 2310 1889 2369 qui-

107 2386 188 2432 bus
223 2389 375 2445 regula
409 2389 611 2434 adbiberi
647 2403 740 2434 non
775 2395 949 2449 potest;
985 2394 1034 2449 ct)
1059 2392 1299 2450 prudentia
1324 2398 1369 2437 et
1392 2393 1502 2438 ordo
1524 2407 1661 2453 quam
1688 2395 1889 2438 maxime

226 2565 233 2582 ¹
264 2565 314 2601 Cr.
341 2566 501 2602 MAcuAT
528 2577 586 2613 op.
606 2578 648 2609 c.,
677 2568 697 2604 l.
728 2569 758 2611 1,
787 2573 807 2604 t.
837 2569 869 2604 2.

224 2635 236 2653 ³
263 2635 387 2672 Amsr.
413 2637 576 2673 Euneon
597 2638 639 2682 V,
670 2639 732 2682 10;
761 2640 905 2676 Suxflsz
933 2639 954 2676 l.
982 2640 1044 2677 VI.

224 2707 236 2726 ³
264 2708 350 2745 Insl.
371 2710 438 2746 iur.
457 2719 535 2746 can.
555 2710 699 2756 Proleg.
721 2721 754 2756 p.
771 2711 805 2756 2,
824 2717 912 2748 sect.
932 2712 964 2756 2,
1016 2713 1048 2750 4.

224 2779 237 2798 ⁸
263 2779 314 2816 Cf.
333 2781 459 2818 Rmrr.
479 2786 502 2817 t.
521 2782 564 2818 de
584 2784 709 2819 Const-
731 2794 763 2820 o.
785 2784 845 2820 cit.

221 2853 234 2871 ³
261 2852 517 2898 lutei-pretatio
555 2856 762 2892 coi-recliva
788 2862 824 2892 et
850 2856 1019 2902 epicheia
1047 2857 1082 2892 in
1110 2856 1187 2893 foro
1213 2862 1364 2894 externo
1386 2859 1446 2894 vix
1473 2859 1594 2895 locum
1615 2859 1742 2895 habel:
1774 2858 1886 2893 d'An-

106 2922 181 2958 nib.
200 2932 232 2960 o.
251 2934 282 2960 c.
305 2934 337 2970 p.
359 2924 437 2961 180.

225 2993 238 3012 ⁶
263 2995 312 3032 Cf.
341 2996 569 3034 SANGUINETI
588 3008 619 3034 o.
640 3008 670 3034 c.

224 3065 237 3084 ⁷
263 3066 301 3102 L.
323 3067 365 3103 19
391 3067 436 3104 ad
462 3068 584 3105 exbib.
613 3079 641 3105 c.
661 3070 694 3113 8,
715 3070 759 3106 de
779 3069 822 3107 V.
845 3071 878 3108 S.
