2176 3386
787 217 917 246 Lmen
944 217 973 245 1.
1004 216 1062 244 DE
1090 215 1286 245 cmmcls
1849 202 1927 244 381

145 339 235 386 que
265 338 347 384 pro
381 323 748 370 benefactoribus
778 322 994 381 applicari
1028 322 1163 367 debet
1187 322 1227 380 ¹3
1268 321 1404 381 idque
1443 320 1624 371 etiamsi
1662 320 1749 366 alia
1785 320 1923 366 missa

147 406 324 464 votiva,
358 421 649 468 quacumque
681 406 771 452 alia
801 406 856 451 de
889 419 1044 462 causa,
1080 405 1241 451 eadem
1274 403 1348 450 die
1380 409 1576 450 canatur
1598 403 1631 460 ²,
1660 404 1927 450 celebratio-

148 504 256 536 nem
289 490 483 536 aliarum
517 489 762 535 missarum
785 489 1169 534 conventualium
1192 488 1331 533 certis
1351 488 1622 548 quibusdam
1651 487 1825 544 diebus,
1850 487 1928 547 qui

148 573 194 618 in
228 573 517 631 generalibus
560 571 754 619 Missalis
792 572 985 617 rubricis
1026 572 1382 630 designantur³‚
1429 570 1750 617 recitationem
1791 571 1928 615 certis

146 656 304 701 diebus
336 657 382 701 in
417 656 596 701 rubrica
630 654 879 714 designatis
912 655 1047 701 officii
1082 660 1126 700 Β.
1157 660 1218 701 Μ.
1248 657 1301 700 V.
1343 656 1692 711 Defunctorum,
1728 655 1927 700 Psalmo-

146 753 248 784 rum
283 739 686 785 poenitentialium
720 753 772 784 ac
805 739 1119 795 Gradualium‚
1144 753 1261 799 quae
1285 743 1441 784 tamen
1466 739 1605 783 libere
1628 752 1681 784 ac
1703 737 1802 783 sine
1828 753 1927 797 pec-

144 827 247 868 cato
279 822 526 880 omittitur.
559 827 755 881 excepto
787 837 894 868 casu
927 826 1139 868 vetustae
1170 822 1518 867 consuetudinis
1549 822 1695 881 quoad
1721 822 1924 867 officium

145 908 329 949 tantum
362 909 408 949 B.
446 910 507 951 M.
549 909 597 950 V.
625 906 639 930 a

262 988 434 1041 Quibus
466 989 679 1033 omnibus
711 994 804 1034 tres
834 988 1261 1034 animadversiones
1292 989 1526 1034 addendae
1560 994 1685 1044 sunt⁷
1725 1003 1922 1048 quarum

146 1071 291 1130 prima
324 1077 409 1128 est,
445 1073 577 1117 Chori
611 1073 851 1118 servitium
884 1072 1204 1132 quotidianum
1240 1072 1430 1117 omnino
1459 1086 1556 1117 esse
1593 1072 1742 1132 quoad
1786 1074 1924 1118 Colle-

146 1155 268 1212 gium
303 1156 638 1201 Canonicorum
676 1156 811 1201 simul
845 1162 1099 1215 sumptum,
1134 1157 1282 1216 quoad
1308 1171 1418 1201 vero
1442 1157 1644 1214 singulos
1673 1156 1929 1203 Canonicos

146 1239 414 1297 regulariter
445 1240 628 1299 quidem
661 1240 982 1300 quotidianum
1019 1241 1188 1299 pariter
1219 1254 1333 1297 esse,
1369 1241 1446 1285 sed
1479 1241 1698 1299 quasdam
1724 1255 1774 1285 ea
1800 1242 1854 1285 de
1879 1255 1926 1285 re

147 1322 303 1366 haberi
336 1322 647 1381 exceptiones,
683 1324 737 1368 de
770 1323 935 1382 quibus
969 1338 1075 1368 mox
1110 1323 1305 1380 dicetur,
1341 1338 1445 1368 cum
1481 1325 1535 1368 de
1571 1323 1816 1368 residentia
1840 1323 1927 1367 erit

145 1418 312 1450 sermo.
352 1407 500 1450 Altera
534 1412 620 1462 est,
659 1407 704 1451 in
738 1407 847 1451 locis
883 1407 1154 1452 Missionum
1190 1407 1353 1451 saltem
1388 1406 1632 1466 quinquies
1672 1408 1744 1451 vel
1780 1406 1929 1451 sexies

146 1489 192 1532 in
227 1504 350 1533 anno
383 1489 429 1533 in
463 1490 720 1535 Cathedrali
758 1490 953 1535 Ecclesia
988 1491 1243 1535 Canonicos
1276 1490 1527 1536 convenire
1566 1490 1730 1535 debere
1777 1489 1929 1550 ibique

150 1574 353 1617 Tertiam
388 1573 578 1631 psallere
611 1579 656 1618 et
691 1575 853 1619 missae
878 1574 1175 1619 conventuali
1202 1589 1280 1632 pro
1303 1574 1673 1619 benefactoribus
1695 1574 1923 1619 assistere.

145 1656 293 1700 Tertia
328 1657 668 1702 animadversio
701 1662 786 1712 est,
821 1658 940 1717 quod
974 1659 1009 1702 si
1043 1657 1143 1717 quis
1166 1658 1424 1704 Canonicus
1445 1658 1543 1702 sive
1566 1672 1624 1702 ex
1648 1658 1765 1703 iusta
1789 1672 1926 1703 causa

145 1739 243 1783 sive
276 1754 333 1784 ex
369 1741 643 1798 negligentia
677 1755 701 1785 a
736 1742 875 1785 choro
908 1741 1123 1797 abfuerit,
1158 1741 1373 1786 eumdem
1407 1741 1599 1786 omnino
1622 1743 1769 1787 teneri
1796 1745 1929 1787 boras

145 1823 393 1867 canonicas
426 1823 643 1881 privatim
679 1825 889 1879 recitare,
927 1824 1014 1868 nisi
1059 1824 1316 1882 legitimum
1362 1824 1480 1869 adsit
1523 1825 1925 1883 impedimentum.

264 1907 365 1951 486.
405 1908 580 1962 Modus,
605 1922 695 1967 quo
728 1908 860 1954 Chori
885 1908 1126 1952 servitium
1154 1909 1462 1966 peragendum
1487 1914 1571 1963 est,
1597 1911 1800 1968 quinque
1825 1909 1928 1968 legi-

145 1990 227 2035 bus
250 1990 460 2035 concludi
485 1996 646 2049 potest.
675 1991 824 2036 Prima
848 1993 922 2036 lex
946 1997 1015 2036 est
1037 1997 1088 2035 ut
1111 1992 1189 2037 liat
1214 2006 1292 2049 per
1308 2005 1371 2047 se,
1394 2006 1486 2037 non
1507 2007 1585 2051 pei·
1602 1993 1874 2038 substitutos
1895 1994 1926 2049 ⁵,

145 2073 263 2131 quod
298 2077 453 2118 tamen
490 2073 837 2132 intelligendum
871 2079 940 2119 est
971 2075 1026 2119 de
1059 2074 1319 2119 substitutis
1351 2077 1602 2131 extraneis,
1629 2076 1853 2135 siquidem
1878 2077 1926 2121 in

145 2155 199 2199 iis
232 2155 464 2214 Capitulis,
500 2157 546 2202 in
580 2157 744 2217 quibus
777 2157 1041 2202 alternatim
1074 2172 1100 2202 a
1134 2158 1320 2203 dimidia
1357 2159 1427 2203 vel
1463 2160 1598 2204 tertia
1634 2163 1761 2217 parte
1785 2164 1927 2206 Cano-

146 2239 356 2284 nicorum
390 2240 589 2285 officium
624 2241 820 2299 persolvi
855 2241 1122 2297 consuevit,
1171 2241 1468 2286 interdictum
1504 2256 1597 2286 non
1630 2247 1700 2287 est
1731 2243 1926 2288 Canoni-

146 2321 226 2377 cis,
264 2323 334 2367 vel
374 2323 693 2380 Beneficiariis‚
733 2324 803 2369 vel
839 2325 1161 2370 Mansionariis
1195 2325 1393 2385 aliquem
1429 2340 1452 2370 6
1486 2326 1580 2370 suis
1612 2327 1802 2384 Collegis
1825 2327 1929 2371 sub·

146 2404 352 2460 stituere,
387 2406 637 2451 dummodo
669 2412 867 2466 quatuor
900 2408 984 2452 hae
1017 2408 1137 2466 leges
1169 2414 1436 2453 serventur:
1475 2413 1525 2452 ut
1557 2409 1833 2454 substitutus
1872 2411 1927 2455 ad

146 2487 336 2532 chorum
370 2488 530 2533 eodem
565 2493 771 2547 tempore
804 2504 898 2534 non
934 2494 1169 2547 teneatur3
1208 2495 1257 2534 ut
1291 2491 1550 2535 huiusmodi
1575 2492 1927 2537 substitutiones

147 2573 411 2632 frequentes
443 2587 537 2618 non
570 2573 678 2628 sint,
715 2574 833 2633 quod
856 2573 1044 2618 arbitrio
1073 2574 1275 2632 Episcopi
1300 2574 1596 2619 iudicandum
1623 2575 1922 2634 relinquitur5

263 2727 273 2746 ¹
303 2728 533 2765 Bsnaolcrus
558 2728 658 2771 XIV,
685 2730 806 2765 Const.
834 2729 925 2765 Cum
951 2740 1103 2775 semper,
1132 2730 1174 2766 19
1202 2730 1297 2775 Aug.
1327 2729 1436 2774 1744;
1463 2730 1550 2766 Inst.
1580 2730 1658 2770 107,
1685 2741 1721 2766 n.
1749 2731 1780 2773 7,
1810 2731 1864 2766 11.

264 2798 276 2817 ²
304 2800 476 2836 BARBOSA
502 2801 544 2837 de
570 2800 715 2844 Canon„
743 2800 779 2837 C.
807 2801 862 2838 56.

265 2870 278 2890 ³
303 2872 536 2909 Bmsmcrus
563 2873 660 2918 XIV,
688 2874 775 2910 Inst.
805 2873 882 2911 107.

264 2941 278 2962 '⁸
303 2943 391 2980 Plus
417 2944 460 2989 V,
487 2944 608 2981 Const.
638 2945 739 2988 Quod
756 2956 776 2981 a
796 2945 921 2988 Nobis,
949 2945 968 2981 7
989 2946 1067 2983 iulii
1096 2945 1205 2989 15683
1246 2946 1478 2982 BENEDic'rus
1506 2946 1603 2988 XIV,
1632 2946 1718 2981 lust.
1745 2946 1818 2989 cit„
1846 2955 1879 2981 n.
1907 2945 1929 2980 8

71 3062 81 3067 μ
150 3018 186 3050 et
210 3023 312 3061 seqq.

264 3085 277 3105 ⁵
303 3086 414 3123 Cone.
440 3087 599 3124 Tridenl.
628 3088 724 3124 Sess.
752 3088 886 3132 XXIV,
913 3087 998 3134 Cap.
1026 3089 1096 3125 XII
1123 3089 1167 3124 de
1194 3088 1350 3124 Reform.
