2176 3386
500 231 630 260 LIBER
659 231 686 259 1.
719 231 776 259 DE
806 230 944 260 REBUS
973 226 1209 259 ECCLESIAE
1238 229 1567 259 SPIRITUALIBUS
1855 219 1931 260 163

262 341 365 386 959.
406 341 561 386 Relate
592 340 648 384 ad
683 338 978 384 matrimonia
1013 337 1286 392 infidelium,
1321 338 1505 397 quando
1540 337 1612 384 vel
1645 336 1813 392 ambo,
1855 338 1930 382 vel

142 436 264 468 unus
294 422 602 479 convertitur,
635 422 882 467 dicendum
916 427 984 467 est
1017 420 1226 478 coniugia
1262 424 1501 465 contracta
1537 420 1583 464 in
1620 419 1766 478 primo
1788 420 1930 477 gradu

143 504 293 550 lineae
328 509 482 551 rectae
514 509 641 550 certo
673 518 771 549 esse
806 504 1033 559 invalida,
1078 504 1123 548 in
1169 503 1269 548 aliis
1310 502 1642 548 consulendam
1682 516 1779 547 esse
1815 505 1930 561 Apo·

146 587 355 632 stolicam
391 587 569 632 Sedem.

262 671 365 716 940.
412 671 456 715 2.
482 669 700 728 cognatio
736 669 990 723 vspiritualis
1032 668 1346 713 contrabitur:
1388 669 1425 723 1)
1461 668 1582 712 inter
1613 668 1928 725 baptizantem

144 753 218 798 vel
252 753 607 798 confirmantem
643 756 689 796 et
723 752 1004 812 baptizatum
1041 752 1112 796 vel
1146 751 1473 796 confirmatum
1507 750 1817 809 baptizatique
1856 751 1930 794 vel

143 835 403 881 confirmati
439 840 614 894 patrem
648 839 696 879 et
729 839 950 890 matrem3
987 836 1028 890 2)
1062 835 1182 878 inter
1211 835 1444 892 patrinum
1470 833 1686 893 baptismi
1711 833 1930 877 solemnis

145 918 218 963 vel
251 917 616 963 confirmationis
648 921 693 961 et
727 917 1008 975 baptizatum
1046 917 1118 961 vel
1151 916 1477 962 confirmatum
1503 916 1692 976 eiusque
1718 920 1931 974 parentes

145 1003 378 1048 naturales
410 1003 550 1048 etiam
584 1001 861 1059 illegitimos,
898 1006 945 1046 at
978 1016 1070 1046 non
1104 1001 1370 1060 adoptivos;
1401 1002 1606 1061 adeoque
1631 1015 1723 1046 non
1748 1003 1931 1046 contra-

145 1086 271 1130 hitur
301 1100 325 1131 a
360 1085 554 1143 coniuge
587 1084 862 1142 baptizantis
896 1099 981 1129 nec
1014 1099 1039 1129 a
1073 1085 1267 1142 coniuge
1303 1084 1469 1143 patrini
1495 1086 1526 1140 ¹,
1558 1099 1644 1130 nec
1667 1084 1790 1128 inter
1812 1083 1932 1142 ipsos

145 1168 350 1228 patrinos
382 1167 686 1212 contrabitur.
724 1170 776 1212 Et
807 1167 846 1211 is
876 1167 951 1227 qui
986 1167 1189 1226 baptizat
1220 1182 1322 1212 eam
1358 1167 1593 1212 contrahit
1626 1167 1671 1211 in
1704 1166 1931 1225 baptismo

144 1264 325 1310 quoque
361 1250 557 1307 privato,
595 1263 687 1294 non
724 1250 832 1294 item
870 1249 1095 1309 patrinus,
1130 1265 1248 1309 quae
1285 1250 1437 1294 verior
1467 1249 1698 1294 sententia
1734 1253 1817 1294 est.
1873 1287 1876 1290 ,

265 1333 365 1377 941.
403 1334 459 1376 rt
493 1346 603 1376 vero
637 1332 850 1389 cognatio
883 1332 1132 1391 spiritualis
1164 1333 1468 1377 contrahatur
1501 1332 1774 1391 requiritur:
1815 1334 1854 1387 l)
1883 1336 1934 1376 ut

145 1415 383 1473 baptizans
417 1416 489 1459 vel
522 1414 776 1473 suscipiens
808 1416 881 1459 vel
916 1419 1080 1460 tenens
1112 1416 1171 1460 sit
1204 1415 1486 1474 baptizatus:
1530 1419 1576 1459 et
1616 1429 1675 1460 ex
1709 1415 1928 1460 declarat.

146 1501 187 1543 S.
224 1502 270 1543 C.
307 1501 353 1543 C.
391 1498 436 1542 in
474 1500 647 1543 Licien.
690 1498 741 1542 15
776 1497 872 1542 iun.
914 1498 1025 1543 1654
1069 1502 1249 1542 certum
1294 1502 1362 1543 est
1395 1499 1439 1542 in
1475 1497 1833 1543 confirmatione
1867 1502 1932 1543 te—

147 1584 337 1624 nentem
371 1579 535 1623 debere
568 1592 667 1623 esse
699 1579 1042 1624 confirmatum.
1079 1581 1121 1637 2)
1152 1580 1430 1640 Requiritur,
1461 1585 1512 1624 ut
1535 1594 1643 1624 vere
1667 1581 1933 1625 conferatur

146 1661 421 1720 baptismus;
458 1676 551 1706 non
584 1663 709 1706 enim
750 1662 898 1707 oritur
938 1663 1150 1720 cognatio
1195 1678 1251 1707 ex
1288 1664 1574 1721 suppletione
1614 1663 1929 1708 caeremonia-

146 1759 248 1789 rum
273 1746 306 1801 2,
343 1759 428 1789 nec
461 1759 519 1789 ex
553 1745 780 1803 baptismo
803 1745 1025 1797 invalido,
1049 1750 1129 1791 aut
1153 1746 1506 1791 confirmatione
1531 1746 1748 1791 invalida.
1782 1747 1825 1804 5)
1849 1749 1928 1792 Co-

146 1828 378 1887 gnationis
409 1828 658 1887 spiritualis
691 1829 1077 1888 impedimentum
1113 1845 1205 1875 non
1240 1831 1450 1876 contrabi
1484 1846 1508 1876 a
1544 1831 1754 1889 patrinis,
1782 1831 1859 1891 qui
1885 1832 1931 1875 in

146 1910 408 1969 supplendis
441 1911 653 1969 baptismi
687 1912 1058 1958 solemnitatibus
1089 1914 1384 1970 adhibentur,
1420 1914 1657 1973 conceptis
1680 1915 1835 1959 verbis
1857 1915 1932 1960 de-

146 1993 341 2039 claravit
375 1996 416 2039 S.
453 1996 615 2052 Congr.
654 1995 748 2039 Fid.
787 1999 916 2054 Prop.
947 1996 975 2041 3.
1009 1997 1051 2052 [1)
1083 1996 1372 2056 Requiritur,
1419 2003 1469 2042 ut
1515 2013 1621 2043 xere
1660 2003 1935 2044 exerceatur

148 2090 318 2121 munus
352 2076 519 2134 patrini
554 2077 669 2122 idest
703 2078 892 2123 nomine
924 2080 1122 2137 proprio.
1161 2081 1287 2125 [nde
1322 2095 1414 2126 non
1449 2082 1742 2126 contrahitur
1773 2096 1798 2127 a
1833 2097 1931 2139 pro-

147 2163 376 2217 curatore,
410 2160 488 2204 sed
521 2174 545 2204 a
581 2161 831 2206 mandante
855 2162 886 2205 ²³.
926 2166 1081 2222 Neque
1115 2164 1406 2208 contrahitur
1437 2165 1494 2208 ab
1526 2178 1579 2209 eo
1603 2163 1680 2223 qui
1705 2163 1932 2208 infantem

147 2240 336 2298 suscipit
358 2240 413 2284 ad
437 2242 658 2286 maiorem
682 2244 1060 2289 commoditatem
1084 2245 1377 2304 baptizantis.
1405 2247 1647 2305 Baptizans
1674 2261 1798 2303 vero,
1828 2247 1934 2292 lieet

147 2323 398 2380 delegatus,
434 2338 536 2368 eam
570 2326 816 2370 contrabit.
853 2327 894 2383 5)
922 2328 1050 2380 Quod
1088 2343 1196 2373 vero
1232 2329 1492 2388 requiratur
1524 2335 1570 2375 et
1616 2330 1837 2386 sufficiat,
1884 2333 1934 2374 ut

150 2407 317 2465 patrini
351 2407 399 2452 in
433 2413 539 2452 actu
571 2409 820 2455 ablutionis
861 2410 1087 2457 infantem
1126 2413 1313 2471 physice
1338 2418 1547 2471 tangant,
1577 2414 1755 2459 eruitur
1777 2428 1834 2458 ex
1858 2414 1932 2458 de-

150 2489 400 2535 claratione
436 2492 477 2535 S.
514 2494 676 2549 Congr.
714 2492 808 2538 Fid.
846 2498 974 2552 Prop.
1014 2509 1093 2553 pro
1128 2496 1261 2541 rebus
1296 2497 1509 2540 Sinarum
1535 2497 1566 2552 ⁵,
1604 2497 1761 2556 inqua
1785 2497 1933 2541 decla-

151 2577 301 2617 ratum
337 2573 440 2630 fuit,
476 2575 596 2633 quod
629 2575 878 2634 requiritur
909 2582 956 2621 et
987 2578 1154 2623 sufficit
1188 2583 1237 2622 ut
1266 2579 1473 2637 patrinus
1498 2580 1570 2624 vel
1596 2580 1794 2624 matrina
1819 2580 1932 2638 phy-

271 2725 281 2744 ¹
311 2726 346 2763 S.
371 2726 460 2763 Pius
486 2727 518 2764 V
545 2732 647 2764 motu
673 2739 776 2775 prop.
806 2729 897 2766 Cum
920 2731 1022 2768 illius
1047 2733 1169 2769 vicem.

270 2796 282 2815 ²
310 2797 357 2833 Ut
382 2797 583 2835 declaravit
609 2799 643 2836 S.
670 2799 706 2836 C.
734 2800 772 2836 C.
798 2801 837 2836 in
863 2801 1016 2838 Murana
1044 2802 1153 2849 Coqn.
1181 2804 1303 2850 Spirit.
1332 2805 1375 2840 15
1401 2805 1505 2851 april.
1534 2805 1636 2842 1669.

271 2867 284 2886 ⁸
309 2868 416 2905 Instr.
442 2869 514 2906 diei
544 2870 584 2906 11
613 2875 706 2917 sept.
735 2871 825 2909 1779
852 2873 898 2909 ad
924 2874 1149 2920 Episcopum
1178 2875 1350 2912 Scodren.
1383 2875 1532 2914 Collect.
1559 2887 1593 2913 n.
1624 2876 1726 2913 1248.

269 2938 284 2958 ⁸
311 2939 345 2976 S.
373 2941 410 2976 C.
437 2941 545 2978 Cone.
585 2942 623 2978 in
649 2944 720 2980 Pis.
750 2943 797 2981 20
822 2953 899 2990 apr.
929 2945 1042 2988 1589,
1067 2946 1218 2983 Nullius
1246 2947 1290 2982 15
1317 2948 1437 2984 martii
1466 2948 1581 2993 1651,
1607 2949 1787 2985 Theatina
1824 2949 1935 2986 Matr.

154 3009 198 3046 15
224 3014 317 3057 sept.
348 3011 449 3049 1721.

273 3080 286 3101 ³
312 3080 355 3118 21
385 3084 458 3121 ian.
487 3083 590 3122 1856.
