2176 3386
151 166 156 169 '
218 166 294 206 126
860 178 970 207 PARS
999 180 1023 207 1.
1059 179 1116 207 DE
1146 178 1356 208 pnnsoms

215 284 297 328 sibi
332 285 453 330 facta
486 299 593 330 usus
624 285 684 330 sit
716 285 895 331 inutilia
927 290 975 330 et
1005 286 1233 342 superflua
1269 286 1520 332 resecandi.
1556 291 1654 341 Qua
1688 288 1733 332 in
1769 301 1817 332 re
1853 288 1999 333 faten-

215 367 324 411 dum
358 371 428 411 est
463 367 788 425 Ray-mundum
821 366 1067 426 aliquando
1113 367 1379 423 excessisse,
1415 367 1476 412 ita
1519 373 1571 413 ut
1616 368 1861 429 aliquando
1911 371 1998 415 fra-

216 456 401 509 gmenta
433 451 628 497 adducta
665 451 748 495 rite
783 451 952 509 percipi
987 455 1235 510 nequeant,
1273 452 1356 496 nisi
1393 452 1438 496 in
1471 453 1675 512 antiquis
1718 454 2000 500 collectioni-

218 535 299 578 bus
331 534 560 592 integrum
599 538 778 578 textum
814 534 1114 592 perlegamus.

338 619 434 663 164.
472 619 598 672 Quod
632 617 800 662 attinet
832 616 887 662 ad
921 621 1247 664 anctoritatem
1282 619 1417 663 huius
1449 619 1732 665 collectionis
1754 620 1999 666 dicendum

216 708 300 757 est,
339 703 480 760 ipsam
517 715 745 759 maynam
781 702 946 747 babere
981 705 1308 747 anctoritatem
1342 705 1664 759 intrinsecam,
1698 705 1892 761 plenam
1926 720 2000 749 ex-

216 789 483 831 trinsecam.
515 786 693 830 Etenim
717 785 940 830 sanctitas
962 791 1008 830 et
1030 786 1239 831 doctrina
1263 787 1462 832 auctoris
1479 802 1584 831 eum
1615 802 1827 833 veracem
1860 788 1999 833 fuisse

219 870 534 914 testimonium
568 869 900 927 amplissimum
946 870 1166 925 reddunt,
1210 870 1293 914 etsi
1337 871 1486 929 quoad
1528 871 1787 916 doctrinam
1831 871 1999 931 aliquid

215 952 411 1011 amplius
442 953 688 1004 desiderari
726 952 962 1010 potuisset,
999 966 1106 997 cum
1141 952 1386 1012 aliquando
1419 954 1698 999 documenta
1737 956 1999 1013 apocrypha

216 1051 320 1080 eum
355 1035 566 1094 genuinis
598 1037 868 1091 confundat,
904 1049 957 1080 ac
990 1036 1130 1081 etiam
1169 1036 1441 1082 Pontificum
1474 1038 1752 1083 documenta
1788 1039 1898 1084 falsa
1936 1041 1998 1084 af—

216 1121 347 1164 ferat.
370 1124 579 1166 Ceterum
602 1121 797 1176 p'enam
817 1120 954 1164 habet
978 1122 1289 1164 extrinsecam
1304 1123 1646 1166 anctoritatem.
1669 1122 1911 1178 Gregorius
1942 1126 1998 1167 IX

214 1218 316 1248 eam
352 1205 483 1262 plene
518 1203 807 1260 adprobavit,
844 1203 975 1262 eique
1010 1205 1104 1247 vim
1148 1203 1262 1260 Ieyis
1283 1203 1458 1248 tribuit.
1496 1208 1593 1248 Imo
1616 1219 1695 1249 sua
1731 1205 2001 1251 collectione

215 1286 457 1343 Gregorius
491 1290 542 1330 ix
582 1287 676 1330 vim
712 1285 820 1343 legis
862 1286 1125 1344 ademptam
1170 1285 1317 1330 voluit
1358 1285 1562 1345 antiquis
1605 1287 1913 1332 Decretalibus
1955 1292 2001 1332 et

215 1369 558 1415 collectionibus
599 1383 715 1428 quae
757 1369 897 1413 etiam
938 1370 995 1413 ab
1037 1370 1405 1414 antecessoribus
1446 1370 1662 1428 probatae
1712 1371 1899 1426 fuerint,
1945 1385 1998 1416 ac

217 1453 446 1511 probibuit
500 1467 556 1497 ne
607 1451 771 1511 aliquis
815 1452 914 1496 sine
967 1451 1091 1496 Sedis
1146 1457 1223 1509 Ap.
1270 1452 1452 1510 speciali
1498 1454 1775 1498 auctoritate
1827 1468 1995 1499 novam

216 1534 533 1579 collectionem
568 1534 736 1578 ederet.

507 1683 543 1713 c)
570 1697 612 1701 —
644 1677 1027 1715 De*collectionibus
1050 1680 1138 1724 pos!
1173 1678 1401 1714 Decrelctles
1429 1679 1612 1725 Gregorii
1638 1680 1700 1716 IX.

343 1783 435 1826 1155.
477 1785 643 1826 Verum
678 1797 783 1827 cum
819 1797 968 1828 novae
1005 1783 1276 1828 Pontificum
1325 1784 1575 1829 decretales
1610 1786 1906 1843 prodiissent,
1943 1800 1995 1830 ac

216 1865 304 1909 duo
340 1864 655 1922 Lugdunensia
690 1865 890 1910 Concilia
924 1865 1007 1910 sub
1043 1866 1312 1910 Innocentio
1349 1869 1419 1910 lV.
1465 1881 1540 1911 an.
1591 1868 1702 1912 1245
1744 1872 1790 1912 et
1832 1871 1996 1925 Grego-

219 1946 283 1990 rio
324 1951 372 1990 Χ.
409 1961 484 1990 an.
530 1948 638 1991 1274
682 1949 910 1992 celebrata
953 1948 1173 2003 fuissent,
1212 1948 1469 1994 Bonifacius
1488 1952 1600 2003 „Vin
1639 1949 1787 1994 voluit
1824 1954 1875 1993 ut
1910 1949 1995 1994 alia

218 2028 426 2072 collectio
459 2029 719 2085 adderetur,
755 2030 860 2088 quia
896 2036 947 2074 ut
982 2030 1074 2088 ipse
1098 2030 1162 2074 ait
1196 2030 1240 2074 in
1276 2030 1464 2088 epistola
1502 2031 1762 2076 collectioni
1798 2032 1998 2090 praelixa

219 2130 237 2151 a
275 2115 321 2156 in
357 2115 566 2158 societate
604 2115 919 2159 Ecclesia-stica
954 2116 1009 2158 cte
1042 2116 1286 2159 nonnatlis
1317 2116 1623 2160 decretatibus
1660 2117 1716 2160 ab
1750 2118 1843 2173 ipso
1888 2119 1996 2161 Gre-

214 2197 344 2251 ,qorio
366 2198 431 2239 IX
445 2202 486 2239 et
509 2210 538 2240 a
558 2197 932 2254 sabseqaenlibas
958 2199 1253 2256 Pontificibus
1289 2199 1420 2242 editis
1442 2199 1749 2243 dubitationes
1776 2201 1992 2254 existant,

216 2283 256 2320 et
288 2280 486 2335 quinam
518 2281 612 2323 sint
643 2292 810 2323 earnm
846 2287 1056 2324 relictores
1083 2295 1120 2319 n·
1171 2280 1428 2325 Bonisacius
1460 2294 1583 2325 anno
1621 2281 1731 2325 1298
1768 2279 1995 2324 collectio-

217 2372 324 2403 nem
358 2360 588 2404 commisit
621 2361 860 2406 Guillelmo
897 2363 1246 2422 Archiepiscopo
1284 2363 1603 2418 Ebrodurensi,
1646 2368 1693 2407 et
1726 2363 1995 2421 Berengario

220 2442 436 2501 Episcopo
470 2444 707 2499 Biterensi,
744 2459 797 2489 ac
834 2445 1056 2490 Ricliardo
1093 2451 1152 2490 De
1186 2446 1315 2492 Senis
1347 2450 1388 2491 S.
1429 2451 1477 2491 R.
1519 2451 1562 2491 E.
1595 2446 1991 2491 Vicecancellario.

217 2530 345 2570 Hanc
377 2527 694 2572 collectionem
734 2528 990 2574 Bonifacius
1023 2532 1209 2574 Sectam
1247 2531 1555 2574 Decretatiam
1584 2528 1852 2587 appellavit,
1889 2543 1994 2573 cum

220 2609 437 2653 Bonifacii
489 2624 618 2654 mens
652 2610 810 2655 luisset
842 2612 1105 2658 Collectioni
1140 2612 1355 2670 Gregorio
1390 2617 1444 2657 [X
1476 2613 1849 2669 snpplementam
1889 2624 1995 2655 con-

219 2692 371 2747 ficere,
406 2707 543 2751 quam
578 2693 896 2738 collectionem
932 2695 956 2737 5
989 2694 1115 2738 libris
1157 2699 1370 2739 constare
1414 2694 1628 2738 vidimus.

338 2780 459 2821 Haec
491 2777 699 2821 collectio
728 2778 922 2834 plenam
955 2779 1093 2823 habet
1125 2782 1452 2824 auctoritatem
1494 2780 1798 2822 intrinsecam
1832 2791 1885 2821 ac
1922 2791 1995 2821 ex-

219 2860 488 2914 trinsecam,
525 2873 630 2903 cum
665 2864 711 2903 et
742 2873 765 2902 a
801 2859 925 2903 vitiis
958 2859 1179 2905 immunis
1211 2860 1291 2916 sit,
1331 2859 1527 2918 (etiamsi
1561 2864 1607 2903 et
1653 2858 1700 2902 in
1745 2858 1839 2915 ipsa
1883 2871 1994 2902 non-

221 2941 306 2986 nisi
349 2942 627 3000 fraymenta
667 2942 859 2987 collecta
892 2942 1033 2999 sint),
1069 2947 1116 2987 et
1148 2957 1249 2988 eam
1291 2942 1559 2988 solemniter
1606 2940 1864 2986 Bonifacius
1899 2943 1994 2984 VIII

218 3026 550 3083 adprobaverit
581 3039 634 3070 ac
669 3024 734 3069 uti
766 3025 914 3083 legem
940 3025 1327 3083 promulgaverit.
