2176 3386
890 236 1124 267 An'rlcuws
1156 237 1185 266 1.

298 345 361 387 De
393 344 611 398 Materia,
651 344 838 396 Forma,
875 342 1092 385 Ministro
1123 346 1164 385 et
1197 341 1406 394 Sttbiecto¹
1440 339 1777 385 Eucharistiae.

267 473 368 518 666.
407 472 470 516 Ad
505 471 703 529 primum
738 471 857 529 quod
890 470 1091 523 attinet,
1129 469 1322 514 materia
1357 468 1565 527 proxima
1609 468 1743 513 buius
1777 471 1934 513 Sacra-

148 556 293 601 menti
326 560 396 600 est
428 568 593 613 corpus
631 559 674 599 et
714 554 899 612 sanguis
931 553 1097 599 Christi
1144 552 1229 597 sub
1275 551 1513 610 speciebus
1562 552 1692 610 panis
1725 555 1771 596 et
1803 551 1929 610 vini;

148 642 324 683 remota
350 651 461 682 vero
493 642 562 682 est
596 637 726 696 panis
761 637 968 682 triticeus
991 651 1107 696 aqna
1132 635 1330 681 naturali
1365 636 1582 680 subactus
1613 639 1661 680 et
1695 635 1798 693 igne
1822 650 1934 694 puro

143 723 389 778 decoctus,
424 737 477 767 ac
512 723 673 767 vinum
706 722 761 766 de
795 721 907 766 vite.
963 724 1081 766 Pane
1113 735 1280 778 azymo
1322 721 1470 764 utitur
1511 720 1709 765 Ecclesia
1759 720 1931 776 latina,

145 819 308 863 graeca
348 806 654 861 fermentato;
707 809 953 864 utrumque
1005 803 1090 848 rite
1123 803 1383 848 consecrari
1419 817 1510 848 non
1545 803 1821 861 ambigitur,
1856 803 1934 849 sed

147 889 354 948 propriae
391 890 617 934 Ecclesiae
650 889 766 934 ritus
797 889 855 933 ab
888 902 1165 947 unoquoque
1198 888 1455 933 servandus
1487 893 1570 933 est.
1627 892 1690 932 Ex
1724 903 1778 933 eo
1810 888 1933 948 quod

146 972 339 1018 materia
385 973 518 1017 buius
550 972 829 1017 sacramenti
862 972 921 1016 sit
956 972 1085 1030 panis
1125 972 1334 1017 triticeus
1366 978 1413 1017 et
1445 972 1607 1017 vinum
1637 973 1693 1018 de
1737 973 1834 1017 vite
1867 986 1933 1017 se-

145 1056 321 1115 quitur:
362 1057 400 1113 l)
437 1069 534 1104 esse
571 1055 812 1100 materiam
845 1054 1031 1100 dubiam
1068 1069 1233 1113 panem
1268 1069 1325 1100 ex
1360 1054 1550 1113 siligene
1585 1056 1656 1100 vel
1696 1055 1829 1112 alica,
1867 1055 1933 1100 in-

143 1145 298 1197 eptam
323 1154 380 1183 ex
404 1139 590 1195 hordeo,
618 1140 736 1184 farre
761 1143 840 1183 aut
863 1153 1012 1183 avena
1036 1140 1321 1195 confectum,
1347 1144 1426 1184 aut
1452 1153 1617 1197 panem
1642 1144 1930 1199 corruptum.

146 1222 383 1282 Sequitur:
422 1224 462 1279 Ξ)
503 1223 706 1281 ineptam
743 1222 987 1267 materiam
1020 1235 1118 1267 esse
1151 1222 1374 1282 liquorem
1410 1237 1468 1267 ex
1495 1224 1824 1281 malogranatis
1857 1239 1932 1282 po-

147 1306 250 1359 mis,
289 1307 360 1349 vel
395 1306 534 1350 moris
566 1319 852 1364 expressum,
888 1305 1182 1363 omphacium
1217 1306 1243 1350 i.
1268 1320 1308 1350 e.
1336 1306 1559 1365 liquorem
1593 1320 1651 1351 ex
1680 1307 1785 1352 uvis
1818 1321 1931 1352 non-

142 1388 253 1433 dum
290 1389 505 1444 maturis,
541 1394 758 1444 acetum,
796 1403 886 1433 non
925 1394 1080 1434 lamen
1116 1390 1278 1434 vinum
1328 1390 1449 1448 quod
1497 1391 1670 1449 ceperit
1703 1405 1931 1448 acescere,

145 1475 257 1517 tunc
290 1473 414 1518 euim
451 1472 599 1517 valida
634 1473 711 1517 sed
746 1472 900 1518 illicita
934 1472 1021 1517 erit
1054 1473 1367 1529 consecratio,
1405 1479 1599 1531 excepto
1646 1474 1933 1521 necessitatis

144 1570 271 1611 casu,
306 1570 364 1600 ex
398 1571 462 1613 gr.
501 1570 558 1600 ne
593 1556 783 1614 populus
832 1555 968 1601 missa
1017 1561 1173 1601 careat
1210 1557 1282 1602 die
1315 1558 1448 1602 sesto.
1502 1557 1737 1617 Sequitur:
1786 1559 1828 1615 5)
1867 1558 1933 1603 in-

145 1645 300 1697 eptam
325 1654 423 1685 esse
449 1641 708 1695 materiam,
730 1654 917 1686 succum
954 1640 1073 1684 intra
1098 1655 1213 1685 uvas
1239 1645 1443 1686 maturas
1465 1641 1615 1686 adhuc
1638 1647 1931 1697 contentum,

147 1724 310 1768 vinum
344 1723 627 1768 aromatibus
660 1723 722 1768 ita
755 1724 1020 1779 conditum,
1057 1728 1107 1767 ut
1140 1723 1300 1769 morali
1335 1724 1659 1770 aestimatione
1695 1725 1790 1769 xini
1834 1740 1933 1784 spe-

144 1807 262 1852 ciem
297 1808 520 1863 amiserit,
556 1822 687 1852 secus
720 1808 752 1852 si
783 1807 995 1853 alteratio
1028 1808 1087 1853 sit
1119 1809 1302 1867 exigua,
1338 1809 1552 1868 quamvis
1574 1809 1743 1869 absque
1778 1824 1933 1854 neces-

145 1891 281 1936 silate
314 1891 471 1936 illicite
504 1897 869 1936 consecraretur.
911 1892 1063 1936 Valide
1098 1897 1256 1937 tamen
1290 1893 1368 1937 sed
1403 1893 1559 1938 illicite
1594 1898 1742 1951 potest
1776 1907 1933 1938 conse-

145 1974 264 2018 crari
299 1980 520 2030 mustum,
556 1989 635 2020 seu
671 1974 831 2019 vinum
869 1989 1029 2020 recens
1050 1990 1108 2020 ex
1131 1975 1236 2020 uvis
1259 1989 1542 2034 expressum.
1576 1977 1734 2031 Quoad
1770 1976 1932 2022 vinum

145 2072 203 2102 ex
238 2058 340 2103 uvis
373 2058 515 2116 passis
563 2072 865 2116 expressum,
901 2073 977 2103 an.
1020 2059 1163 2115 1705,
1199 2059 1271 2103 die
1309 2060 1362 2103 14
1397 2059 1611 2104 februarii
1650 2059 1932 2118 propositum

146 2141 233 2185 fuit
264 2141 454 2185 dubium
489 2157 512 2185 a
548 2145 594 2186 P.
633 2142 820 2200 Iosepbo
863 2143 918 2187 de
964 2143 1210 2188 Ierusalem
1251 2143 1358 2187 Ord.
1397 2142 1508 2188 Min.
1547 2143 1700 2187 Strict.
1737 2144 1843 2188 Obs.
1880 2157 1934 2188 ac

146 2223 439 2270 Missionibus
473 2224 755 2283 Aetbyopiae
790 2228 1057 2282 Praefecto,
1092 2240 1152 2271 an
1186 2227 1323 2271 liceat
1360 2226 1658 2272 Missionariis
1701 2227 1932 2272 celebrare

145 2323 252 2353 cum
277 2309 387 2355 vino
420 2325 476 2354 ex
510 2311 679 2367 zebibo,
709 2312 779 2355 xel
814 2310 917 2355 uvis
951 2310 1094 2369 passis
1126 2324 1360 2369 expresso,
1387 2315 1437 2355 ut
1470 2310 1516 2355 in
1553 2310 1815 2369 regionibus
1846 2312 1932 2356 illis

144 2390 242 2436 lieri
264 2393 393 2437 solet.
432 2394 775 2449 Sanctissimus,
803 2394 979 2439 auditis
1000 2396 1114 2438 votis
1143 2397 1652 2450 Eminentissimorani‚
1682 2397 1934 2441 mandavit

145 2477 330 2534 eaquiri
356 2478 493 2532 prins
511 2490 598 2533 per
621 2479 674 2520 R.
705 2480 757 2521 P.
783 2479 836 2521 D.
864 2483 1139 2521 Assessorem
1175 2491 1204 2522 a
1236 2478 1354 2522 dicto
1380 2482 1432 2523 P.
1462 2477 1660 2535 loseplw,
1687 2492 1774 2536 qao
1792 2493 1932 2536 prac-

143 2563 232 2605 cise
264 2561 396 2605 modo
429 2561 709 2619 conficiatur
740 2564 905 2606 vinam
939 2576 994 2606 ex
1027 2564 1129 2606 uvis
1157 2564 1322 2619 passis,
1358 2563 1428 2607 vel
1459 2563 1614 2607 zebibo
1647 2564 1719 2617 (in
1745 2563 1931 2621 Aetltyo-

141 2646 273 2701 pia),
308 2649 350 2688 et
383 2650 541 2701 postca
589 2646 759 2688 iterum
809 2644 1019 2702 formari
1058 2651 1100 2689 et
1130 2648 1332 2702 proponi
1374 2646 1496 2689 idem
1530 2648 1792 2704 quaesitam
1825 2660 1932 2690 cam

145 2725 270 2770 dicta
301 2728 593 2783 expressione
624 2727 694 2770 vel
726 2727 1046 2773 declaratione
1079 2734 1189 2773 ante
1227 2730 1318 2772 DD.
1361 2728 1661 2782 Consultores,
1688 2733 1730 2771 et
1760 2741 1934 2772 succes-

143 2811 237 2853 sive
267 2811 318 2853 ·z'n
358 2810 726 2866 Conyreyatione
757 2823 918 2855 coram
954 2812 1209 2856 Sanctitate
1243 2812 1339 2855 Sua
1371 2810 1605 2855 habenda.
1647 2814 1930 2868 Responsum

150 2890 313 2936 deinde
346 2891 435 2936 fuit
456 2906 479 2936 a
504 2892 765 2951 supradicto
798 2896 844 2936 P.
872 2892 1035 2938 vinum
1071 2893 1331 2938 huiusmodi
1358 2892 1405 2937 in
1429 2894 1554 2937 hunc
1587 2891 1684 2937 fieri
1719 2892 1929 2938 modum:
