2176 3386
815 181 943 210 Lmen
973 181 1028 209 111.
1064 181 1120 209 Dr:
1150 181 1286 210 LA101s
1865 173 1944 213 469

158 290 229 330 est
258 287 407 346 quoad
454 288 717 333 sodalitates
757 303 874 348 quae
907 303 931 334 a
969 289 1265 347 Regularibus
1311 290 1552 347 eriguntur
1577 291 1606 334 ¹.
1660 291 1700 344 5)
1746 290 1941 335 Litterae

157 370 404 415 erectionis
426 373 498 416 vel
521 372 856 431 aggregationis
889 373 1029 430 gratis
1050 374 1242 419 omnino
1264 362 1586 421 conceduntur
1611 388 1665 419 ac
1687 374 1939 433 expediun-

156 457 246 498 tur.
293 454 336 511 6)
371 455 783 501 confraternitates
829 457 968 501 etiam
1005 456 1051 501 in
1089 457 1297 502 Ecclesiis
1345 470 1436 502 non
1485 457 1754 502 solemniter
1802 457 1937 502 bene-

154 537 289 582 dictis
334 537 445 596 erigi
494 544 684 598 possunt
707 541 737 584 ².
790 541 832 597 7)
866 540 1279 585 Confrateruitates
1327 542 1397 585 SS.
1439 540 1637 596 Rosarii,
1682 540 1934 596 Trinitatis,

153 620 503 666 Carmelitarum
550 627 597 666 et
629 624 873 667 Servorum
913 628 955 668 Β.
995 627 1053 668 Μ.
1094 622 1291 680 Virginis
1337 623 1448 681 erigi
1484 637 1574 668 non
1626 627 1812 682 possunt
1850 623 1935 668 nisi

152 700 207 746 de
255 702 439 749 licentia
474 705 726 762 Superioris
759 706 995 751 Generalis
1035 705 1397 765 uniuscuiusque
1438 705 1622 751 Ordinis
1663 706 1746 750 sub
1790 719 1934 764 poena

153 786 375 832 nullitatis
407 788 651 833 erectionis
675 789 706 843 ³,
743 789 972 847 excipitur
1006 793 1047 834 S.
1084 793 1128 835 C.
1168 791 1490 848 Propagaudae
1529 790 1649 834 Fidei
1688 805 1804 850 quae
1837 805 1932 849 spe-

150 868 338 914 cialibus
360 871 445 915 hac
476 884 612 929 super
644 887 690 916 re
725 873 1019 917 facultatibus
1052 877 1257 918 ornatur.
1302 873 1342 918 Si
1379 878 1535 918 tamen
1569 876 1934 920 Confrateruilas

149 959 220 1000 SS.
267 957 436 1002 Rosarii
471 957 666 1014 gaudere
698 958 836 1002 vellet
883 940 1164 1015 inilugentiis
1210 957 1482 1016 specialibus
1514 958 1678 1018 quibus
1716 959 1933 1003 fruuntur

147 1041 552 1086 confraternitates
573 1056 597 1085 a
626 1042 840 1098 Magistro
863 1042 1063 1099 generali
1098 1034 1283 1086 Ordinis
1321 1032 1690 1088 praedicatorum
1725 1049 1923 1099 erectae,

145 1124 200 1168 ad
235 1124 358 1169 hunc
391 1139 626 1169 recurrere
659 1125 827 1169 debent
851 1125 880 1170 '·.

547 1256 564 1301 ξ
591 1257 623 1292 2.
650 1278 695 1280 ἡ
721 1257 781 1293 De
807 1257 1195 1304 Confiulernilattun
1223 1259 1522 1304 ayyreyutione.

264 1357 363 1402 606.
415 1356 826 1401 Confrateruitates
875 1358 1384 1402 Archiconfraternitati
1435 1358 1668 1416 aggregari
1717 1364 1922 1418 possunt.

147 1442 311 1484 Verum
364 1441 403 1497 1)
441 1442 761 1485 tantummodo
798 1441 1026 1485 ordinarii
1064 1441 1247 1486 licentia
1286 1443 1643 1488 confraternitas
1682 1448 1924 1502 aggregata

143 1522 281 1580 ipsius
306 1523 762 1568 Arconfraternitatis
784 1528 955 1568 statuta
983 1538 1063 1569 sua
1090 1526 1239 1570 facere
1265 1529 1413 1583 potest
1436 1528 1467 1581 ⁵,
1506 1527 1589 1571 uisi
1617 1527 1728 1572 haec
1751 1532 1923 1572 statuta

141 1608 182 1649 S.
211 1605 335 1650 Sedis
367 1606 642 1651 auctoritate
677 1607 947 1652 confirmata
983 1607 1090 1653 sint.
1130 1609 1171 1666 2)
1196 1609 1559 1654 confraternitas
1591 1615 1832 1668 aggregata
1858 1610 1923 1655 in—

139 1688 411 1745 dulgentias,
439 1689 693 1748 privilegia,
732 1691 972 1736 facultates
1004 1692 1303 1752 consequitur
1335 1693 1500 1752 quibus
1532 1693 1920 1738 Archiconfratcr-

139 1771 259 1816 nitas
302 1773 576 1818 nominatim
612 1779 658 1818 et
690 1774 928 1832 speciatim
964 1776 1157 1832 gaudet,
1195 1776 1248 1820 iis
1280 1777 1487 1834 exceptis
1526 1791 1641 1835 quae
1675 1778 1729 1821 ad
1767 1778 1921 1822 Archi-

137 1855 566 1901 confraternitatem
593 1857 691 1901 iure
718 1857 1157 1904 communicationis
1189 1864 1380 1904 extensa
1404 1864 1526 1904 suut.
1566 1859 1784 1905 Similiter
1807 1863 1919 1906 Cou-

136 1938 401 1983 fraternitas
435 1939 487 1984 iis
522 1939 786 1998 privilegiis,
824 1941 1118 1986 facultatibus
1140 1947 1228 1986 etc.
1257 1943 1423 1999 gaudet
1455 1957 1571 2002 quae
1605 1943 1645 1988 ei
1679 1944 1736 1988 ab
1767 1944 1919 1989 Arelli-

135 2021 516 2066 confraternitate
551 2023 892 2069 communicata
927 2031 1051 2080 sunt,
1077 2040 1193 2084 quae
1220 2030 1373 2070 lamen
1409 2027 1697 2072 solummodo
1735 2028 1917 2086 praevia

134 2103 361 2149 ordinarii
396 2106 658 2164 cognitione
695 2108 1022 2166 promulganda
1057 2115 1164 2153 suut
1189 2109 1220 2154 Γ).
1269 2112 1307 2153 S.
1342 2111 1643 2168 Congregatio
1677 2112 1916 2169 Indulgen-

133 2185 300 2231 tiarum
339 2189 524 2233 modum
559 2189 801 2234 constituit
833 2205 922 2250 quo
956 2191 1216 2237 huiusmodi
1251 2193 1510 2251 aggregatio
1559 2194 1763 2238 facienda
1799 2193 1858 2237 sit
1883 2195 1913 2236 Ἰ.

533 2310 550 2355 ἓ
577 2311 610 2345 3.
637 2331 682 2333 —
708 2311 767 2346 Dc
794 2311 1180 2358 (2011fruter1zilat11111
1207 2313 1509 2359 911be1·11c11i011e.

250 2403 350 2447 607.
391 2403 574 2448 Etiamsi
610 2404 833 2450 bonorum
862 2408 1182 2465 temporalium
1212 2407 1551 2453 administratio
1574 2409 1627 2454 ad
1653 2411 1916 2455 Confratres

132 2486 375 2544 pertineat,
402 2491 557 2531 tamen
597 2488 840 2553 Episcopus
864 2491 933 2535 ius
957 2491 1093 2536 habet
1116 2496 1167 2536 ut
1189 2492 1586 2537 administratores
1619 2493 1658 2536 ei
1685 2493 1910 2538 rationem

247 2642 253 2660 ¹
284 2643 318 2679 S.
345 2642 382 2679 C.
410 2643 554 2690 Indulg.
582 2645 628 2681 25
654 2646 730 2682 Ian.
761 2646 862 2689 1842,
890 2647 934 2683 22
963 2648 1058 2694 Aug.
1088 2648 1190 2691 1842,
1219 2649 1262 2684 18
1289 2649 1381 2686 Nov.
1409 2649 1510 2685 1842.

247 2713 259 2732 ⁸
286 2715 320 2751 S.
348 2714 385 2751 C.
412 2716 450 2751 P.
477 2717 516 2752 F.
544 2718 612 2753 Pro
640 2717 714 2754 Sin.
744 2719 787 2754 16
814 2719 890 2755 Ian.
919 2719 1020 2755 1804.

246 2783 258 2803 ³
285 2785 317 2821 S.
345 2785 382 2821 C.
410 2787 554 2833 Indulg.
584 2788 627 2825 16
654 2789 719 2826 Iul.
749 2790 850 2826 1887.

243 2855 256 2875 ⁵
283 2857 317 2893 S.
345 2857 381 2894 C.
408 2859 448 2894 P.
474 2859 514 2896 F.
539 2860 586 2896 50
611 2861 689 2897 Iun.
717 2860 821 2897 1889.

244 2926 256 2946 ⁵
282 2927 317 2964 S.
345 2929 380 2965 C.
411 2929 615 2977 Indulgent.
644 2932 688 2968 14
714 2933 813 2979 Sept.
841 2933 944 2970 1872.

243 2996 255 3015 ⁶
282 2998 317 3034 S.
344 2998 381 3036 C.
409 3000 552 3047 Indulg.
579 3002 601 3038 8
626 3003 702 3040 Ian.
730 3003 833 3040 1861.

241 3068 254 3087 ⁷
281 3069 316 3106 S.
342 3070 379 3107 C.
406 3071 550 3119 Indulg.
576 3074 598 3110 8
624 3074 699 3111 Ian.
730 3075 831 3118 1861,
859 3080 894 3112 et
922 3076 965 3112 19
993 3076 1069 3113 Oct.
1101 3077 1203 3115 1866.
