2176 3386
27 3310 54 3386 ’.μή
39 3285 43 3290 -

810 173 938 203 Lmen
967 174 991 201 1.
1026 173 1083 201 DE
1112 173 1305 203 cmmcls
1870 162 1948 202 149

164 281 502 341 chiepiscopum
525 280 755 339 pertinere
777 280 1106 338 appellationes
1138 280 1339 338 recipere
1361 294 1387 325 a
1411 280 1811 337 Suffraganeorum
1844 293 1946 324 sen-

165 364 337 420 tentiis,
371 364 490 423 quod
523 368 679 408 tamen
706 363 1054 421 intelligendum
1078 368 1147 408 est
1168 364 1224 408 de
1257 363 1561 422 appellatione
1589 362 1773 421 proprie
1805 363 1944 418 dicta,

163 461 279 507 quae
313 446 530 491 nimirum
566 446 646 491 fiat
680 451 778 504 post
812 446 1092 491 sententiam
1127 445 1415 490 definitivam
1448 446 1518 491 vel
1553 446 1946 491 interlocutoriam

163 530 429 576 definitivae
462 530 557 575 vim
607 531 888 586 habentem,
924 530 1055 576 cuius
1088 530 1302 575 videlicet
1349 544 1601 587 gravamen
1642 544 1722 587 per
1753 531 1947 587 appella-

163 613 338 658 tionem
371 628 394 658 a
428 613 666 658 definitiva
702 614 903 671 reparari
940 618 1138 674 nequeat
1161 616 1191 659 ¹.
1244 614 1447 674 Denique
1485 612 1692 673 sequitur
1719 613 1947 671 pertinere

164 697 219 741 ad
255 697 655 757 Arcliiepiscopum
701 681 1018 756 Suffraganeos
1059 712 1318 744 convocare
1362 698 1416 742 ad
1455 697 1708 742 Concilium
1762 698 1945 742 Provin-

165 780 295 835 ciale‚
330 781 384 824 de
417 794 506 840 quo
542 780 733 826 inferius
767 783 995 840 agendum
1029 786 1098 826 est
1121 782 1152 826 2’.
1975 815 1999 817 μ

290 870 384 930 ¹94⁷)-
426 872 593 914 Contra
627 872 782 912 autem
809 881 866 910 ex
891 858 1052 910 eodem
1087 864 1310 923 principio
1341 845 1683 924 sequiturst‘non
1717 878 1845 922 posse
1871 868 1948 909 Ar-

165 952 504 1012 chiepiscopum
541 950 598 995 ob
629 949 765 994 aliam
801 961 987 993 causam
1022 947 1339 1005 Suffraganeos
1361 960 1524 1004 cogere
1558 951 1608 991 ut
1639 946 1821 992 Curiam
1859 952 1948 993 Me-

1968 1011 2037 1028 φ

165 1035 489 1094 tropolitanam
508 1033 676 1078 adeant
693 1032 790 1077 sive
813 1031 1128 1090 personaliter,
1149 1031 1247 1074 sive
1269 1044 1347 1087 per
1365 1035 1712 1075 Procuratorem
1734 1032 1762 1075 ³.
1793 1035 1951 1092 Neque
1997 1023 2060 1053 s

165 1117 360 1163 iudicem
383 1131 430 1163 se
453 1117 732 1162 constituere
758 1116 802 1160 in
829 1115 977 1160 causis
1000 1114 1212 1159 civilibus
1235 1115 1652 1171 Suffraganeorum,
1678 1114 1782 1160 licet
1806 1116 1835 1160 ii
1856 1130 1948 1161 non

164 1206 358 1255 actores,
383 1201 460 1245 sed
495 1200 557 1244 rei
591 1199 699 1253 sint,
731 1199 856 1243 salva
885 1203 1041 1242 tamen
1077 1197 1411 1242 consuetudine
1435 1197 1467 1242 ⁴,
1509 1199 1710 1257 Denique
1743 1199 1954 1257 sequitur

102 1274 566 1347 ''VArchiepiscopum
603 1297 661 1327 ne
685 1296 737 1326 ea
761 1282 944 1341 quidem
979 1295 1196 1326 exercere
1232 1295 1375 1340 posse,
1407 1296 1524 1341 quae
1557 1282 1612 1327 de
1636 1282 1950 1340 Suffraganeo-

166 1382 268 1412 rum
307 1367 676 1420 confirmatione,
703 1370 785 1410 aut
806 1366 861 1410 de
897 1365 1260 1420 consecratione,
1286 1370 1366 1410 aut
1398 1366 1452 1409 de
1486 1366 1748 1423 cognitione
1783 1380 1950 1412 causae

165 1465 323 1496 eorum
357 1450 592 1495 absentiae
626 1464 651 1494 a
684 1448 897 1503 dioecesi,
935 1448 1094 1493 iisdem
1122 1448 1482 1507 Archiepiscopis
1516 1449 1562 1493 in
1596 1450 1694 1493 iure
1726 1449 1947 1495 attributa

167 1536 401 1593 leguntur,
436 1533 805 1594 quandoquidem
857 1538 1088 1577 reservata
1124 1533 1235 1577 baec
1268 1537 1377 1577 sunt
1411 1532 1694 1591 Apostolicae
1728 1533 1828 1577 Sedi
1853 1535 1885 1576 ⁵.

289 1620 385 1663 194.
426 1622 489 1662 Ex
523 1632 576 1662 eo
609 1617 726 1676 quod
760 1617 1135 1675 Arcbiepiscopus
1170 1616 1531 1661 iurisdictionem
1573 1631 1663 1661 non
1698 1617 1864 1662 habeat
1902 1618 1947 1662 in

167 1701 260 1760 ipsa
292 1702 487 1746 dioecesi
520 1705 656 1760 atque
681 1700 726 1744 in
752 1700 956 1744 subditos
989 1700 1405 1758 Suffraganeorum,
1432 1700 1518 1745 nisi
1543 1700 1587 1744 in
1622 1714 1728 1745 casu
1762 1701 1948 1746 devolu-

166 1784 320 1839 tionis,
347 1788 427 1829 aut
451 1784 497 1829 in
522 1799 568 1829 re
592 1784 646 1828 ad
671 1787 816 1828 totam
843 1783 1130 1841 provinciam
1155 1782 1432 1841 pertinente,
1458 1783 1679 1842 sequitur,
1703 1798 1794 1828 non
1822 1797 1948 1842 posse

169 1870 212 1914 in
234 1869 633 1926 Suffraganeorum
658 1867 853 1913 dioecesi
878 1872 1033 1911 actum
1053 1881 1190 1911 verae
1214 1866 1541 1911 iurisdictionis
1564 1881 1798 1922 exercere,
1816 1868 1947 1913 adeo-

165 1966 253 2011 que
292 1967 350 1996 ne
382 1953 624 1997 officialem
658 1952 842 2011 quidem
877 1951 1044 1996 ibidem
1080 1951 1360 1995 constituere
1395 1965 1473 2009 pro
1515 1952 1680 1996 futuris
1713 1952 1861 1997 causis
1892 1952 1947 1997 ad

166 2049 271 2080 eum
302 2050 379 2094 per
401 2035 753 2094 appellationem
777 2034 1091 2079 devolvendis.
1134 2035 1358 2079 Nonnulla
1384 2038 1541 2078 tamen
1565 2034 1877 2092 excipiuntur,
1903 2039 1949 2079 et

167 2124 273 2164 sunt
297 2119 419 2164 iura:
460 2121 497 2176 l)
535 2118 821 2177 praeferendi
846 2122 1060 2173 Crucem;
1097 2119 1139 2174 Ξ)
1166 2117 1463 2162 benedicendi
1498 2118 1685 2175 populo;
1722 2118 1762 2170 5)
1789 2116 1947 2162 divina

288 2322 295 2340 ¹
326 2323 436 2358 Conc.
465 2323 560 2358 Trid.
589 2322 684 2358 Sess.
707 2322 804 2366 XVI,
824 2332 905 2368 cap.
927 2322 1007 2365 XX,
1034 2324 1074 2359 (Ie
1097 2323 1251 2369 Reform.
1272 2323 1406 2359 Bened.
1428 2322 1513 2359 XIV
1532 2327 1650 2359 const.
1677 2323 1734 2358 Ad
1762 2322 1949 2358 Militantis

167 2394 213 2430 50
236 2395 338 2431 Mart.
370 2394 469 2430 1742.

286 2465 298 2483 ²
326 2466 487 2501 Vacante
507 2464 674 2501 Ecclesia
693 2464 925 2510 suffraganea
943 2474 1037 2510 quae
1055 2464 1216 2511 capitulo
1236 2470 1370 2507 careat,
1389 2465 1487 2501 illius
1513 2465 1783 2501 administratio
1809 2469 1947 2510 spectat

168 2536 214 2572 ad
240 2535 575 2581 Metropolitanum,
593 2539 628 2570 et
657 2535 839 2581 siquidem
870 2535 1153 2580 Metropolitana
1171 2535 1338 2572 Ecclesia
1365 2541 1509 2581 pastore
1528 2542 1651 2572 careat
1677 2535 1721 2571 ad
1739 2536 1947 2580 Capitulum

168 2608 332 2645 eiusdem
360 2607 550 2644 Ecclesiae
578 2608 894 2653 Metropolitanae,
914 2616 987 2643 non
1006 2617 1092 2644 vero
1112 2608 1155 2644 ad
1175 2608 1420 2653 antiquiorem
1442 2607 1732 2654 Suffraganeum.
1760 2608 1794 2644 S.
1815 2608 1946 2653 Congr.

169 2679 277 2716 Cone.
304 2678 362 2715 die
389 2678 435 2715 28
460 2688 542 2725 aug.
573 2678 673 2716 1685.

288 2751 300 2770 ³
326 2751 452 2787 Pmm
476 2752 513 2787 in
540 2751 656 2788 Const.
686 2752 775 2788 amic.
803 2752 954 2787 Honorii
981 2752 1026 2788 ΙῙ.

288 2822 301 2842 ⁵
328 2823 453 2859 Parim
479 2823 515 2859 in
542 2822 658 2859 Consi.
677 2825 704 2858 2
728 2823 857 2859 Leonis
883 2823 939 2859 IX
961 2828 1046 2858 sect.
1073 2822 1096 2859 5
1121 2828 1156 2858 et
1183 2823 1395 2868 praesertim
1422 2832 1455 2858 11.
1487 2822 1540 2864 15,
1568 2823 1622 2858 18.

287 2894 300 2913 ³
326 2893 396 2930 Cfr.
422 2893 543 2939 quoad
570 2894 731 2939 primum
759 2894 915 2931 GmALni
946 2904 977 2940 p.
1008 2894 1037 2936 1,
1065 2899 1151 2929 sect.
1170 2893 1215 2930 44
1233 2898 1268 2929 et
1287 2893 1343 2937 67,
1370 2894 1493 2939 quoad
1519 2894 1673 2929 alterum
1702 2893 1835 2928 Bened.
1865 2892 1946 2927 xlv

171 2969 285 3001 const.
312 2965 356 3002 In
377 2968 561 3012 postrema
587 2965 634 3002 20
659 2965 799 3002 octobr.
829 2965 930 3009 1756,
958 2965 1078 3011 quoad
1106 2965 1251 3002 tertium
1279 2965 1412 3002 Bened.
1442 2965 1527 3001 XIV
1554 2969 1669 3001 const.
1703 2963 1759 2999 Ad
1788 2964 1948 3000 universi

168 3035 215 3072 50
239 3041 332 3082 sept.
360 3035 460 3072 1746.
