<?xml version="1.0" encoding="UTF-8"?>
<!DOCTYPE html PUBLIC "-//W3C//DTD XHTML 1.0 Transitional//EN"
    "http://www.w3.org/TR/xhtml1/DTD/xhtml1-transitional.dtd">
<html xmlns="http://www.w3.org/1999/xhtml" xml:lang="en" lang="en">
 <head>
  <title>
</title>
<meta http-equiv="Content-Type" content="text/html;charset=utf-8" />
  <meta name='ocr-system' content='tesseract 3.04.00' />
  <meta name='ocr-capabilities' content='ocr_page ocr_carea ocr_par ocr_line ocrx_word'/>
</head>
<body>
  <div class='ocr_page' id='page_1' title='image "apparatus00ziteuoft_0826.png"; bbox 0 0 2176 3386; ppageno 0'>
   <div class='ocr_carea' id='block_1_1' title="bbox 238 209 1658 258">
    <p class='ocr_par' dir='ltr' id='par_1_1' title="bbox 238 209 1658 258">
     <span class='ocr_line' id='line_1_1' title="bbox 238 209 1658 258; baseline 0.004 -9"><span class='ocrx_word' id='word_1_1' title='bbox 238 209 318 249; x_wconf 84' lang='lat'>322</span> <span class='ocrx_word' id='word_1_2' title='bbox 606 222 956 252; x_wconf 84' lang='lat' dir='ltr'><strong>SUPPLEMENTUM</strong></span> <span class='ocrx_word' id='word_1_3' title='bbox 986 223 1264 258; x_wconf 78' lang='lat' dir='ltr'><strong>QUORUMDAM</strong></span> <span class='ocrx_word' id='word_1_4' title='bbox 1293 223 1658 255; x_wconf 87' lang='lat' dir='ltr'>DOCUMENTORUM</span> 
     </span>
    </p>
   </div>
   <div class='ocr_carea' id='block_1_2' title="bbox 1270 0 1734 19">
    <p class='ocr_par' dir='ltr' id='par_1_2' title="bbox 1270 0 1734 19">
     <span class='ocr_line' id='line_1_2' title="bbox 1270 0 1734 19; baseline 0.004 -9"><span class='ocrx_word' id='word_1_5' title='bbox 1270 0 1369 11; x_wconf 56' lang='lat'>.·.--·-</span> <span class='ocrx_word' id='word_1_6' title='bbox 1410 0 1466 11; x_wconf 67' lang='grc' dir='ltr'>4ιι</span> <span class='ocrx_word' id='word_1_7' title='bbox 1500 0 1734 19; x_wconf 38' lang='grc' dir='ltr'>ς--νρι-ψιτ</span> 
     </span>
    </p>
   </div>
   <div class='ocr_carea' id='block_1_3' title="bbox 248 277 1612 282">
    <p class='ocr_par' dir='ltr' id='par_1_3' title="bbox 248 277 1612 282">
     <span class='ocr_line' id='line_1_3' title="bbox 248 277 1612 282; baseline 0 0"><span class='ocrx_word' id='word_1_8' title='bbox 248 277 1612 282; x_wconf 95' lang='lat' dir='ltr'> </span> 
     </span>
    </p>
   </div>
   <div class='ocr_carea' id='block_1_4' title="bbox 1082 463 1172 514">
    <p class='ocr_par' dir='ltr' id='par_1_4' title="bbox 1082 463 1172 514">
     <span class='ocr_line' id='line_1_4' title="bbox 1082 463 1172 514; baseline 0 0"><span class='ocrx_word' id='word_1_9' title='bbox 1082 463 1172 514; x_wconf 91' lang='lat' dir='ltr'>XI.</span> 
     </span>
    </p>
   </div>
   <div class='ocr_carea' id='block_1_5' title="bbox 554 605 1697 659">
    <p class='ocr_par' dir='ltr' id='par_1_5' title="bbox 554 605 1697 659">
     <span class='ocr_line' id='line_1_5' title="bbox 554 605 1697 659; baseline 0.001 -2"><span class='ocrx_word' id='word_1_10' title='bbox 554 605 634 658; x_wconf 88' lang='lat' dir='ltr'>De</span> <span class='ocrx_word' id='word_1_11' title='bbox 671 605 816 658; x_wconf 83' lang='lat' dir='ltr'>falsa</span> <span class='ocrx_word' id='word_1_12' title='bbox 855 606 1288 659; x_wconf 77' lang='lat' dir='ltr'>denunciatione</span> <span class='ocrx_word' id='word_1_13' title='bbox 1327 605 1697 659; x_wconf 84' lang='lat' dir='ltr'>sollicitantis.</span> 
     </span>
    </p>
   </div>
   <div class='ocr_carea' id='block_1_6' title="bbox 235 745 2017 1222">
    <p class='ocr_par' dir='ltr' id='par_1_6' title="bbox 235 745 2017 1222">
     <span class='ocr_line' id='line_1_6' title="bbox 358 745 2016 806; baseline 0 -15"><span class='ocrx_word' id='word_1_14' title='bbox 358 746 399 791; x_wconf 92' lang='lat' dir='ltr'>Si</span> <span class='ocrx_word' id='word_1_15' title='bbox 423 760 555 791; x_wconf 86' lang='lat' dir='ltr'>casus</span> <span class='ocrx_word' id='word_1_16' title='bbox 578 745 750 791; x_wconf 89' lang='lat' dir='ltr'>incidat</span> <span class='ocrx_word' id='word_1_17' title='bbox 772 747 892 805; x_wconf 82' lang='lat' dir='ltr'>quod</span> <span class='ocrx_word' id='word_1_18' title='bbox 915 746 1016 806; x_wconf 88' lang='lat' dir='ltr'>quis</span> <span class='ocrx_word' id='word_1_19' title='bbox 1039 747 1151 791; x_wconf 85' lang='lat' dir='ltr'>falso</span> <span class='ocrx_word' id='word_1_20' title='bbox 1173 746 1464 791; x_wconf 76' lang='lat' dir='ltr'>accusaverit</span> <span class='ocrx_word' id='word_1_21' title='bbox 1486 745 1842 802; x_wconf 79' lang='lat' dir='ltr'>confessarium,</span> <span class='ocrx_word' id='word_1_22' title='bbox 1868 746 2016 791; x_wconf 89' lang='lat' dir='ltr'>eidem</span> 
     </span>
     <span class='ocr_line' id='line_1_7' title="bbox 237 829 2017 889; baseline -0.001 -14"><span class='ocrx_word' id='word_1_23' title='bbox 237 830 494 889; x_wconf 86' lang='lat' dir='ltr'>poenitenti</span> <span class='ocrx_word' id='word_1_24' title='bbox 529 830 841 875; x_wconf 57' lang='lat' dir='ltr'>confessarius</span> <span class='ocrx_word' id='word_1_25' title='bbox 889 829 1098 887; x_wconf 89' lang='lat' dir='ltr'>iniungat</span> <span class='ocrx_word' id='word_1_26' title='bbox 1130 834 1181 874; x_wconf 88' lang='lat' dir='ltr'>ut</span> <span class='ocrx_word' id='word_1_27' title='bbox 1213 830 1397 874; x_wconf 88' lang='lat' dir='ltr'>emittat</span> <span class='ocrx_word' id='word_1_28' title='bbox 1431 829 1805 874; x_wconf 80' lang='lat' dir='ltr'>retractationem</span> <span class='ocrx_word' id='word_1_29' title='bbox 1850 830 2017 874; x_wconf 84' lang='lat' dir='ltr'>forma-</span> 
     </span>
     <span class='ocr_line' id='line_1_8' title="bbox 237 912 2014 972; baseline -0.002 -14"><span class='ocrx_word' id='word_1_30' title='bbox 237 914 358 969; x_wconf 91' lang='lat' dir='ltr'>lem,</span> <span class='ocrx_word' id='word_1_31' title='bbox 394 927 610 972; x_wconf 84' lang='lat' dir='ltr'>expresso</span> <span class='ocrx_word' id='word_1_32' title='bbox 660 913 847 958; x_wconf 88' lang='lat' dir='ltr'>nomine</span> <span class='ocrx_word' id='word_1_33' title='bbox 898 913 1037 972; x_wconf 84' lang='lat' dir='ltr'>ipsius</span> <span class='ocrx_word' id='word_1_34' title='bbox 1071 913 1350 972; x_wconf 87' lang='lat' dir='ltr'>poenitentis</span> <span class='ocrx_word' id='word_1_35' title='bbox 1390 912 1686 958; x_wconf 88' lang='lat' dir='ltr'>accusatricis</span> <span class='ocrx_word' id='word_1_36' title='bbox 1717 916 1763 956; x_wconf 90' lang='lat' dir='ltr'>et</span> <span class='ocrx_word' id='word_1_37' title='bbox 1794 912 2014 967; x_wconf 90' lang='lat' dir='ltr'>accusati,</span> 
     </span>
     <span class='ocr_line' id='line_1_9' title="bbox 238 994 2015 1056; baseline -0.003 -14"><span class='ocrx_word' id='word_1_38' title='bbox 238 1011 322 1042; x_wconf 88' lang='lat' dir='ltr'>nec</span> <span class='ocrx_word' id='word_1_39' title='bbox 357 1011 447 1041; x_wconf 89' lang='lat' dir='ltr'>non</span> <span class='ocrx_word' id='word_1_40' title='bbox 482 996 632 1055; x_wconf 89' lang='lat' dir='ltr'>specie</span> <span class='ocrx_word' id='word_1_41' title='bbox 665 997 888 1051; x_wconf 86' lang='lat' dir='ltr'>criminis,</span> <span class='ocrx_word' id='word_1_42' title='bbox 915 1001 962 1041; x_wconf 90' lang='lat' dir='ltr'>et</span> <span class='ocrx_word' id='word_1_43' title='bbox 995 1001 1235 1056; x_wconf 83' lang='lat' dir='ltr'>postquam</span> <span class='ocrx_word' id='word_1_44' title='bbox 1268 997 1311 1041; x_wconf 91' lang='lat' dir='ltr'>id</span> <span class='ocrx_word' id='word_1_45' title='bbox 1335 997 1429 1055; x_wconf 88' lang='lat' dir='ltr'>ipsa</span> <span class='ocrx_word' id='word_1_46' title='bbox 1461 1000 1657 1040; x_wconf 82' lang='lat' dir='ltr'>executa</span> <span class='ocrx_word' id='word_1_47' title='bbox 1691 1000 1776 1050; x_wconf 90' lang='lat' dir='ltr'>est,</span> <span class='ocrx_word' id='word_1_48' title='bbox 1802 1009 1907 1039; x_wconf 89' lang='lat' dir='ltr'>eum</span> <span class='ocrx_word' id='word_1_49' title='bbox 1941 994 2015 1038; x_wconf 87' lang='lat' dir='ltr'>ab·</span> 
     </span>
     <span class='ocr_line' id='line_1_10' title="bbox 236 1078 2016 1138; baseline -0.002 -13"><span class='ocrx_word' id='word_1_50' title='bbox 236 1081 399 1125; x_wconf 85' lang='lat' dir='ltr'>solvat.</span> <span class='ocrx_word' id='word_1_51' title='bbox 441 1079 685 1138; x_wconf 85' lang='lat' dir='ltr'>Episcopus</span> <span class='ocrx_word' id='word_1_52' title='bbox 718 1094 828 1124; x_wconf 67' lang='lat' dir='ltr'>vero</span> <span class='ocrx_word' id='word_1_53' title='bbox 862 1080 1149 1125; x_wconf 83' lang='lat' dir='ltr'>transmittat</span> <span class='ocrx_word' id='word_1_54' title='bbox 1182 1082 1304 1125; x_wconf 89' lang='lat' dir='ltr'>Sacr.</span> <span class='ocrx_word' id='word_1_55' title='bbox 1340 1078 1689 1138; x_wconf 85' lang='lat' dir='ltr'>Congregationi</span> <span class='ocrx_word' id='word_1_56' title='bbox 1724 1078 1912 1122; x_wconf 90' lang='lat' dir='ltr'>nomina</span> <span class='ocrx_word' id='word_1_57' title='bbox 1944 1090 2016 1121; x_wconf 90' lang='lat' dir='ltr'>ac-</span> 
     </span>
     <span class='ocr_line' id='line_1_11' title="bbox 235 1160 2013 1222; baseline -0.002 -14"><span class='ocrx_word' id='word_1_58' title='bbox 235 1163 473 1210; x_wconf 87' lang='lat' dir='ltr'>cusatricis</span> <span class='ocrx_word' id='word_1_59' title='bbox 506 1169 552 1208; x_wconf 89' lang='lat' dir='ltr'>et</span> <span class='ocrx_word' id='word_1_60' title='bbox 583 1163 803 1208; x_wconf 86' lang='lat' dir='ltr'>accusati.</span> <span class='ocrx_word' id='word_1_61' title='bbox 841 1166 946 1222; x_wconf 88' lang='lat' dir='ltr'>Sup.</span> <span class='ocrx_word' id='word_1_62' title='bbox 974 1165 1108 1208; x_wconf 75' lang='lat' dir='ltr'>Univ.</span> <span class='ocrx_word' id='word_1_63' title='bbox 1131 1167 1228 1221; x_wconf 79' lang='lat' dir='ltr'>Inq.</span> <span class='ocrx_word' id='word_1_64' title='bbox 1255 1164 1309 1208; x_wconf 89' lang='lat' dir='ltr'>ad</span> <span class='ocrx_word' id='word_1_65' title='bbox 1336 1167 1412 1222; x_wconf 86' lang='lat' dir='ltr'>Ep.</span> <span class='ocrx_word' id='word_1_66' title='bbox 1439 1163 1638 1207; x_wconf 87' lang='lat' dir='ltr'>Harlem.</span> <span class='ocrx_word' id='word_1_67' title='bbox 1671 1162 1722 1206; x_wconf 75' lang='lat'>14</span> <span class='ocrx_word' id='word_1_68' title='bbox 1747 1160 1857 1205; x_wconf 89' lang='lat' dir='ltr'>iunii</span> <span class='ocrx_word' id='word_1_69' title='bbox 1888 1160 2013 1205; x_wconf 80' lang='lat'><strong>1879.</strong></span> 
     </span>
    </p>
   </div>
   <div class='ocr_carea' id='block_1_7' title="bbox 876 1379 1381 1592">
    <p class='ocr_par' dir='ltr' id='par_1_7' title="bbox 876 1379 1381 1592">
     <span class='ocr_line' id='line_1_12' title="bbox 1068 1379 1183 1430; baseline 0 0"><span class='ocrx_word' id='word_1_70' title='bbox 1068 1379 1183 1430; x_wconf 87' lang='lat' dir='ltr'><strong>XII.</strong></span> 
     </span>
     <span class='ocr_line' id='line_1_13' title="bbox 876 1520 1381 1592; baseline -0.004 -19"><span class='ocrx_word' id='word_1_71' title='bbox 876 1521 954 1574; x_wconf 88' lang='lat' dir='ltr'>De</span> <span class='ocrx_word' id='word_1_72' title='bbox 995 1520 1381 1592; x_wconf 65' lang='lat' dir='ltr'>Indulgentiis.</span> 
     </span>
    </p>
   </div>
   <div class='ocr_carea' id='block_1_8' title="bbox 235 1657 2018 2969">
    <p class='ocr_par' dir='ltr' id='par_1_8' title="bbox 235 1657 2018 2969">
     <span class='ocr_line' id='line_1_14' title="bbox 359 1657 2016 1724; baseline -0.003 -18"><span class='ocrx_word' id='word_1_73' title='bbox 359 1686 377 1706; x_wconf 70' lang='lat' dir='ltr'>a</span> <span class='ocrx_word' id='word_1_74' title='bbox 405 1665 490 1720; x_wconf 83' lang='lat' dir='ltr'>Qui</span> <span class='ocrx_word' id='word_1_75' title='bbox 523 1678 813 1724; x_wconf 84' lang='lat' dir='ltr'>quacumque</span> <span class='ocrx_word' id='word_1_76' title='bbox 847 1662 1026 1708; x_wconf 79' lang='lat' dir='ltr'>ratione</span> <span class='ocrx_word' id='word_1_77' title='bbox 1062 1661 1395 1719; x_wconf 81' lang='lat' dir='ltr'>indulgentiam</span> <span class='ocrx_word' id='word_1_78' title='bbox 1430 1659 1586 1704; x_wconf 86' lang='lat' dir='ltr'>altaris</span> <span class='ocrx_word' id='word_1_79' title='bbox 1619 1657 1892 1717; x_wconf 81' lang='lat' dir='ltr'>privilegiati</span> <span class='ocrx_word' id='word_1_80' title='bbox 1925 1671 2016 1702; x_wconf 90' lang='lat' dir='ltr'>non</span> 
     </span>
     <span class='ocr_line' id='line_1_15' title="bbox 235 1743 2017 1809; baseline -0.007 -12"><span class='ocrx_word' id='word_1_81' title='bbox 235 1754 439 1797; x_wconf 88' lang='lat' dir='ltr'>lucratur</span> <span class='ocrx_word' id='word_1_82' title='bbox 475 1766 564 1795; x_wconf 91' lang='lat' dir='ltr'>non</span> <span class='ocrx_word' id='word_1_83' title='bbox 603 1755 750 1809; x_wconf 89' lang='lat' dir='ltr'>potest</span> <span class='ocrx_word' id='word_1_84' title='bbox 786 1749 1050 1794; x_wconf 79' lang='lat' dir='ltr'>satisfacere</span> <span class='ocrx_word' id='word_1_85' title='bbox 1083 1747 1353 1806; x_wconf 84' lang='lat' dir='ltr'>applicando</span> <span class='ocrx_word' id='word_1_86' title='bbox 1386 1745 1523 1790; x_wconf 89' lang='lat' dir='ltr'>aliam</span> <span class='ocrx_word' id='word_1_87' title='bbox 1557 1743 1893 1801; x_wconf 86' lang='lat' dir='ltr'>Indulgentiam</span> <span class='ocrx_word' id='word_1_88' title='bbox 1930 1743 2017 1799; x_wconf 89' lang='lat' dir='ltr'>ple-</span> 
     </span>
     <span class='ocr_line' id='line_1_16' title="bbox 237 1825 2016 1891; baseline -0.006 -12"><span class='ocrx_word' id='word_1_89' title='bbox 237 1834 414 1879; x_wconf 78' lang='lat' dir='ltr'>nariam</span> <span class='ocrx_word' id='word_1_90' title='bbox 450 1833 696 1888; x_wconf 81' lang='lat' dir='ltr'>(lefunctis,</span> <span class='ocrx_word' id='word_1_91' title='bbox 735 1845 813 1891; x_wconf 86' lang='lat' dir='ltr'>pro</span> <span class='ocrx_word' id='word_1_92' title='bbox 846 1831 1009 1890; x_wconf 88' lang='lat' dir='ltr'>quibus</span> <span class='ocrx_word' id='word_1_93' title='bbox 1042 1831 1097 1875; x_wconf 87' lang='lat' dir='ltr'>ad</span> <span class='ocrx_word' id='word_1_94' title='bbox 1130 1831 1274 1875; x_wconf 88' lang='lat' dir='ltr'>altare</span> <span class='ocrx_word' id='word_1_95' title='bbox 1310 1827 1648 1887; x_wconf 87' lang='lat' dir='ltr'>privilegiatum</span> <span class='ocrx_word' id='word_1_96' title='bbox 1681 1826 1910 1870; x_wconf 86' lang='lat' dir='ltr'>celebrare</span> <span class='ocrx_word' id='word_1_97' title='bbox 1943 1825 2016 1869; x_wconf 89' lang='lat' dir='ltr'>de-</span> 
     </span>
     <span class='ocr_line' id='line_1_17' title="bbox 236 1907 2016 1970; baseline -0.006 -9"><span class='ocrx_word' id='word_1_98' title='bbox 236 1918 398 1961; x_wconf 88' lang='lat' dir='ltr'>buerat</span> <span class='ocrx_word' id='word_1_99' title='bbox 425 1936 461 1961; x_wconf 72' lang='lat' dir='ltr'>n.</span> <span class='ocrx_word' id='word_1_100' title='bbox 500 1920 541 1960; x_wconf 85' lang='lat' dir='ltr'>S.</span> <span class='ocrx_word' id='word_1_101' title='bbox 578 1919 623 1961; x_wconf 83' lang='lat' dir='ltr'>C.</span> <span class='ocrx_word' id='word_1_102' title='bbox 663 1915 757 1959; x_wconf 91' lang='lat' dir='ltr'>lnd.</span> <span class='ocrx_word' id='word_1_103' title='bbox 796 1917 821 1959; x_wconf 77' lang='lat'><strong>2</strong></span> <span class='ocrx_word' id='word_1_104' title='bbox 856 1914 963 1958; x_wconf 86' lang='lat' dir='ltr'>maii</span> <span class='ocrx_word' id='word_1_105' title='bbox 1005 1913 1128 1957; x_wconf 76' lang='lat'>1852.</span> <span class='ocrx_word' id='word_1_106' title='bbox 1177 1915 1393 1956; x_wconf 77' lang='lat' dir='ltr'>Attamen</span> <span class='ocrx_word' id='word_1_107' title='bbox 1431 1931 1448 1950; x_wconf 75' lang='grc' dir='ltr'><em>α</em></span> <span class='ocrx_word' id='word_1_108' title='bbox 1475 1909 1551 1970; x_wconf 90' lang='lat' dir='ltr'>qui</span> <span class='ocrx_word' id='word_1_109' title='bbox 1590 1909 1748 1954; x_wconf 89' lang='lat' dir='ltr'>diebus</span> <span class='ocrx_word' id='word_1_110' title='bbox 1787 1907 2016 1965; x_wconf 85' lang='lat' dir='ltr'>permissis</span> 
     </span>
     <span class='ocr_line' id='line_1_18' title="bbox 237 1991 2015 2056; baseline -0.006 -11"><span class='ocrx_word' id='word_1_111' title='bbox 237 2015 328 2045; x_wconf 90' lang='lat' dir='ltr'>non</span> <span class='ocrx_word' id='word_1_112' title='bbox 363 2000 616 2045; x_wconf 69' lang='lat' dir='ltr'>celebravit</span> <span class='ocrx_word' id='word_1_113' title='bbox 648 1999 694 2043; x_wconf 93' lang='lat' dir='ltr'>in</span> <span class='ocrx_word' id='word_1_114' title='bbox 731 1998 1012 2056; x_wconf 84' lang='lat' dir='ltr'>paramentis</span> <span class='ocrx_word' id='word_1_115' title='bbox 1047 1997 1160 2054; x_wconf 83' lang='lat' dir='ltr'>nigri</span> <span class='ocrx_word' id='word_1_116' title='bbox 1197 1995 1361 2040; x_wconf 89' lang='lat' dir='ltr'>coloris</span> <span class='ocrx_word' id='word_1_117' title='bbox 1395 1995 1440 2039; x_wconf 89' lang='lat' dir='ltr'>in</span> <span class='ocrx_word' id='word_1_118' title='bbox 1468 1993 1607 2040; x_wconf 78' lang='lat' dir='ltr'>Altari</span> <span class='ocrx_word' id='word_1_119' title='bbox 1642 1992 1927 2051; x_wconf 82' lang='lat' dir='ltr'>privilegiato</span> <span class='ocrx_word' id='word_1_120' title='bbox 1961 1991 2015 2035; x_wconf 89' lang='lat' dir='ltr'>ad</span> 
     </span>
     <span class='ocr_line' id='line_1_19' title="bbox 235 2075 2013 2143; baseline -0.006 -15"><span class='ocrx_word' id='word_1_121' title='bbox 235 2084 564 2143; x_wconf 74' lang='lat' dir='ltr'>acquirendam</span> <span class='ocrx_word' id='word_1_122' title='bbox 602 2082 937 2139; x_wconf 81' lang='lat' dir='ltr'>[mlulgentiam</span> <span class='ocrx_word' id='word_1_123' title='bbox 990 2080 1244 2126; x_wconf 77' lang='lat' dir='ltr'>plenariam</span> <span class='ocrx_word' id='word_1_124' title='bbox 1283 2080 1418 2124; x_wconf 87' lang='lat' dir='ltr'>debet</span> <span class='ocrx_word' id='word_1_125' title='bbox 1466 2077 1630 2122; x_wconf 87' lang='lat' dir='ltr'>lucrari</span> <span class='ocrx_word' id='word_1_126' title='bbox 1683 2075 2013 2133; x_wconf 80' lang='lat' dir='ltr'>indulgentiam</span> 
     </span>
     <span class='ocr_line' id='line_1_20' title="bbox 236 2158 2017 2227; baseline -0.006 -14"><span class='ocrx_word' id='word_1_127' title='bbox 236 2168 507 2227; x_wconf 81' lang='lat' dir='ltr'>plenariam,</span> <span class='ocrx_word' id='word_1_128' title='bbox 545 2181 624 2225; x_wconf 91' lang='lat' dir='ltr'>pro</span> <span class='ocrx_word' id='word_1_129' title='bbox 659 2166 712 2210; x_wconf 85' lang='lat' dir='ltr'>iis</span> <span class='ocrx_word' id='word_1_130' title='bbox 734 2164 981 2220; x_wconf 83' lang='lat' dir='ltr'>defunctis,</span> <span class='ocrx_word' id='word_1_131' title='bbox 1007 2164 1172 2224; x_wconf 81' lang='lat' dir='ltr'>quibus</span> <span class='ocrx_word' id='word_1_132' title='bbox 1206 2164 1371 2209; x_wconf 79' lang='lat' dir='ltr'>Missae</span> <span class='ocrx_word' id='word_1_133' title='bbox 1396 2164 1597 2207; x_wconf 84' lang='lat' dir='ltr'>fructum</span> <span class='ocrx_word' id='word_1_134' title='bbox 1631 2160 1849 2220; x_wconf 82' lang='lat' dir='ltr'>applicuit</span> <span class='ocrx_word' id='word_1_135' title='bbox 1881 2158 2017 2204; x_wconf 88' lang='lat' dir='ltr'>toties</span> 
     </span>
     <span class='ocr_line' id='line_1_21' title="bbox 235 2241 2013 2311; baseline -0.006 -15"><span class='ocrx_word' id='word_1_136' title='bbox 235 2251 414 2311; x_wconf 86' lang='lat' dir='ltr'>quoties</span> <span class='ocrx_word' id='word_1_137' title='bbox 447 2250 605 2294; x_wconf 89' lang='lat' dir='ltr'>diebus</span> <span class='ocrx_word' id='word_1_138' title='bbox 629 2264 719 2294; x_wconf 92' lang='lat' dir='ltr'>non</span> <span class='ocrx_word' id='word_1_139' title='bbox 746 2248 977 2306; x_wconf 81' lang='lat' dir='ltr'>impeditis</span> <span class='ocrx_word' id='word_1_140' title='bbox 1001 2261 1108 2292; x_wconf 86' lang='lat' dir='ltr'>usus</span> <span class='ocrx_word' id='word_1_141' title='bbox 1131 2262 1223 2291; x_wconf 91' lang='lat' dir='ltr'>non</span> <span class='ocrx_word' id='word_1_142' title='bbox 1249 2251 1318 2304; x_wconf 84' lang='lat' dir='ltr'>est</span> <span class='ocrx_word' id='word_1_143' title='bbox 1339 2244 1623 2290; x_wconf 88' lang='lat' dir='ltr'>indumentis</span> <span class='ocrx_word' id='word_1_144' title='bbox 1646 2242 1762 2301; x_wconf 83' lang='lat' dir='ltr'>nigri</span> <span class='ocrx_word' id='word_1_145' title='bbox 1786 2241 1949 2287; x_wconf 72' lang='lat' dir='ltr'>coloris</span> <span class='ocrx_word' id='word_1_146' title='bbox 1975 2259 2013 2285; x_wconf 73' lang='lat' dir='ltr'>n.</span> 
     </span>
     <span class='ocr_line' id='line_1_22' title="bbox 237 2323 2013 2388; baseline -0.007 -9"><span class='ocrx_word' id='word_1_147' title='bbox 237 2338 278 2379; x_wconf 88' lang='lat' dir='ltr'>S.</span> <span class='ocrx_word' id='word_1_148' title='bbox 313 2338 360 2380; x_wconf 90' lang='lat' dir='ltr'>C.</span> <span class='ocrx_word' id='word_1_149' title='bbox 397 2335 494 2378; x_wconf 87' lang='lat' dir='ltr'>Ind.</span> <span class='ocrx_word' id='word_1_150' title='bbox 531 2335 586 2377; x_wconf 63' lang='grc' dir='ltr'><em>Ἡ</em></span> <span class='ocrx_word' id='word_1_151' title='bbox 621 2332 732 2376; x_wconf 80' lang='lat' dir='ltr'>febr.</span> <span class='ocrx_word' id='word_1_152' title='bbox 764 2332 887 2375; x_wconf 73' lang='lat'><strong>1847.</strong></span> <span class='ocrx_word' id='word_1_153' title='bbox 928 2335 1168 2376; x_wconf 88' lang='lat' dir='ltr'>Decretum</span> <span class='ocrx_word' id='word_1_154' title='bbox 1192 2331 1278 2375; x_wconf 91' lang='lat' dir='ltr'>hoc</span> <span class='ocrx_word' id='word_1_155' title='bbox 1303 2328 1593 2388; x_wconf 85' lang='lat' dir='ltr'>praecedenti</span> <span class='ocrx_word' id='word_1_156' title='bbox 1629 2339 1720 2371; x_wconf 91' lang='lat' dir='ltr'>non</span> <span class='ocrx_word' id='word_1_157' title='bbox 1755 2323 2013 2383; x_wconf 86' lang='lat' dir='ltr'>opponitur.</span> 
     </span>
     <span class='ocr_line' id='line_1_23' title="bbox 238 2405 2018 2476; baseline -0.007 -14"><span class='ocrx_word' id='word_1_158' title='bbox 238 2422 352 2463; x_wconf 89' lang='lat' dir='ltr'>Nam</span> <span class='ocrx_word' id='word_1_159' title='bbox 388 2417 432 2461; x_wconf 92' lang='lat' dir='ltr'>in</span> <span class='ocrx_word' id='word_1_160' title='bbox 460 2415 695 2476; x_wconf 84' lang='lat' dir='ltr'>posteriori</span> <span class='ocrx_word' id='word_1_161' title='bbox 722 2416 806 2460; x_wconf 76' lang='lat' dir='ltr'>buc</span> <span class='ocrx_word' id='word_1_162' title='bbox 829 2415 1014 2459; x_wconf 86' lang='lat' dir='ltr'>decreto</span> <span class='ocrx_word' id='word_1_163' title='bbox 1050 2434 1068 2453; x_wconf 71' lang='grc' dir='ltr'><em>α</em></span> <span class='ocrx_word' id='word_1_164' title='bbox 1098 2411 1419 2457; x_wconf 86' lang='lat' dir='ltr'>tantummodo</span> <span class='ocrx_word' id='word_1_165' title='bbox 1453 2409 1786 2463; x_wconf 88' lang='lat' dir='ltr'>Sacerdotibus,</span> <span class='ocrx_word' id='word_1_166' title='bbox 1814 2421 1893 2467; x_wconf 87' lang='lat' dir='ltr'>pro</span> <span class='ocrx_word' id='word_1_167' title='bbox 1921 2405 2018 2465; x_wconf 90' lang='lat' dir='ltr'>qui-</span> 
     </span>
     <span class='ocr_line' id='line_1_24' title="bbox 237 2491 2014 2559; baseline -0.007 -13"><span class='ocrx_word' id='word_1_168' title='bbox 237 2501 320 2546; x_wconf 93' lang='lat' dir='ltr'>bus</span> <span class='ocrx_word' id='word_1_169' title='bbox 344 2501 660 2559; x_wconf 85' lang='lat' dir='ltr'>postulabatur</span> <span class='ocrx_word' id='word_1_170' title='bbox 682 2499 736 2543; x_wconf 90' lang='lat' dir='ltr'>de</span> <span class='ocrx_word' id='word_1_171' title='bbox 762 2498 955 2552; x_wconf 88' lang='lat' dir='ltr'>ratione,</span> <span class='ocrx_word' id='word_1_172' title='bbox 982 2510 1070 2555; x_wconf 84' lang='lat' dir='ltr'>qua</span> <span class='ocrx_word' id='word_1_173' title='bbox 1094 2508 1396 2554; x_wconf 88' lang='lat' dir='ltr'>compensare</span> <span class='ocrx_word' id='word_1_174' title='bbox 1419 2493 1647 2538; x_wconf 85' lang='lat' dir='ltr'>debebant</span> <span class='ocrx_word' id='word_1_175' title='bbox 1681 2491 2014 2549; x_wconf 79' lang='lat' dir='ltr'>indulgentiam</span> 
     </span>
     <span class='ocr_line' id='line_1_25' title="bbox 237 2573 2016 2641; baseline -0.008 -10"><span class='ocrx_word' id='word_1_176' title='bbox 237 2585 402 2631; x_wconf 82' lang='lat' dir='ltr'>Altaris</span> <span class='ocrx_word' id='word_1_177' title='bbox 422 2582 716 2641; x_wconf 82' lang='lat' dir='ltr'>Privilegiati‚</span> <span class='ocrx_word' id='word_1_178' title='bbox 737 2582 789 2626; x_wconf 91' lang='lat' dir='ltr'>ad</span> <span class='ocrx_word' id='word_1_179' title='bbox 810 2595 946 2641; x_wconf 84' lang='lat' dir='ltr'>quam</span> <span class='ocrx_word' id='word_1_180' title='bbox 971 2579 1288 2639; x_wconf 88' lang='lat' dir='ltr'>applicandam</span> <span class='ocrx_word' id='word_1_181' title='bbox 1308 2577 1634 2635; x_wconf 87' lang='lat' dir='ltr'>obligarentur,</span> <span class='ocrx_word' id='word_1_182' title='bbox 1654 2579 1700 2619; x_wconf 90' lang='lat' dir='ltr'>et</span> <span class='ocrx_word' id='word_1_183' title='bbox 1721 2588 1877 2634; x_wconf 88' lang='lat' dir='ltr'>quam,</span> <span class='ocrx_word' id='word_1_184' title='bbox 1899 2573 2016 2618; x_wconf 90' lang='lat' dir='ltr'>bona</span> 
     </span>
     <span class='ocr_line' id='line_1_26' title="bbox 236 2658 2016 2723; baseline -0.008 -9"><span class='ocrx_word' id='word_1_185' title='bbox 236 2669 322 2714; x_wconf 82' lang='lat' dir='ltr'>fide</span> <span class='ocrx_word' id='word_1_186' title='bbox 356 2672 580 2723; x_wconf 86' lang='lat' dir='ltr'>errantes,</span> <span class='ocrx_word' id='word_1_187' title='bbox 616 2681 708 2711; x_wconf 91' lang='lat' dir='ltr'>non</span> <span class='ocrx_word' id='word_1_188' title='bbox 743 2670 876 2710; x_wconf 87' lang='lat' dir='ltr'>erant</span> <span class='ocrx_word' id='word_1_189' title='bbox 909 2663 1088 2718; x_wconf 90' lang='lat' dir='ltr'>lucrati,</span> <span class='ocrx_word' id='word_1_190' title='bbox 1124 2661 1350 2707; x_wconf 86' lang='lat' dir='ltr'>concessit</span> <span class='ocrx_word' id='word_1_191' title='bbox 1383 2663 1423 2704; x_wconf 82' lang='lat' dir='ltr'>S.</span> <span class='ocrx_word' id='word_1_192' title='bbox 1461 2658 1775 2717; x_wconf 84' lang='lat' dir='ltr'>Congregatio,</span> <span class='ocrx_word' id='word_1_193' title='bbox 1812 2662 1862 2701; x_wconf 90' lang='lat' dir='ltr'>ut</span> <span class='ocrx_word' id='word_1_194' title='bbox 1895 2670 2016 2701; x_wconf 91' lang='lat' dir='ltr'>com-</span> 
     </span>
     <span class='ocr_line' id='line_1_27' title="bbox 238 2738 2016 2810; baseline -0.009 -13"><span class='ocrx_word' id='word_1_195' title='bbox 238 2751 445 2810; x_wconf 87' lang='lat' dir='ltr'>pensatio</span> <span class='ocrx_word' id='word_1_196' title='bbox 494 2750 624 2794; x_wconf 85' lang='lat' dir='ltr'>fieret</span> <span class='ocrx_word' id='word_1_197' title='bbox 657 2763 735 2806; x_wconf 89' lang='lat' dir='ltr'>per</span> <span class='ocrx_word' id='word_1_198' title='bbox 781 2747 1134 2805; x_wconf 86' lang='lat' dir='ltr'>applicationem</span> <span class='ocrx_word' id='word_1_199' title='bbox 1184 2743 1372 2788; x_wconf 88' lang='lat' dir='ltr'>alterius</span> <span class='ocrx_word' id='word_1_200' title='bbox 1418 2740 1734 2798; x_wconf 86' lang='lat' dir='ltr'>Indulgentiae</span> <span class='ocrx_word' id='word_1_201' title='bbox 1782 2738 2016 2786; x_wconf 86' lang='lat' dir='ltr'>Plenariae</span> 
     </span>
     <span class='ocr_line' id='line_1_28' title="bbox 238 2822 2012 2894; baseline -0.009 -14"><span class='ocrx_word' id='word_1_202' title='bbox 238 2835 373 2880; x_wconf 87' lang='lat' dir='ltr'>toties</span> <span class='ocrx_word' id='word_1_203' title='bbox 404 2835 584 2894; x_wconf 86' lang='lat' dir='ltr'>quoties</span> <span class='ocrx_word' id='word_1_204' title='bbox 617 2833 737 2876; x_wconf 90' lang='lat' dir='ltr'>illam</span> <span class='ocrx_word' id='word_1_205' title='bbox 776 2830 940 2876; x_wconf 79' lang='lat' dir='ltr'>Altaris</span> <span class='ocrx_word' id='word_1_206' title='bbox 975 2827 1276 2886; x_wconf 73' lang='lat' dir='ltr'>privilegiatis</span> <span class='ocrx_word' id='word_1_207' title='bbox 1300 2841 1389 2872; x_wconf 90' lang='lat' dir='ltr'>non</span> <span class='ocrx_word' id='word_1_208' title='bbox 1416 2827 1599 2870; x_wconf 83' lang='lat' dir='ltr'>fuerant</span> <span class='ocrx_word' id='word_1_209' title='bbox 1633 2822 1795 2868; x_wconf 84' lang='lat' dir='ltr'>lucrati</span> <span class='ocrx_word' id='word_1_210' title='bbox 1823 2840 1861 2865; x_wconf 79' lang='lat' dir='ltr'>n.</span> <span class='ocrx_word' id='word_1_211' title='bbox 1899 2823 1940 2865; x_wconf 91' lang='lat' dir='ltr'>S.</span> <span class='ocrx_word' id='word_1_212' title='bbox 1966 2823 2012 2865; x_wconf 89' lang='lat' dir='ltr'>C.</span> 
     </span>
     <span class='ocr_line' id='line_1_29' title="bbox 238 2911 1438 2969; baseline -0.008 -5"><span class='ocrx_word' id='word_1_213' title='bbox 238 2919 333 2964; x_wconf 88' lang='lat' dir='ltr'>Ind.</span> <span class='ocrx_word' id='word_1_214' title='bbox 371 2919 428 2963; x_wconf 65' lang='lat'>24</span> <span class='ocrx_word' id='word_1_215' title='bbox 462 2917 540 2961; x_wconf 90' lang='lat' dir='ltr'>iul.</span> <span class='ocrx_word' id='word_1_216' title='bbox 581 2917 706 2961; x_wconf 78' lang='lat'><strong>1885.</strong></span> <span class='ocrx_word' id='word_1_217' title='bbox 746 2918 854 2960; x_wconf 88' lang='lat' dir='ltr'>Acta</span> <span class='ocrx_word' id='word_1_218' title='bbox 891 2917 932 2958; x_wconf 88' lang='lat' dir='ltr'>S.</span> <span class='ocrx_word' id='word_1_219' title='bbox 970 2913 1070 2958; x_wconf 88' lang='lat' dir='ltr'>Sed.</span> <span class='ocrx_word' id='word_1_220' title='bbox 1111 2915 1158 2956; x_wconf 92' lang='lat' dir='ltr'>V.</span> <span class='ocrx_word' id='word_1_221' title='bbox 1201 2911 1252 2956; x_wconf 89' lang='grc'>18</span> <span class='ocrx_word' id='word_1_222' title='bbox 1287 2925 1328 2969; x_wconf 96' lang='lat' dir='ltr'>p.</span> <span class='ocrx_word' id='word_1_223' title='bbox 1366 2911 1438 2954; x_wconf 76' lang='lat'>94.</span> 
     </span>
    </p>
   </div>
  </div>
 </body>
</html>
