2176 3386
544 192 673 221 Lmen
701 192 728 220 1.
761 191 817 219 DE
847 190 984 219 mzssus
1013 190 1249 219 ECCLEslAE
1277 189 1605 219 SPIRlTUALIBUS
1891 179 1967 218 177

184 299 322 344 missa
354 298 626 352 celebretur,
662 310 811 355 neque
843 309 895 340 ea
930 296 1091 340 votiva
1124 310 1205 355 pro
1237 296 1416 354 sponsis
1448 309 1546 341 esse
1586 300 1766 353 potest,
1818 310 1968 356 neque

182 381 413 426 orationes
445 393 498 423 ac
532 377 877 423 benedictiones
909 377 955 422 in
992 378 1077 423 hac
1109 382 1358 422 contentae
1403 374 1593 436 possun't
1634 378 1838 423 recitari.
1893 382 1968 423 Est

181 478 361 524 quoque
406 478 484 522 per
525 465 606 507 hos
643 463 739 507 dies
782 461 1063 521 prohibitum
1112 461 1382 506 solemniter
1428 474 1643 520 sponsam
1694 461 1965 515 traducere,

183 545 404 604 nuptialia
438 545 670 590 celebrare
703 544 940 598 convivia,
965 548 1044 588 aut
1067 544 1348 588 saecularem
1386 557 1728 603 quamcumque
1752 558 1966 602 pompam

182 643 332 687 agere.

302 713 402 757 984.
440 713 482 757 2.
511 715 677 756 Votum
711 711 907 768 simplex
940 710 1107 768 duplici
1142 711 1226 755 sub
1267 710 1444 754 ratione
1490 709 1840 754 matrimonium
1885 710 1967 754 im-

182 795 329 854 pedit:
371 796 407 848 l)
436 794 582 854 Siquis
615 799 834 838 consueta
871 794 953 838 tria
991 799 1098 838 vota
1133 793 1355 851 simplicia
1390 793 1436 837 in
1472 793 1837 850 Congregatione
1867 793 1967 837 reli-

181 878 303 936 giosa
340 878 593 936 profitetur,
632 878 703 921 vel
738 877 784 921 in
818 877 977 921 ordine
1012 877 1190 921 formali
1226 891 1310 921 ceu
1347 876 1640 935 praeambula
1675 877 1731 921 ad
1767 880 1873 921 vota
1898 890 1966 921 so-

180 962 366 1007 lemnia.
404 963 446 1019 2)
481 961 627 1021 Siquis
663 961 880 1020 privatim
919 967 1076 1006 votum
1111 962 1295 1005 emittat
1330 962 1400 1005 vel
1439 965 1685 1019 perpetuae
1719 960 1964 1014 castitatis,

184 1046 253 1091 vel
288 1045 592 1104 amplectendi
628 1049 801 1089 statum
837 1045 1116 1102 religiosum,
1155 1046 1226 1089 vel
1260 1044 1535 1102 suscipiendi
1571 1045 1756 1088 ordines
1795 1057 1965 1099 sacros,

182 1128 253 1172 vel
290 1142 379 1172 non
415 1127 635 1172 nubendi.
672 1127 876 1172 Habetur
908 1127 1137 1186 exceptio,
1176 1132 1307 1185 prout
1341 1127 1559 1182 diximus,
1596 1127 1743 1185 quoad
1769 1126 1967 1171 Societa-

181 1214 273 1255 tem
309 1214 425 1266 Iesu,
461 1210 507 1254 in
541 1224 630 1269 qua
664 1210 1048 1268 impedimentum
1086 1211 1179 1255 voti
1226 1209 1452 1255 castitatis
1484 1209 1708 1269 ‘quamxis
1745 1209 1965 1267 simplex,

182 1298 249 1338 est
282 1294 504 1338 dirimens
537 1309 592 1338 ex
628 1293 927 1338 concessione
961 1298 1090 1352 Greg.
1129 1299 1223 1340 jx'lll
1250 1295 1277 1339 ¹.
1324 1298 1479 1353 [taque
1523 1294 1557 1337 si
1591 1293 1693 1352 quis
1725 1293 1876 1352 aliquo
1910 1307 1967 1338 ex

180 1378 313 1423 dictis
348 1378 467 1422 votis
499 1378 770 1433 obstrictus,
805 1378 1237 1437 dispensationeque
1273 1392 1363 1422 non
1398 1379 1604 1433 obtenta,
1642 1378 1826 1435 nuptias
1859 1391 1966 1421 con-

180 1464 364 1518 trahat,
415 1463 619 1521 graviter
665 1469 839 1520 peccat.
890 1466 1056 1507 Votum
1097 1462 1382 1520 ingrediendi
1418 1462 1685 1520 religionem
1722 1463 1793 1506 vel
1827 1462 1967 1506 susci-

184 1545 334 1603 piendi
369 1546 568 1602 ordines,
605 1546 903 1590 matrimonio
939 1560 1017 1604 per
1049 1545 1225 1589 obitum
1259 1546 1423 1600 soluto,
1462 1543 1766 1589 reviviscunt.

300 1630 400 1674 985.
439 1629 692 1674 5.1nscitia
728 1630 1095 1674 rudimentorum
1131 1629 1234 1674 fidei
1268 1629 1423 1684 efficit,
1460 1633 1510 1672 ut
1542 1627 1618 1687 qui
1659 1642 1710 1672 ea
1756 1628 1966 1672 laborant

182 1713 478 1758 matrimonio
512 1713 636 1770 iungi
672 1713 793 1757 licite
828 1727 917 1758 non
956 1712 1145 1770 possint,
1184 1712 1268 1756 nisi
1305 1711 1427 1770 prius
1463 1711 1534 1755 illa
1568 1711 1828 1766 didicerint,
1865 1716 1963 1756 tum

182 1799 232 1838 ut
264 1809 316 1839 ea
350 1794 465 1839 filios
497 1808 602 1839 suos
634 1795 875 1848 edoceant,
912 1799 1011 1838 tum
1046 1798 1097 1837 ut
1129 1808 1315 1838 suarum
1350 1794 1684 1852 obligationum
1718 1794 1889 1839 conscii
1914 1809 1966 1840 ea

182 1877 356 1936 possint
388 1877 593 1935 implere.

300 1961 399 2006 986.
435 1962 475 2005 4.
514 1960 898 2019 {mpedimentum
936 1962 1109 2005 mixtae
1144 1961 1375 2019 religionis
1417 1965 1486 2005 est
1529 1960 1774 2018 prohibitio
1818 1961 1970 2005 Eccle-

181 2043 273 2088 siae
308 2058 365 2088 ne
398 2043 609 2088 catholici
643 2057 749 2088 cum
783 2044 1050 2089 acatholicis
1083 2044 1364 2088 contrahant
1407 2044 1720 2088 matrimonia.
1774 2044 1840 2087 Ab
1882 2044 1963 2087 hu·

182 2124 376 2170 iusmodi
412 2124 719 2169 matrimoniis
756 2126 953 2170 Ecclesia
987 2139 1169 2184 semper
1201 2125 1439 2171 abhorruit
1472 2131 1570 2169 tum
1610 2125 1667 2169 ob
1710 2125 1965 2183 periculum

183 2208 490 2267 perversionis
522 2208 663 2265 partis
695 2208 946 2253 catholicae
979 2213 1025 2252 et
1058 2210 1194 2266 prolis
1227 2223 1417 2266 pravam
1453 2208 1820 2262 institutionem,
1866 2212 1965 2252 tum

182 2294 238 2337 ob
270 2290 742 2336 communicationem
791 2292 1003 2336 catholici
1047 2306 1153 2336 cum
1199 2292 1430 2336 haeretico
1475 2291 1546 2336 vel
1590 2291 1885 2336 schismatico
1920 2290 1965 2335 in

183 2375 317 2418 rebus
347 2373 502 2418 sacris
545 2378 607 2417 Ex
642 2374 770 2431 gravi
804 2388 939 2419 causa
976 2375 1020 2419 in
1057 2375 1316 2420 huiusmodi
1362 2375 1672 2420 matrimoniis
1715 2376 1836 2420 solus
1882 2379 1965 2419 Ro-

183 2470 348 2501 manus
382 2457 591 2500 Pontifex
626 2457 888 2514 dispensare
924 2460 1084 2515 potest.
1133 2462 1268 2502 Porro
1311 2458 1494 2517 quando
1538 2457 1751 2502 catholici
1786 2457 1964 2502 instant

183 2553 263 2597 pro
295 2539 635 2595 dispensatione
667 2539 725 2583 ab
757 2539 1089 2597 impedimento
1125 2540 1299 2585 mixtae
1334 2539 1566 2598 religionis
1588 2541 1642 2584 ad
1669 2539 1967 2584 matrimonia

182 2635 290 2667 cum
323 2621 588 2666 acatholicis
619 2623 951 2678 contrahenda,
986 2623 1256 2668 ordinarius
1289 2624 1445 2668 sedulo
1479 2628 1610 2668 curet
1642 2627 1692 2667 ut
1727 2636 1828 2681 pars
1865 2636 1968 2667 aca-

183 2703 350 2748 tholica
383 2709 697 2749 convertatur.
733 2705 775 2750 si
811 2705 853 2750 id
887 2705 1094 2750 obtinere
1131 2705 1425 2765 nequiverit,
1477 2710 1654 2764 partem
1688 2704 1964 2750 catholicam

182 2788 240 2832 ab
271 2802 325 2833 eo
358 2788 654 2838 matrimonio
687 2788 1002 2833 contrahendo
1035 2789 1316 2834 dehortetur.
1352 2788 1396 2834 Si
1430 2803 1578 2848 neque
1612 2788 1655 2832 id
1691 2788 1858 2846 poterit
1889 2787 1965 2832 ob·

184 2871 363 2926 tinere,
400 2874 511 2915 tunc
559 2870 594 2914 si
630 2871 724 2928 ipse
771 2872 1019 2929 apostolica
1066 2872 1360 2930 dispensandi
1410 2873 1629 2916 facultate
1676 2876 1839 2917 auctus
1880 2871 1964 2926 sit,

305 3057 314 3075 ¹
343 3056 467 3094 Const.
495 3057 713 3093 Ascendente
737 3056 903 3093 Domino.

308 3139 622 3170 ΖιτΕιιι-ὃοιιεῐιι.
649 3157 683 3160 -
709 3138 728 3169 Ι
730 3139 756 3170 1.
1804 3137 1843 3167 12
