2176 3386
779 183 913 212 mnan
942 184 966 211 1.
997 183 1054 211 DE
1083 181 1278 211 emmas
1869 170 1923 209 99

140 292 342 352 pellanos
374 290 614 335 haberent.
653 294 750 335 Iam
787 288 1143 334 constitutiones
1175 302 1201 333 a
1251 286 1471 332 Romanis
1513 286 1810 332 Pontificibus
1841 301 1915 332 an-

138 375 331 435 tiquitus
361 374 409 419 in
451 373 645 419 solemni
689 378 823 418 coetu
868 372 1140 417 Antisti-tum
1190 376 1421 417 Romanae
1467 371 1739 417 Provinciae
1771 376 1819 417 et
1862 387 1922 416 re-

136 458 418 503 centioribus
455 457 648 502 saeculis
681 457 727 500 in
765 455 1038 501 consistorio
1081 455 1390 501 Cardinalium
1433 457 1807 514 comprobantur.
1865 459 1922 501 At

138 541 354 600 rescripta
389 541 621 586 exaranda
646 539 935 598 Cappellanis
954 538 1202 585 Pontificiis
1220 539 1649 593 committebantur,
1671 539 1730 583 ita
1756 554 1830 584 ex.
1851 554 1916 598 gr.

136 631 182 669 et
214 624 458 683 Gregorius
493 628 545 669 {x
582 638 713 668 suam
747 623 1043 668 decretalium
1080 621 1455 680 compilationem
1488 635 1627 681 quam
1661 621 1707 666 in
1731 636 1920 680 corpore

137 707 249 752 iuris
281 707 492 752 canonici
525 707 764 763 habemus,
792 711 832 751 S.
859 706 1132 764 Raymundo
1161 706 1506 751 Pennafortensi
1527 705 1761 751 commisit
1782 722 1919 766 quem

137 805 269 837 suum
305 791 631 849 Cappellanum
667 790 952 835 nominaxit.
991 793 1145 849 ltaque
1179 803 1285 834 cum
1319 789 1468 849 aliqua
1513 789 1672 848 petitio
1713 794 1919 835 Romano

138 874 344 919 Pontifici
389 875 653 929 referretur,
692 887 814 917 nnus
865 888 920 918 ex
971 874 1255 932 (lappellanis
1304 872 1553 918 instantiae
1600 887 1829 918 summam
1873 873 1918 918 in

136 958 343 1016 Cappella
378 971 456 1001 seu
491 957 537 1001 in
572 956 768 1014 collegio
802 957 1179 1015 Cappellanorum
1211 957 1453 1001 referebat.
1494 956 1663 1002 Deinde
1691 957 1921 1003 pontificis

138 1039 349 1084 voluntas
381 1041 724 1098 explorabatur,
762 1054 816 1086 ac
850 1040 1005 1085 habita
1040 1041 1352 1098 responsione,
1390 1041 1502 1086 haec
1545 1041 1588 1085 in
1633 1041 1813 1099 scriptis
1853 1057 1918 1086 re-

134 1122 373 1180 digebatur
404 1129 585 1169 servata
622 1125 768 1169 forma
806 1125 1038 1181 praedicta
1086 1125 1442 1183 rescriptorum,
1482 1125 1683 1184 pluribus
1731 1127 1919 1172 adiectis

134 1210 296 1262 sponte
328 1205 492 1264 quibus
526 1207 800 1263 rescriptum
838 1206 1046 1251 ornatius
1082 1206 1332 1252 videretur.
1372 1209 1441 1253 Nil
1477 1209 1644 1254 mirum
1670 1210 1859 1268 proinde
1882 1210 1917 1254 si

136 1289 355 1333 nonnulla
394 1293 441 1334 R.
483 1289 714 1334 Pontilieis
750 1291 984 1348 rescripta,
1020 1304 1137 1349 qnae
1172 1290 1217 1335 in
1252 1306 1440 1350 corpore
1475 1292 1586 1337 iuris
1618 1294 1919 1338 continentur

135 1372 355 1416 nonnulla
390 1377 610 1417 extranea
648 1373 940 1429 contineant,
980 1375 1051 1419 vel
1087 1375 1240 1420 minus
1272 1374 1326 1420 ad
1354 1381 1526 1420 rectam
1550 1375 1777 1421 rationem
1811 1391 1918 1421 exa-

134 1460 223 1500 cta.
262 1461 383 1501 Haec
414 1457 538 1500 enim
570 1456 821 1501 evidenter
854 1458 1022 1515 scripta
1059 1459 1246 1502 fuerunt
1278 1472 1303 1504 a
1337 1458 1621 1516 Cappellanis
1662 1461 1738 1518 qui
1781 1460 1917 1505 nimis

134 1553 214 1584 suo
250 1539 449 1597 ingenio,
485 1554 689 1600 suaeque
724 1541 962 1586 doctrinae
995 1541 1299 1586 indulserunt.

254 1625 386 1669 Hisce
428 1625 727 1683 cappellanis,
775 1626 839 1669 ait
887 1626 1139 1670 Cardinalis
1186 1628 1240 1671 de
1292 1631 1434 1682 Luca,
1478 1633 1798 1672 successerunt
1839 1627 1915 1687 qui

139 1712 278 1753 Rotae
315 1713 546 1754 Romanae
583 1710 825 1754 Auditores
860 1714 1189 1768 nuncupantur
1224 1711 1252 1753 ¹.
1291 1714 1407 1756 Nam
1444 1712 1744 1769 Cappellanis,
1771 1713 1917 1757 auctis

136 1792 260 1836 Sedis
294 1792 576 1850 Apostol'icae
611 1793 822 1851 negotiis,
859 1794 1009 1852 coepit
1041 1808 1066 1839 a
1091 1797 1162 1839 SS.
1193 1794 1489 1840 Pontificibus
1514 1796 1705 1840 facultas
1727 1797 1915 1841 concedi

134 1875 381 1919 deliniendi
424 1876 630 1933 negotia3
668 1877 855 1921 tandem
907 1881 1099 1922 loannes
1142 1882 1259 1923 XXII
1301 1879 1489 1937 eiusque
1531 1892 1815 1924 successores
1850 1894 1916 1923 re·

135 1957 261 2015 gulas
292 1961 556 2002 statuerunt
589 1958 716 2002 iuxta
754 1972 868 2018 quas
900 1959 1034 2004 abiis
1058 1959 1239 2017 negotia
1264 1960 1538 2005 iudicialiter
1570 1961 1912 2018 expedirentur.

133 2042 314 2084 Cessato
346 2043 502 2084 autem
537 2042 919 2099 cappellanorum
956 2057 1148 2087 munere
1181 2042 1227 2087 in
1265 2044 1511 2088 exarandis
1546 2044 1794 2103 rescriptis,
1830 2045 1916 2089 hoc

135 2135 303 2167 munus
348 2123 488 2167 sacris
520 2124 831 2169 Cardinalium
865 2126 1305 2184 Congregationibns
1337 2127 1665 2172 demandatum
1701 2133 1784 2172 est.
1834 2132 1915 2173 Ve-

135 2220 236 2250 rum
270 2208 512 2266 antiquum
551 2222 648 2253 mos
681 2214 909 2254 servatur.
947 2209 1199 2255 Cardinalis
1232 2212 1496 2256 Praefectus
1527 2212 1581 2256 de
1616 2212 1765 2257 oblata
1804 2213 1914 2270 peti-

134 2290 260 2335 tione
297 2295 501 2336 Romano
539 2290 743 2336 Pontifici
789 2293 954 2350 refert3
1002 2293 1155 2338 habita
1203 2294 1497 2352 responsione
1544 2295 1815 2353 rescriptum
1859 2296 1915 2340 ab

135 2373 401 2419 officialibus
432 2375 805 2432 congregationis
843 2381 1063 2420 exaratur
1106 2377 1232 2421 iuxta
1281 2381 1320 2422 S.
1357 2377 1588 2422 Pontificis
1632 2383 1836 2423 mentem
1870 2384 1915 2423 et

135 2455 263 2501 iuxta
300 2458 494 2502 formam
528 2459 713 2503 allatam
750 2460 1093 2516 rescriptorum.
1136 2465 1197 2505 Ex
1230 2461 1395 2520 quibus
1430 2466 1554 2519 patet
1585 2463 1705 2521 quod
1740 2463 1808 2507 vis
1847 2478 1912 2507 re-

136 2539 289 2598 scripti
325 2543 375 2584 in
407 2541 506 2585 sola
535 2549 673 2598 parte
705 2543 974 2600 dispositiva
1009 2545 1269 2602 reponenda
1293 2551 1377 2600 est,
1415 2550 1511 2590 tum
1535 2547 1642 2605 quia
1666 2546 1712 2590 in
1737 2561 1788 2591 ea
1814 2552 1913 2591 tan-

135 2624 374 2668 tummodo
407 2624 623 2669 voluntas
656 2625 892 2670 Pontificis
927 2627 1265 2682 manifestatur,
1301 2634 1399 2673 tum
1434 2629 1538 2687 quia
1573 2634 1724 2687 partes
1759 2644 1911 2674 narra-

138 2704 248 2761 tiva,
280 2719 333 2750 ac
365 2707 640 2751 exornativa
663 2708 720 2752 ab
744 2708 927 2766 ingemo
951 2723 1186 2755 sacrarum
1210 2713 1625 2770 Congregationum
1650 2713 1911 2758 officialium

135 2789 472 2848 quodammodo
505 2790 783 2850 dependent.
825 2798 899 2838 Est
935 2799 1091 2839 tamen
1124 2795 1199 2840 hic
1234 2797 1488 2840 notandum
1524 2811 1619 2840 rnon
1652 2811 1833 2854 semper
1866 2799 1911 2842 in

137 2871 316 2930 scriptis
348 2879 524 2930 partem
558 2875 884 2921 exornativam
919 2877 1144 2935 inveniri,
1181 2879 1368 2938 insuper
1399 2880 1644 2938 aliquando
1678 2882 1792 2940 parti
1827 2881 1913 2925 dis·

141 2954 361 3012 positivae
393 2957 683 3002 commisceri
720 2960 793 3003 vel
829 2961 967 3005 etiam
1004 2960 1297 3019 dispositivae
1331 2963 1562 3020 praeponi.

259 3088 268 3107 ¹
298 3089 380 3125 Cur.
407 3090 510 3127 Rom.
537 3091 691 3128 discurs.
722 3092 780 3128 52.
