2176 3386
185 180 268 220 354
829 191 940 221 PARS
968 193 992 220 1.
1031 192 1088 220 DE
1117 191 1326 221 pnnsoms

308 297 351 355 5)
385 298 513 351 Quod
547 313 604 343 ex
637 299 770 344 dictis
802 298 1123 359 consequitur,
1161 313 1399 359 perperam
1432 313 1457 344 a
1495 297 1791 345 Febronianis
1827 299 1967 345 asseri

189 395 270 440 per
301 381 590 427 conditiones
624 382 877 440 praedictas
902 386 1144 442 utramque
1169 386 1460 441 potestatem,
1486 381 1771 440 Legislatoris
1792 382 1972 428 scilicet.

188 468 236 509 et
268 464 448 521 Iudicis,
499 466 556 510 ab
610 465 838 524 Episcopis
879 466 1104 524 abrogari,
1155 464 1348 510 concilia
1390 469 1545 510 autem
1593 465 1772 510 inutilia
1821 465 1966 522 effici,

190 547 561 608 quandoquidem
594 549 678 593 sub
710 553 903 608 utraque
937 548 1201 594 conditione
1224 562 1405 607 semper
1427 563 1589 594 verum
1613 553 1699 604 est,
1727 548 1972 607 Episcopos

191 628 679 691 auctoritate‘propria
717 632 838 690 leges
883 646 937 677 ac
984 631 1239 677 sententias
1286 634 1404 677 ferre
1452 646 1506 677 ac
1554 631 1706 677 fideles
1747 631 1964 690 obligare,

191 715 394 775 adeoque
429 729 562 760 veros
595 714 766 760 iudices
799 719 845 759 et
877 715 1157 772 legislatores
1188 728 1318 769 esse3
1362 728 1443 759 sua
1479 729 1587 759 vero
1621 727 1728 758 cum
1763 718 1971 759 Romano

192 797 412 843 Pontifice
446 798 690 843 concordia
725 802 770 842 et
811 811 1037 842 consensu
1082 799 1278 854 efficere,
1330 802 1378 842 ut
1427 797 1590 842 melius
1638 797 1973 855 comprimatur

194 895 443 939 pravorum
478 881 788 936 contumacia,
830 879 1140 940 debiliumque
1187 880 1446 926 infirmitati
1497 880 1795 936 consulatur;
1850 880 1971 924 unde

194 965 438 1009 manifeste
473 964 775 1009 conciliorum
809 963 982 1009 utilitas
1026 978 1079 1009 ac
1124 963 1373 1009 necessitas
1419 967 1622 1022 apparet.
1680 968 1774 1008 [mo
1822 961 1971 1022 quoad

194 1046 390 1106 primam
423 1046 736 1091 conditionem
771 1046 835 1090 rei
870 1046 1096 1091 iudicatae
1130 1046 1176 1090 in
1212 1046 1389 1091 iudiciis
1422 1045 1524 1090 fidei
1573 1044 1846 1100 servandae,
1892 1048 1971 1088 Fe-

193 1129 522 1175 bronianorum
557 1129 748 1174 assertio
782 1144 874 1173 non
914 1130 1046 1174 inodo
1087 1129 1413 1184 ecclesiastico,
1460 1143 1624 1173 verum
1657 1127 1797 1172 etiam
1846 1126 1972 1171 civili

194 1213 291 1258 iure
325 1226 516 1258 erronea
550 1217 618 1257 est
640 1230 648 1269 ;
684 1213 1054 1272 quandoquidem
1079 1214 1238 1258 eadem
1267 1212 1468 1257 conditio
1492 1212 1537 1256 in
1561 1211 1772 1257 civilibus
1792 1225 1973 1270 quoque

194 1296 373 1341 iudiciis
405 1296 579 1341 servari
613 1297 798 1341 debet1.
837 1297 994 1351 Quoad
1027 1298 1219 1341 alteram
1253 1311 1369 1356 quae
1394 1296 1587 1342 Romani
1612 1295 1845 1340 Pontificis
1867 1308 1977 1339 con-

194 1380 504 1426 firmationem
538 1380 697 1438 exigit,
733 1381 923 1425 assertio
950 1380 1339 1426 Febronianorum
1373 1395 1477 1425 cum
1513 1380 1607 1438 ipso
1633 1383 1804 1437 pugnat
1828 1379 1975 1423 febro-

196 1463 335 1508 niano
369 1467 639 1521 systemate,
674 1477 763 1523 quo
797 1464 1036 1520 nimirum,
1074 1465 1179 1509 licet
1212 1479 1290 1523 per
1323 1464 1556 1519 iniurIam‚
1593 1462 1826 1518 statuitur,
1863 1476 1972 1507 exe-

139 1553 144 1558 “
196 1546 430 1592 cntionem
466 1548 632 1592 habere
669 1562 758 1592 non
796 1562 921 1606 posse
960 1550 996 1603 1)
1034 1548 1154 1606 leges
1190 1548 1381 1593 Romani
1419 1546 1653 1592 Rontificis
1686 1547 1854 1605 absque
1882 1547 1973 1604 pla-

196 1630 287 1674 cito
324 1630 676 1689 Episcoporum;
713 1633 753 1686 2)
796 1632 914 1689 leges
952 1631 1207 1689 generatim
1247 1630 1664 1676 ecclesiasticorum
1709 1628 1975 1674 Praesulum

195 1713 365 1771 absque
400 1713 563 1771 placito
598 1713 749 1771 regio,
787 1715 827 1769 5)
864 1715 985 1772 leges
1017 1728 1179 1759 omnes
1212 1714 1309 1758 sive
1343 1711 1673 1758 ecclesiasticas
1695 1711 1792 1756 sive
1816 1710 1978 1755 civiles

195 1795 364 1854 absque
399 1796 548 1854 populi
582 1796 924 1854 acceptatione;
963 1811 1110 1856 neque
1145 1801 1297 1841 tamen
1332 1796 1379 1840 in
1413 1796 1572 1840 eodem
1606 1799 1857 1853 systemate
1881 1794 1974 1838 exi-

196 1879 413 1923 stimatur
443 1879 708 1937 abrogatam
741 1893 838 1924 esse
872 1894 896 1924 a
934 1885 1138 1925 Romano
1162 1880 1398 1935 Pontifice‚
1423 1880 1480 1924 ab
1502 1877 1822 1924 ecclesiasticis
1848 1880 1977 1921 Prae-

195 1962 382 2018 sidibus,
417 1965 474 2007 ab
506 1963 720 2008 omnibus
751 1963 948 2023 denique
975 1963 1257 2022 Principibus
1281 1962 1548 2021 legislatoris
1571 1961 1912 2006 auctoritatem.

315 2048 357 2103 4)
398 2046 549 2091 Minus
581 2046 722 2091 etiam
756 2046 935 2105 proprie
968 2061 992 2091 a
1040 2046 1274 2091 nonnullis
1312 2045 1546 2103 'slleologis
1584 2043 1888 2090 conciliorum
1924 2044 1980 2087 de

198 2130 347 2175 causis
380 2130 480 2175 fidei
516 2130 679 2175 iudicia
715 2130 759 2173 in
794 2130 1021 2186 duplicem
1056 2131 1246 2174 classem
1281 2129 1516 2186 distingui,
1553 2129 1598 2173 in
1635 2127 1800 2173 iudicia
1823 2132 1980 2172 aucto-

199 2213 364 2270 ritatis,
398 2228 515 2272 quae
547 2212 721 2258 scilicet
752 2228 810 2257 ex
845 2213 1009 2258 intimo
1043 2227 1207 2258 causae
1243 2212 1423 2267 merito,
1459 2226 1538 2257 seu
1593 2226 1650 2257 ex
1701 2211 1864 2255 intima
1907 2224 1980 2255 co-

200 2295 405 2355 gnitione
437 2297 744 2352 deducuntur,
779 2301 825 2340 et
860 2296 904 2340 in
938 2296 1103 2341 iudicia
1137 2296 1441 2351 adhaesionis,
1477 2309 1593 2354 quae
1624 2309 1681 2339 ex
1704 2293 1982 2339 auctoritate

199 2380 479 2436 extrinseca,
515 2380 631 2425 idest
662 2394 720 2424 ex
753 2380 1058 2425 antecedente
1095 2395 1140 2424 re
1175 2380 1373 2423 iudicata
1400 2380 1613 2423 feruntur
1637 2379 1683 2431 ²3
1720 2392 1825 2423 cum
1859 2382 1981 2421 utra·

199 2479 288 2525 que
320 2464 512 2510 dicenda
546 2464 639 2509 sint
671 2464 837 2509 iudicia
870 2464 1174 2518 auctoritatis,
1210 2477 1326 2522 quae
1360 2463 1579 2508 nimirum
1615 2461 1888 2507 auctoritate
1913 2460 1980 2505 iu-

201 2547 456 2593 dicantium
474 2550 521 2591 et
538 2548 751 2591 feruntur
772 2550 818 2591 et
839 2545 993 2591 fideles
1015 2546 1239 2603 obligant;
1266 2546 1339 2590 illa
1357 2550 1512 2590 autem
1536 2544 1769 2590 distinctio
1787 2544 1981 2588 confun-

202 2631 280 2675 dat
303 2634 516 2675 naturam
541 2643 594 2674 ac
619 2630 714 2674 vim
742 2629 895 2674 iudicii
921 2643 1025 2675 cum
1050 2629 1364 2674 fundamentis
1386 2628 1550 2688 quibus
1573 2629 1720 2686 ipsum
1744 2626 1976 2671 innititur.

320 2714 422 2758 452.
459 2697 669 2758 Iamvero
702 2713 920 2773 requisita
954 2712 1278 2766 conciliorum,
1314 2716 1366 2757 ut
1398 2711 1600 2769 legitima
1624 2726 1677 2757 ac
1701 2710 1828 2755 firma
1870 2708 1980 2764 sint,

202 2797 406 2857 quinque
442 2798 682 2856 praecipue
718 2800 1047 2851 recensentur,
1085 2795 1322 2840 nimirum:

323 2987 333 3006 ¹
362 2988 401 3025 L.
427 2987 446 3023 1
474 2988 536 3024 Ex
561 2988 691 3034 quibus
715 2988 837 3024 causis
861 2988 1017 3024 maiores
1041 2989 1097 3023 25
1123 2987 1226 3024 annis
1251 2989 1315 3023 etc.

323 3055 336 3074 ²
362 3055 464 3092 Conf.
490 3056 681 3093 ZAccmuA
714 3055 935 3101 Antifebron.
962 3054 1130 3092 vindicat.
1158 3063 1236 3100 cap.
1264 3054 1296 3099 6,
1323 3064 1358 3090 n.
1388 3054 1420 3097 6,
1448 3063 1549 3100 seqq.
