2176 3386
211 196 292 236 340
855 204 964 236 PARS
994 208 1017 236 1.
1054 206 1120 236 οε
1140 206 1353 236 Pssnsoms

212 327 305 358 non
339 314 599 359 deferentes
634 314 838 358 habitum
873 318 920 358 et
953 319 1190 358 tonsuram
1229 313 1471 372 procedere
1503 314 1667 358 debere
1702 318 1802 372 post
1844 314 1991 359 moni-

213 398 365 442 tiones
396 398 517 442 domi
554 397 735 442 relictas
768 398 842 442 vel
874 397 929 441 ad
966 398 1126 442 valvas
1161 397 1386 442 Ecclesiae
1418 396 1593 441 defixas
1623 395 1660 441 si
1693 396 1798 441 alibi
1843 411 1988 441 mora·

216 484 392 535 rentur,
429 481 614 525 interim
651 495 743 526 non
779 483 929 527 facere
972 482 1149 525 fructus
1187 494 1292 525 suos
1333 485 1379 525 et
1423 481 1593 525 deinde
1629 479 1861 526 beneficiis
1905 481 1992 537 pri·

215 564 392 608 vandos
424 578 521 609 6336
557 564 666 608 iuris
699 564 858 608 ordine
883 570 1076 608 servato
1108 581 1117 621 ς
1162 562 1383 608 beneficia
1418 575 1534 623 quae
1569 564 1630 607 ita
1676 567 1844 607 vacant
1893 562 1994 608 Sedi

216 646 502 704 Apostolicae
537 651 848 691 reservantur.
1380 652 1382 654 ’

333 729 436 773 450.
475 733 522 773 ln
559 729 863 774 instructione
898 732 940 772 S.
967 733 1011 774 C.
1039 729 1092 773 de
1128 729 1422 786 Propaganda
1458 728 1562 773 Fide
1590 728 1641 772 18
1663 731 1763 772 Oct.
1794 729 1906 772 1885
1939 727 1994 772 ad

218 805 419 857 Vicarios
443 811 723 870 Apostolicos
746 814 974 869 Synarum
999 810 1244 856 confirmat
1266 825 1380 870 quae
1404 816 1577 856 statuta
1600 816 1709 855 sunt
1740 812 1786 855 iu
1814 825 1912 869 cap.
1941 815 1993 866 X,

215 909 260 940 n.
302 896 354 939 ¹10
389 894 558 952 Synodi
594 893 891 939 Sutcbuensis
926 896 937 918 ²
972 900 1156 939 caetera
1195 895 1457 954 relinquens
1500 895 1709 953 prudenti
1759 894 1996 953 Episcopo-

216 993 316 1023 rum
354 978 559 1033 arbitrio,
597 978 639 1022 id
673 982 855 1022 tantum
889 978 1267 1023 animadvertens
1300 980 1556 1023 curandum
1590 979 1782 1024 omnino
1814 992 1911 1024 esse
1945 984 1996 1023 ut

215 1062 335 1107 circa
374 1066 524 1106 vestes
557 1075 581 1105 a
615 1062 737 1106 clero
780 1061 1061 1106 adhibendas
1105 1067 1237 1106 caute
1283 1062 1553 1120 procedatur
1602 1075 1658 1106 ne
1706 1062 1996 1106 difficultates

216 1145 338 1189 inter
385 1145 644 1190 sacerdotes
693 1146 736 1188 in
780 1144 1050 1203 opportunis
1092 1145 1470 1189 innovationibus
1517 1145 1783 1189 excitentur
1815 1146 1846 1189 ².
1907 1147 1994 1189 An-

216 1243 275 1274 no
299 1230 410 1274 1752
444 1231 499 1273 atl
525 1229 668 1273 Praef.
699 1227 903 1272 Mission.
927 1228 1088 1272 Tbibet
1113 1228 1382 1286 rescriptum
1407 1232 1476 1272 est
1499 1227 1675 1271 licitum
1699 1241 1796 1272 6336
1819 1227 1998 1272 clericis

216 1314 406 1358 induere
442 1317 594 1357 vestes
627 1313 809 1358 laicales
842 1312 877 1356 si
910 1312 1044 1356 aliter
1079 1312 1272 1356 transire
1308 1311 1379 1356 vel
1426 1322 1694 1369 permanere
1748 1325 1839 1356 non
1876 1315 1997 1369 pote-

217 1398 306 1442 rint
344 1397 388 1441 in
428 1397 642 1442 Missione
680 1417 697 1436 ιι
724 1396 915 1454 quando
947 1402 1164 1452 portanto
1197 1396 1266 1452 gylt'
1298 1397 1548 1440 accennati
1581 1397 1870 1439 missionarii
1903 1408 1996 1438 non

212 1494 405 1537 possono
438 1482 503 1523 ivi
533 1482 697 1523 vestire
728 1479 797 1536 qli
828 1479 942 1523 abice·
970 1480 1157 1535 proprii
1187 1478 1312 1523 della
1347 1478 1585 1535 Reliyione
1606 1477 1687 1521 che
1709 1477 1872 1522 hanno
1894 1490 1998 1534 pro-

216 1563 398 1620 fessam,
436 1563 484 1607 la
519 1562 706 1607 Sancitc't
740 1562 789 1605 de·
825 1563 876 1605 N.
916 1564 958 1605 S.
994 1567 1215 1618 permelte
1248 1561 1311 1606 ad
1343 1563 1428 1605 essi
1458 1560 1539 1605 che
1574 1566 1758 1605 vestano
1781 1560 1849 1617 yli
1880 1559 1995 1604 abici

215 1648 381 1702 propri
411 1646 484 1688 del
515 1658 664 1701 paese,
702 1644 782 1689 cloe
814 1644 1046 1688 dormano
1080 1644 1230 1688 anche
1261 1658 1345 1688 con
1378 1646 1477 1698 essi,
1513 1658 1536 1687 6
1576 1642 1766 1701 quando
1788 1642 2000 1699 voyliovno

215 1729 449 1773 celebrare
482 1729 529 1773 la
565 1730 608 1771 S.
650 1731 795 1772 Messa
827 1742 872 1771 se
902 1728 971 1785 yle·
1001 1728 1023 1771 ἑ
1045 1727 1096 1770 ἀί
1115 1740 1264 1784 gyrave
1287 1727 1524 1771 incomodo
1551 1727 1584 1770 il
1609 1727 1818 1770 rivestt're
1840 1724 1999 1768 l'abt‘to

213 1810 337 1854 della
373 1810 611 1867 Reliyz'o‘ne
646 1815 848 1855 mettano
896 1810 965 1867 qli
1010 1810 1125 1854 abici
1167 1812 1296 1854 sacri
1323 1821 1465 1865 sopra
1497 1809 1565 1866 9·ἰὶ
1599 1807 1758 1853 usuali
1777 1807 1791 1830 ⁵
1820 1825 1856 1850 n.
1908 1808 1996 1850 An-

217 1906 276 1936 no
315 1892 425 1936 1785
459 1906 564 1937 cum
597 1891 859 1950 expositum
895 1891 1033 1936 fuerit
1075 1893 1115 1936 S.
1148 1896 1309 1949 Congr.
1352 1895 1537 1949 Propag·
1575 1893 1620 1934 F.
1657 1889 1775 1948 quod
1809 1887 2002 1947 gentiles

217 1975 422 2020 maxime
459 1975 711 2019 abhorrent
749 1989 773 2018 a
811 1974 1013 2018 vestibus
1047 1974 1162 2031 nigri
1198 1974 1378 2029 coloris,
1415 1973 1508 2018 imo
1543 1972 1762 2031 plurimos
1794 1971 2001 2017 christia-

218 2071 325 2101 nam
370 2056 504 2101 sidem
553 2057 848 2115 amplexuros
886 2069 982 2101 esse
1016 2056 1051 2100 si
1090 2061 1218 2114 togae
1251 2056 1340 2101 albi
1374 2055 1538 2101 coloris
1571 2054 1871 2100 missionariis
1905 2069 2002 2112 per-

219 2139 532 2195 mitterentur,
570 2143 610 2183 S.
639 2144 683 2184 C.
725 2139 932 2197 permisit
971 2143 1020 2182 ut
1055 2138 1328 2184 missionarii
1380 2137 1807 2183 vestes'cuiuslibet
1839 2137 2003 2182 coloris

218 2221 277 2265 ibi
311 2221 525 2266 adbibere
550 2227 752 2279 possent,
787 2222 1037 2266 dummodo
1070 2222 1248 2266 nullum
1282 2222 1400 2266 adsit
1432 2223 1686 2279 periculum
1720 2221 2002 2280 superstitio-

218 2299 306 2360 nis,
344 2318 491 2363 neque
524 2304 616 2348 sint
649 2305 831 2361 signum
868 2305 1210 2362 protestationis
1244 2305 1382 2348 falsae
1416 2304 1664 2362 religionis,
1691 2318 1776 2349 nec
1800 2308 1952 2348 vestes
1977 2317 2001 2348 a

219 2388 440 2432 modestia
475 2391 522 2432 et
554 2387 781 2445 gravitate
813 2387 882 2431 sui
910 2387 1113 2431 muneris
1147 2400 1236 2431 non
1272 2387 1565 2431 abhorreant.
1602 2391 1824 2452 Hortatur
1847 2392 2001 2430 tamen

220 2473 260 2515 S.
288 2474 333 2515 C.
366 2475 416 2514 ut
439 2470 551 2515 nihil
576 2470 828 2515 innovetur
853 2470 937 2514 nisi
971 2471 1025 2514 de
1059 2470 1249 2515 consilio
1282 2476 1330 2514 et
1362 2471 1599 2515 communi
1633 2483 1860 2515 consensu
1897 2470 2002 2514 mis-

218 2554 526 2599 sionariorum
577 2558 627 2597 ut
674 2553 1012 2598 concordiaet
1061 2553 1354 2597 uniformitas
1402 2553 1580 2597 nullum
1629 2553 1815 2611 capiant
1865 2552 2003 2597 detri-

222 2642 433 2682 mentum
468 2637 500 2681 ι.
1986 2628 1994 2635 ”

342 2839 350 2857 ¹
382 2839 475 2876 Vide
501 2838 653 2875 Collect.
681 2839 716 2874 S.
744 2839 784 2875 G.
811 2839 922 2884 Prop.
952 2838 992 2873 F.
1023 2847 1108 2884 pag.
1136 2837 1179 2874 91
1209 2838 1248 2874 in
1274 2843 1375 2875 nota.

342 2909 355 2927 ²
382 2909 532 2945 Collect.
562 2909 596 2945 S.
624 2909 663 2945 C.
693 2908 753 2944 Pr.
782 2909 824 2944 F.
851 2919 886 2944 n.
915 2907 1000 2945 258.

342 2980 357 2999 ³
384 2980 534 3017 Collect.
561 2980 596 3016 S.
623 2980 660 3016 C.
688 2980 746 3016 Pr.
774 2979 817 3014 F.
844 2990 879 3016 n.
906 2979 989 3015 279.

341 3050 356 3071 '⁸
383 3050 531 3088 Collect.
559 3051 669 3096 Prop.
697 3051 736 3086 F.
763 3060 799 3087 n.
826 3049 909 3086 518.
