2176 3386
250 173 330 214 246
927 186 1038 216 PARS
1066 187 1106 215 11.
1136 187 1193 215 DE
1222 186 1362 216 minus

249 294 324 351 sit,
345 299 506 340 contra
530 297 678 354 ipsum
703 295 1022 355 interpretatio
1043 295 1253 342 facienda
1275 299 1347 341 est
1371 296 1403 341 ¹.
1447 299 1762 344 [uramentum
1786 298 2028 357 promisso-

250 377 369 423 rium
392 379 512 438 quod
545 379 665 425 circa
700 379 941 425 materiam
974 383 1186 424 versatur
1217 392 1334 439 quae
1357 379 1442 424 sub
1463 379 1575 425 iuris
1597 381 1857 427 communis
1882 381 2028 441 dispo·

251 459 415 506 sitione
439 461 576 519 cadit,
601 462 731 507 iuxta
755 475 1003 507 commune
1035 461 1106 506 ius
1137 461 1468 520 interpretatur
1487 462 1519 508 ².
1558 467 1607 509 In
1625 462 1886 509 iuramento
1911 477 2027 510 sem-

251 557 331 601 per
362 543 565 588 conditio
596 544 951 602 subintelligitur
984 548 1035 588 ut
1066 543 1246 589 salvum
1281 548 1470 590 maneat
1501 544 1587 602 ius,
1622 549 1670 590 et
1701 545 1828 591 salva
1861 546 1921 592 sit
1957 559 2029 592 su-

252 625 443 684 perioris
479 626 731 672 auctoritas
754 627 784 672 ⁸.
835 627 1086 673 [uramenti
1126 626 1373 684 obbligatio
1410 641 1504 672 non
1553 631 1685 686 urget
1719 627 1757 673 si
1787 642 1860 674 res
1891 629 2031 674 fucrit

252 709 515 754 notabiliter
550 715 726 756 mutata
751 710 782 755 ⁸.
822 716 870 756 ln
904 711 1165 756 iuramento
1187 710 1422 769 reciproco
1447 711 1649 757 conditio
1676 711 2030 770 subintelligitur

254 809 274 831 a
301 790 550 837 dummodo
581 793 724 838 altera
754 806 857 852 pars
888 792 1022 838 fidem
1048 793 1306 838 servaverit
1332 812 1371 836 n.
1410 797 1724 839 [uramentum
1748 793 1873 838 enim
1896 799 2029 840 natu-

252 888 350 919 ram
400 875 687 933 obligationis
733 876 960 935 sequitur‚
1010 890 1126 935 quae
1176 876 1261 920 hoc
1310 875 1356 919 in
1405 889 1511 921 casu
1555 889 1660 920 cum
1699 875 1757 920 sit
1797 876 2030 935 reciproca

252 964 416 1004 natur-a
450 972 530 1003 sua
564 959 876 1004 conditionata
911 960 1102 1005 dicenda
1135 964 1204 1004 est
1228 959 1257 1003 ⁵.

2154 1190 2176 1254 NL
2158 1105 2176 1149 Γ.

985 1189 1216 1218 ARTlCULUS
1251 1190 1295 1218 11.

1037 1318 1100 1359 De
1131 1322 1243 1359 volo.

373 1458 498 1502 1154.
540 1461 705 1502 Votum
739 1463 829 1502 est:
865 1460 1106 1515 promissio
1138 1459 1396 1503 deliberata
1428 1462 1544 1503 certi
1575 1461 1682 1503 boni
1714 1459 1918 1503 melioris
1945 1462 2030 1503 Deo

250 1554 356 1584 vere
377 1547 417 1584 ec
440 1541 688 1585 deliberate
721 1542 868 1599 factm
909 1545 973 1585 Ex
995 1555 1083 1600 qua
1107 1541 1373 1587 definitione
1408 1542 1630 1601 sequitur:
1668 1546 1829 1587 votum
1854 1542 2028 1586 nullum

252 1638 349 1670 esse
382 1624 417 1670 si
450 1639 508 1670 ex
542 1640 695 1670 errore
728 1626 801 1670 vel
843 1639 922 1684 per
965 1625 1181 1670 iniuriam
1218 1626 1490 1682 emittatur3
1529 1625 1625 1670 voti
1672 1624 1902 1670 obiectum
1938 1637 2029 1669 non

253 1708 386 1752 modo
420 1708 627 1766 possibile
662 1713 708 1753 et
739 1709 985 1755 honestum
1018 1722 1115 1754 esse
1148 1709 1329 1765 debere,
1355 1709 1432 1754 sed
1456 1714 1502 1754 et
1529 1709 1615 1754 tale
1649 1722 1739 1769 quo
1774 1707 1922 1752 maius
1954 1707 2030 1752 bo-

251 1804 364 1835 num
398 1805 491 1836 non
527 1792 818 1850 impediatur.

374 1875 500 1919 1155.
529 1877 695 1919 Votum
719 1880 789 1920 est
810 1877 952 1930 reale,
978 1876 1049 1921 vel
1071 1876 1331 1933 personale,
1354 1875 1427 1920 vel
1454 1878 1649 1919 mixtum
1670 1874 1821 1933 prouti
1844 1872 2030 1932 promit-

249 1957 361 2001 titur
393 1957 563 2016 aliquid
596 1958 703 2002 dare
738 1958 811 2002 vel
844 1960 994 2003 facere
1030 1958 1100 2003 vel
1134 1962 1383 2017 utrumque
1417 1956 1567 2002 simul.
1607 1959 1775 2002 Votum
1807 1955 1930 2000 aliud
1962 1959 2032 2000 est

250 2046 620 2097 temporaneam,
656 2040 777 2085 aliud
807 2047 1113 2099 perpetuum;
1162 2041 1284 2085 aliud
1332 2054 1621 2097 expressum,
1658 2039 1781 2084 aliud
1819 2040 2026 2092 tacitum,

249 2122 368 2166 aliud
402 2123 729 2178 conditionale,
765 2123 886 2168 aliud
905 2124 1116 2181 poenale,
1141 2123 1262 2168 aliud
1292 2137 1487 2181 parum,
1514 2123 1635 2168 aliud
1673 2123 1882 2179 simplex,
1907 2120 2030 2165 aliud

248 2205 449 2249 solemne
481 2206 733 2250 secundum
767 2207 884 2265 quod
918 2212 1075 2251 actum
1110 2206 1394 2252 conti-arium
1430 2206 1591 2251 reddat
1627 2205 1947 2250 tantummodo
1979 2204 2029 2249 il-

250 2287 426 2332 licitum
454 2289 524 2333 xel
557 2288 695 2333 etiam
719 2288 992 2334 invalidum.
1039 2292 1206 2334 Votum
1241 2289 1428 2334 tandem
1461 2289 1585 2334 aliud
1619 2293 1688 2334 est
1721 2295 2027 2345 reservatum,

249 2371 372 2416 aliud
405 2386 499 2416 non
534 2379 839 2418 reservatum.

375 2456 501 2500 1156.
555 2456 619 2500 Ad
666 2455 990 2513 obligationem
1030 2456 1150 2515 quod
1195 2456 1365 2501 attinet
1396 2469 1513 2516 quac
1553 2470 1609 2500 ex
1645 2459 1754 2500 voto
1796 2454 2030 2499 inducitur

248 2544 450 2590 breviter
482 2549 699 2590 notamus
746 2546 782 2602 1)
810 2545 1007 2590 iudicem
1040 2544 1402 2590 ecclesiasticum
1446 2544 1587 2589 etiam
1622 2543 1670 2588 in
1704 2545 1802 2588 foro
1834 2547 2029 2588 externo

367 2699 378 2719 ¹
407 2700 495 2745 Cap.
520 2698 554 2744 9,
582 2700 618 2736 C.
647 2699 703 2742 22,
731 2709 765 2745 q.
791 2698 826 2736 5.

370 2771 383 2790 '
409 2771 496 2817 Cap.
522 2771 565 2807 21
593 2771 628 2807 h.
656 2777 679 2808 t.
706 2771 744 2807 in
769 2771 1035 2809 Decretalibus.
1061 2771 1237 2808 Clement.
1265 2771 1303 2807 1εὶ
1330 2771 1374 2808 de
1402 2771 1448 2808 V.
1476 2770 1510 2807 S.
1538 2768 1599 2815 (V,
1628 2768 1684 2815 11)
1709 2773 1724 2810 S
1749 2770 1786 2806 in
1808 2770 1952 2816 primis.

369 2840 382 2860 ⁸
407 2841 478 2878 Cir.
504 2851 583 2887 cap.
613 2842 656 2878 15
683 2842 717 2878 h.
744 2847 766 2878 t.
795 2842 832 2877 in
859 2842 1125 2879 Decretalibus.

367 2913 381 2933 ⁸
407 2914 477 2951 Cir.
507 2924 586 2960 cap.
615 2913 661 2950 25
688 2914 723 2950 h.
751 2918 774 2950 t.
803 2914 841 2950 in
867 2914 1135 2951 Decretalibus.

366 2985 379 3005 ¹⁵
406 2985 534 3032 Regul.
563 2985 607 3022 75
633 2986 722 3023 iuris
748 2986 829 3023 libr.
858 2986 900 3028 V,
927 2986 979 3021 tit.
1007 2984 1050 3021 12
1078 2986 1115 3022 in
1141 2985 1192 3022 6⁰.
1219 2984 1288 3022 Cfr.
1316 2994 1394 3030 cap.
1419 2984 1452 3027 5,
1474 2993 1554 3030 cap.
1580 2983 1637 3027 29,
1662 2987 1677 3024 5
1703 2982 1768 3021 ult.
1794 2983 1830 3020 h.
1856 2989 1880 3020 t.
1907 2983 1947 3019 in
1963 2982 2030 3018 De-

247 3055 455 3093 cretalibus.
