2176 3386
962 0 984 4 ‘⁷‘
1021 0 1044 12 ’τ
1069 0 1090 13 “,-
1115 0 1229 30 ‹fv-3:¹⁵0
1260 0 1418 26 (Wfl'ss'q.
1446 14 1483 23 <um
1513 18 1527 27 ‚-

214 163 294 204 402
857 174 967 203 PARS
996 175 1021 203 1.
1059 175 1131 203 DE·
1147 174 1358 203 PERSONIS

882 377 1189 431 TITULUS
1241 377 1328 429 III.

525 506 603 558 De
644 505 908 579 Colleqiis
949 506 1178 560 Ordinis
1221 505 1685 560 Administrativi.

335 651 435 695 515.
485 650 549 695 Ad
600 664 695 694 rem
745 649 1102 694 ecclesiasticam
1146 649 1559 694 administrandam
1598 663 1690 694 non
1731 650 1866 695 modo
1912 654 1999 695 Ro-

215 747 379 778 manus
413 734 643 789 Pontifex,
678 735 755 777 sed
789 733 929 777 etiam
966 731 1187 790 Episcopi,
1216 731 1553 790 Archiepiscopi
1577 737 1664 777 etc.
1701 733 1886 792 collegia
1915 746 1997 778 seu

212 817 597 875 Congregationes
630 815 911 861 constituere
943 817 1112 870 solent,
1148 815 1312 874 quibus
1345 817 1633 874 negotiorum
1666 816 1994 861 ecclesiastico-

212 914 314 944 rum
349 899 692 958 expeditionem
740 899 1056 944 committunt.
1104 904 1225 944 Haec
1258 899 1444 957 collegia
1492 913 1571 944 seu
1612 900 2002 958 Congregationes.

211 983 392 1029 Curiam
427 983 786 1028 ecclesiasticam
820 982 1080 1028 efformant.
1107 983 1267 1043 Curiae
1301 998 1470 1028 nomen
1490 998 1514 1028 a
1538 984 1834 1029 celeberrima
1868 984 1997 1028 curia

212 1080 428 1111 romanae
464 1065 736 1124 reipublicae
771 1069 1034 1109 mutuatum
1068 1069 1151 1122 est,
1177 1079 1292 1125 quae
1315 1066 1482 1124 duplex
1518 1066 1619 1121 fuit,
1649 1067 1791 1110 altera
1826 1079 1995 1123 nempe

215 1162 294 1206 pro
327 1148 522 1206 negotiis
557 1147 790 1205 religiosis,
816 1149 957 1192 altera
993 1161 1072 1206 pro
1106 1147 1299 1205 negotiis
1334 1148 1542 1206 politicae
1579 1147 1998 1194 administrationis

213 1231 437 1287 gerendis.
489 1235 562 1275 Est
585 1231 723 1289 igitur
756 1231 885 1275 nohis
908 1235 1007 1275 tum
1041 1231 1095 1275 ‹le
1118 1230 1250 1276 Curia
1278 1235 1481 1276 Romana
1507 1236 1602 1276 tum
1626 1232 1679 1275 de
1704 1231 1848 1276 Curiis
1870 1231 1993 1276 dioe-

212 1315 391 1360 cesanis
422 1315 667 1373 agendum.

983 1493 1162 1538 CAPUT
1186 1497 1218 1537 Ι.

866 1616 927 1651 DE
955 1615 1158 1652 ROMANA
1186 1615 1342 1652 CURlA.

331 1722 430 1767 514.
469 1720 551 1765 Hic
584 1720 761 1778 agimus
783 1721 838 1765 de
860 1720 993 1766 Curia
1021 1721 1213 1765 Romani
1242 1720 1488 1776 pontificis,
1512 1725 1740 1780 quatenus
1777 1725 1825 1766 R.
1854 1725 1897 1765 P.
1925 1724 1997 1765 est

209 1807 353 1862 Caput
387 1804 526 1848 totius
563 1803 802 1848 Ecclesiae.

328 1890 505 1931 Nomen
541 1886 701 1931 Curiae
735 1885 961 1930 sumimus
994 1886 1153 1930 stricto
1187 1899 1340 1940 sensu,
1377 1888 1422 1930 et
1456 1886 1528 1930 illa
1564 1900 1755 1931 munera
1789 1900 1996 1945 compre-

209 1968 454 2014 hendimus
487 1983 604 2028 quae
637 1968 910 2013 ordinantur
948 1969 1003 2013 ad
1037 1969 1345 2013 exercendam
1388 1968 1749 2013 iurisdictionem
1800 1974 1989 2014 conten-

206 2053 370 2099 tiosam
405 2054 477 2099 vel
513 2053 840 2108 voluntariam,
881 2054 951 2098 vel
986 2054 1040 2098 ad
1076 2054 1382 2098 exercendam
1419 2057 1692 2112 potestatem
1719 2053 1896 2112 proprie
1913 2068 1995 2098 ex-

206 2136 441 2182 ecutivam
475 2150 553 2181 seu
587 2135 1033 2181 administrativam:
1069 2136 1181 2180 adeo
1216 2140 1266 2180 ut
1288 2136 1419 2182 Curia
1454 2140 1656 2182 Romana
1690 2137 1921 2181 dividatur
1944 2137 1990 2182 in

211 2218 396 2278 Officia,
428 2219 722 2274 Tribunalia,
754 2220 1156 2276 Conyreyationes.
1197 2219 1260 2263 Ad
1283 2219 1439 2263 Officia
1464 2219 1618 2264 curiae
1643 2219 1841 2277 pertinet
1869 2224 1992 2264 acto·

206 2317 309 2348 rum
344 2307 394 2348 R.
427 2302 660 2347 Pontificis
693 2301 1016 2347 executionem
1059 2316 1237 2358 curare,
1281 2302 1337 2346 ad
1379 2302 1638 2347 Tribunalia
1679 2302 1993 2348 iurisdictione

205 2385 493 2431 contentiosa
528 2386 597 2430 ius
629 2384 796 2439 dicere,
830 2386 886 2429 ad
910 2386 950 2428 S.
978 2385 1362 2442 Congregationes
1395 2385 1515 2442 leges
1536 2386 1651 2430 latas
1674 2384 1901 2443 applicare
1924 2390 1994 2430 at-

205 2482 293 2528 que
341 2467 676 2527 interpretare,
729 2468 800 2512 vel
848 2468 987 2512 etiam
1031 2467 1133 2511 lites
1171 2467 1385 2525 expedire
1426 2471 1654 2527 quatenus
1703 2467 1816 2513 istae
1864 2468 1989 2513 viam

211 2551 509 2610 praepediant
540 2551 691 2608 legum
725 2550 1018 2609 applicationi
1054 2551 1084 2595 ¹.

265 2620 267 2622 ¹
327 2634 426 2679 515.
481 2633 743 2693 Antiquitus
791 2648 870 2691 pro
918 2633 1112 2691 negotiis
1160 2633 1480 2679 ecclesiasticis
1520 2633 1757 2692 explendis
1796 2633 1988 2678 Romani

206 2715 450 2761 Pontifices
484 2730 619 2773 opera
654 2719 903 2760 utebantur
926 2719 970 2759 et
991 2716 1297 2761 Conciliorum
1331 2720 1376 2761 et
1400 2716 1667 2775 praesertim
1692 2715 1991 2775 praesbyterii

209 2797 403 2843 Romani
438 2812 580 2857 usque
614 2799 722 2842 dnm
756 2798 1050 2844 cardinalitia
1075 2798 1299 2856 dignitate
1322 2799 1588 2854 constituta,
1613 2798 1876 2844 Cardinales
1910 2802 1992 2843 Ro-

208 2880 333 2926 mani
367 2881 599 2926 Pontificis
632 2885 850 2927 Senatum
877 2882 1241 2926 efformaverunt
1275 2882 1405 2927 cuius
1427 2896 1564 2942 opera
1589 2886 1639 2927 R.
1663 2881 1872 2927 Pontifex
1896 2885 1995 2927 ute-

324 3035 335 3055 ¹
364 3035 435 3072 Cfr.
462 3036 565 3072 LEGA
593 3036 867 3073 praelectiones
895 3036 958 3073 lib.
988 3036 1020 3079 1,
1046 3035 1183 3072 volum.
1207 3035 1258 3072 2⁰.
