2176 3386
224 215 300 256 166
892 228 1001 257 PARS
1031 229 1071 257 11.
1107 229 1163 257 DE
1193 229 1331 258 minus

340 332 442 377 948.
482 337 618 377 Porro
652 332 698 377 in
732 347 822 392 quo
855 333 996 391 gradu
1029 333 1233 378 affinitas
1273 333 1622 380 matrimonium
1666 335 1885 392 dirimat,
1934 349 2002 382 se-

219 428 367 474 quens
398 415 579 460 docebit
612 415 875 460 distinctio:
917 417 955 471 l)
993 415 1034 459 Si
1069 415 1272 461 affinitas
1304 420 1454 461 estex
1476 417 1637 475 copula
1661 417 1801 473 licita,
1830 417 2006 464 dirimit

225 498 577 543 matrimonium
612 501 832 556 perpetuo
866 499 911 542 in
946 497 1066 542 linea
1093 503 1216 542 recta
1248 502 1294 542 et
1328 511 1469 558 usque
1492 499 1549 543 ad
1574 503 1789 558 quartum
1813 501 2002 558 gradum
2030 539 2032 542 .

223 580 447 627 inclusive
482 581 526 625 in
562 581 682 626 linea
716 585 1006 638 transversa;
1043 582 1085 639 2)
1119 581 1154 626 si
1189 595 1247 626 ex
1281 581 1456 638 illicita,
1493 581 1539 626 in
1565 582 1711 640 primo
1733 587 1780 627 et
1801 583 2004 628 secundo

222 668 407 709 tantum
441 664 597 722 gradu.

341 747 443 791 949.
480 747 638 801 Quoad
670 746 1082 804 computationem,
1118 748 1283 804 gradus
1315 750 1361 791 et
1394 746 1542 791 lineae
1575 747 1818 792 affinitatis
1845 749 2005 793 eodem

223 834 554 887 computantur
586 829 721 874 modo
754 844 807 874 ac
841 830 887 874 in
922 828 1342 888 consanguinitate,
1378 833 1424 874 et
1456 828 1502 873 in
1536 844 1591 874 eo
1623 831 1763 888 gradu
1804 831 1907 890 quis
1937 835 2008 876 est

223 913 373 958 affinis
405 913 563 958 uxoris
595 913 639 956 iu
675 927 764 972 quo
797 913 937 970 gradu
971 912 1341 971 consanguineus
1373 917 1443 957 est
1474 913 1656 968 mariti,
1701 918 1748 958 et
1781 913 2002 959 vicissim.

225 1000 281 1042 Ut
303 998 681 1054 consanguinitas
704 997 935 1041 interdum
962 996 1202 1055 multiplex
1226 1002 1310 1052 est,
1334 998 1393 1042 ita
1418 997 1632 1053 affinitas3
1660 998 1771 1042 haec
1790 998 2004 1056 multipli-

224 1081 340 1126 citas
371 1085 528 1125 tamen
549 1094 642 1125 non
668 1079 902 1124 inducitur
926 1095 1004 1138 per
1024 1080 1315 1125 iterationem
1339 1081 1527 1139 copulae
1550 1080 1703 1126 licitae
1722 1082 1794 1125 vel
1819 1080 2008 1125 illicitae

225 1178 328 1208 cum
364 1164 525 1208 eadem
562 1177 772 1222 persona,
808 1164 885 1208 sed
917 1163 1087 1208 oritur:
1128 1165 1165 1219 1)
1193 1178 1251 1208 ex
1275 1164 1435 1219 copula
1467 1163 1620 1208 habita
1654 1177 1759 1208 cum
1791 1164 2010 1220 pluribus

224 1247 448 1305 comparti
474 1246 853 1304 consanguineis,
890 1248 931 1301 2>
959 1262 1016 1291 ex
1040 1247 1198 1306 copula
1224 1246 1378 1291 habita
1402 1261 1507 1292 cum
1527 1260 1721 1306 persona
1741 1247 2009 1303 multiplici-

225 1337 295 1375 ter
316 1330 660 1387 consanguinea
683 1330 933 1388 comparti3
971 1331 1013 1386 5)
1038 1329 1415 1387 multiplicabitur
1437 1343 1542 1374 cum
1579 1335 1780 1388 utraque
1793 1342 1910 1386 pars
1941 1342 2011 1373 co-

226 1415 379 1472 pulam
405 1414 563 1458 babuit
582 1427 689 1458 cum
711 1426 902 1471 persona
922 1413 1144 1471 comparti
1171 1411 1540 1470 consanguinem
1567 1413 1610 1467 4)
1638 1416 1683 1456 et
1700 1411 1882 1471 quando
1902 1425 2010 1456 cum

226 1512 418 1558 persona
453 1497 676 1556 comparti
711 1498 1052 1555 consanguinea
1078 1497 1232 1541 habita
1258 1497 1343 1541 fuit
1365 1497 1526 1555 copula
1550 1500 1647 1540 tum
1673 1496 1799 1540 licita
1823 1500 1922 1539 tum
1956 1495 2009 1539 il-

225 1581 369 1626 licita.
402 1584 638 1625 Praeterea
664 1579 997 1638 multiplicatur
1018 1579 1237 1634 affinitas,
1258 1579 1293 1623 si
1315 1579 1463 1637 plures
1486 1593 1543 1623 ex
1570 1577 1622 1622 iis
1645 1577 1795 1622 causis
1817 1590 2011 1621 concur-

226 1668 345 1708 rant.
386 1668 431 1707 ln
451 1668 611 1722 quarta
637 1667 791 1707 autem
813 1661 1055 1721 hypothesi
1081 1662 1213 1707 hodie
1241 1676 1332 1707 non
1358 1660 1608 1721 requiritur
1630 1659 1861 1718 expressio
1897 1659 2010 1703 mul-

227 1746 482 1805 tiplicitatis
516 1746 560 1790 in
595 1759 720 1802 casu,
756 1760 845 1805 quo
884 1750 992 1790 ante
1019 1745 1367 1790 matrimonium
1394 1743 1554 1802 copula
1597 1743 1751 1788 habita
1786 1741 1872 1786 fuit
1905 1755 2010 1787 cum

226 1829 442 1874 defuncta
478 1834 730 1888 comparte,
761 1843 867 1873 cum
891 1843 979 1887 qua
1003 1827 1107 1872 dein
1133 1828 1220 1872 fuit
1241 1831 1615 1872 consummatum
1643 1824 2010 1869 matrimonium.

346 1914 448 1958 950.
485 1912 600 1966 Quid
636 1926 762 1967 vero,
798 1911 833 1955 si
867 1910 1071 1955 affinitas
1101 1910 1401 1969 superx'eniat
1437 1906 1732 1953 matrimonio
1766 1906 1857 1951 iam
1902 1904 2008 1962 legi·
2137 1937 2155 1961 .,

228 1996 340 2040 time
374 1995 649 2039 contracto?
683 1998 731 2038 [n
766 1994 852 2038 hoc
885 2006 991 2037 casu
1026 1992 1297 2051 delinquens
1339 1991 1549 2036 subditur
1591 1988 1775 2047 speciali
1816 2002 2008 2046 poenae,

228 2079 450 2124 nimirum
484 2079 646 2137 nequit
679 2082 832 2136 petere
865 2077 1070 2121 debitum
1104 2074 1463 2130 matrimoniale,
1487 2073 1671 2134 quando
1694 2072 1903 2131 copulam
1927 2072 2006 2115 ba-

228 2162 327 2206 buit
359 2175 463 2206 cum
500 2173 692 2218 persona
741 2159 966 2217 comparti
1014 2158 1354 2215 consanguinea
1401 2158 1448 2202 in
1495 2155 1643 2215 primo
1694 2155 1767 2200 vel
1812 2154 2014 2199 secundo

228 2246 385 2303 gradu.
423 2249 543 2289 Haec
576 2248 731 2288 autem
766 2257 912 2302 poena
947 2257 1040 2287 non
1074 2242 1343 2297 incurritur,
1378 2241 1414 2286 si
1448 2241 1608 2299 copula
1643 2239 1902 2284 incestuosa
1930 2239 2007 2283 ha-

230 2329 323 2373 bita
357 2328 414 2372 sit
448 2329 521 2373 vel
557 2342 635 2386 per
668 2327 782 2382 vim,
821 2327 891 2370 vel
925 2340 983 2370 ex
1018 2330 1145 2370 metu
1177 2325 1323 2384 gravi,
1361 2325 1434 2369 vel
1480 2338 1535 2368 ex
1580 2322 1838 2381 ignorantia
1878 2321 2004 2376 facti,

230 2417 277 2458 et
310 2411 587 2471 probabilius
618 2425 676 2455 ex
710 2409 970 2468 ignorantia
1005 2409 1113 2467 legis
1145 2413 1191 2452 et
1222 2422 1397 2467 poenae
1422 2409 1454 2452 ¹.

349 2496 449 2539 951.
488 2493 734 2548 Quaeritur
765 2493 963 2551 denique
996 2492 1052 2536 ad
1084 2506 1220 2551 quem
1256 2491 1445 2549 gradum
1481 2503 1528 2534 se
1560 2489 1783 2534 extendat
1822 2485 2010 2545 impedi-

234 2583 443 2623 mentum
478 2577 719 2622 affinitatis
751 2591 809 2621 ex
845 2574 1141 2620 matrimonio
1188 2578 1512 2619 consummato
1559 2570 1797 2616 invalido?
1845 2568 2009 2614 Variae

233 2661 319 2707 hac
353 2661 397 2706 in
433 2675 480 2705 re
513 2660 754 2719 opiniones
785 2664 918 2716 sunt,
971 2657 1080 2703 hinc
1127 2670 1234 2702 casu
1283 2658 1554 2701 occurrente
1605 2655 1722 2699 ultra
1754 2651 2009 2698 secundum

232 2745 442 2803 gradum,
481 2743 736 2801 Apostolica
770 2742 906 2787 Sedes
936 2740 1217 2786 consulenda
1258 2744 1344 2785 est.
1390 2737 1671 2784 Probabilior
1713 2735 1897 2781 videtur
1936 2734 2010 2779 illa

230 2826 481 2881 sententia,
516 2839 632 2885 quae
665 2824 827 2870 asserit
858 2824 913 2869 ad
946 2827 1162 2883 quartum
1197 2821 1423 2867 inclusive
1455 2820 1645 2879 gradum
1679 2817 1866 2863 extendi
1902 2815 1934 2861 ².

354 2980 363 2998 ¹
393 2979 428 3016 S.
456 2979 574 3015 Auru.
600 2989 636 3016 n.
665 2978 769 3016 1074.

352 3051 364 3070 ²
391 3051 426 3088 S.
453 3051 490 3087 C.
518 3051 555 3087 C.
582 3051 620 3087 in
646 3051 809 3087 Brixien.
831 3050 942 3086 Matr.
970 3049 991 3085 5
1017 3049 1096 3085 dec.
1125 3047 1232 3091 16673
1259 3047 1302 3083 ct.
1330 3047 1465 3084 Bened.
1493 3046 1578 3083 XIV
1605 3046 1644 3082 in
1674 3046 1827 3082 Dissert.
1863 3047 2016 3081 exarata

230 3122 254 3158 5
271 3122 354 3159 dec.
373 3121 480 3159 1722.
