2176 3386
1200 7 1202 10 ’
1251 0 1258 16 ’·
1315 8 1318 12 ·
1385 0 1466 24 vr·
1480 0 2176 207 Ἐ”ΨἯΨὛἯΨὟΝ-ἿἻ

250 180 310 220 30
930 193 1038 221 PARS
1070 194 1111 221 11.
1150 194 1205 221 DE
1237 194 1374 222 nrzssus
2163 171 2176 220 ‚⁴

251 298 423 342 adsunt
457 298 573 343 duae
609 300 679 343 vel
716 304 805 343 tres
834 303 883 349 ret
913 299 991 343 vix
1025 302 1222 358 quatuor
1255 299 1593 357 praedictarum
1626 302 2042 360 Congregationum

257 385 459 438 Sorores,
496 383 749 441 puellarum
783 382 1045 427 educationi
1082 382 1404 438 inservientes,
1439 396 1555 442 quae
1591 398 1681 428 non
1711 385 1884 430 habent
1905 387 2041 431 sacel-

255 466 354 510 lum
390 466 640 524 privatum,
677 465 751 510 sed
787 465 1028 510 ecclesiam
1063 464 1369 523 parochialem
1403 465 1522 510 sicut
1554 467 1694 511 ceteri
1730 468 2042 527 frequentant,

256 549 427 594 ibidem
464 549 628 596 Missae
661 555 706 594 et
738 549 933 594 caeteris
967 548 1125 594 officiis
1157 549 1439 604 assistentes,
1477 551 1772 595 Sacramenta
1807 555 1903 595 tum
1941 555 2043 597 Poe-

263 634 502 689 nitentiae,
539 638 637 677 tum
677 632 986 677 Eucharistiae
1020 632 1309 691 recipientes,
1337 638 1424 678 etc.
1461 634 1690 692 quomodo
1723 635 1769 679 in
1805 635 1873 679 his
1904 635 2042 693 appli-

256 717 405 763 canda
443 731 533 762 vox
569 717 665 772 illa,
701 717 1047 773 capitulariter.
1098 717 1140 770 4)
1182 719 1324 761 Voces
1359 716 1460 760 illae
1500 719 1711 770 omnium
1751 718 1849 775 piae
1882 718 2044 763 domus

253 815 474 845 sororum
507 813 754 844 consensus
785 799 1015 843 debentne
1051 799 1238 857 intelligi
1273 800 1327 844 de
1361 800 1668 845 unanimitate
1701 802 1933 858 absoluta,
1970 804 2040 847 vel

262 888 445 927 tantum
483 882 673 927 morali‘?
705 908 731 915 -
757 887 848 927 [am
875 896 984 926 vero
1007 883 1167 927 eadem
1202 886 1241 927 S.
1268 882 1566 941 Congregatio
1592 884 1851 943 respondit:
1891 905 1909 925 a
1939 885 2000 930 Ad
2024 887 2040 930 l

264 967 581 1024 intelligendas
614 980 711 1011 esse
743 979 819 1010 eas
851 970 1035 1009 tantum
1069 979 1272 1020 sorores,
1317 980 1432 1024 quae
1465 965 1694 1010 ordinarie
1738 967 1937 1023 capitul»
1978 967 2046 1012 in-

260 1054 459 1094 tersunt.
498 1049 561 1093 Ad
596 1051 620 1093 ‘2
655 1048 1002 1106 intelligendum
1031 1061 1128 1092 esse
1161 1050 1214 1093 de
1241 1048 1292 1092 iis
1315 1048 1544 1092 sororibus
1577 1063 1693 1108 quae
1718 1051 1945 1108 praefatas
1967 1050 2042 1094 do-

265 1147 361 1177 mos
395 1132 657 1177 inhabitant
692 1137 788 1175 tum
812 1145 917 1175 cum
945 1131 1196 1176 triennium
1220 1131 1486 1176 confessarii
1511 1133 1783 1190 completur,
1811 1138 1856 1176 et
1882 1147 2042 1178 vocem

263 1217 436 1261 habent
470 1216 512 1260 in
550 1215 763 1274 capitulo.
824 1216 886 1260 Ad
920 1216 945 1259 5
978 1229 1156 1262 sorores
1193 1215 1247 1260 de
1281 1216 1443 1275 quibus
1475 1216 1625 1273 agitur
1658 1230 1786 1275 posse
1833 1232 2044 1275 peragere

258 1305 394 1344 extra
439 1300 559 1358 piam
609 1299 835 1357 propriam
876 1299 1064 1343 domum
1107 1299 1489 1343 sacramentalem
1534 1300 1872 1344 confessionem
1909 1314 2047 1358 penes

261 1397 603 1443 quemcumque
635 1381 971 1427 confessarium
1006 1382 1063 1425 ab
1084 1381 1324 1426 Ordinario
1357 1382 1674 1440 approbatum.
1717 1383 1775 1427 Ad
1801 1384 1827 1427 4
1849 1384 2043 1427 affirma-

264 1467 359 1510 tixe
393 1466 448 1511 ad
483 1466 675 1524 primam
712 1470 906 1524 partem,
944 1465 1157 1522 negative
1190 1466 1244 1510 ad
1279 1465 1530 1510 secundam
1558 1485 1594 1511 n.

386 1551 486 1594 765.
527 1549 728 1607 Episcopi
761 1548 928 1608 aliique
963 1547 1348 1593 monasteriorum
1381 1548 1570 1593 Praelati
1603 1548 1819 1593 subiectis
1843 1548 1926 1592 sibi
1952 1552 2046 1592 Mo·

266 1633 462 1676 nialibus
496 1636 675 1690 praeter
707 1631 1009 1682 ordinarium,
1045 1631 1461 1676 extraordinarium
1496 1630 1833 1676 Confessarium
1869 1631 1936 1675 bis
1969 1636 2048 1675 aut
2100 1662 2103 1665 -

266 1722 336 1760 ter
362 1716 404 1759 in
427 1729 550 1760 anno
570 1714 787 1759 exhibere
814 1719 1031 1759 tenentur
1064 1715 1191 1759 iuxta
1222 1719 1461 1759 Decretum
1486 1716 1622 1759 Cone.
1650 1710 1777 1758 frid.
1795 1726 1903 1758 sess.
1931 1717 2047 1757 XXV

263 1799 322 1842 de
357 1802 466 1855 Rey.
503 1812 543 1842 c.
579 1802 629 1841 Χ.
686 1803 781 1842 Hoc
814 1803 970 1842 autem
1008 1803 1248 1842 Decretum
1283 1797 1565 1842 declaratum
1598 1800 1644 1840 et
1675 1795 1945 1854 ampliatum
1980 1800 2048 1839 est

261 1896 292 1926 aa
330 1882 571 1927 Benedicto
599 1883 694 1926 Ix'lV
721 1881 731 1903 ¹
765 1881 1069 1925 decernente:
1110 1882 1147 1936 t)
1174 1882 1511 1925 Cont'essarium
1536 1878 1953 1924 extraordinarium
1983 1883 2047 1922 te-

268 1965 366 2010 neri
400 1965 556 2010 audire
596 1964 805 2009 omnium
842 1964 1109 2008 monialium
1152 1964 1438 2022 aliarumque
1481 1962 1526 2006 in
1563 1961 1842 2006 monasterio
1879 1960 2043 2018 degen-

269 2049 383 2093 tium
418 2049 756 2103 confessiones,
794 2047 890 2092 illas
922 2051 1078 2091 autem
1111 2047 1167 2091 ad
1202 2046 1242 2090 id
1279 2060 1369 2090 non
1404 2045 1600 2099 arctari,
1645 2044 1723 2088 sed
1755 2043 1918 2088 debere
1954 2048 2051 2087 tan-

270 2137 367 2176 tum
402 2147 556 2177 coram
593 2131 666 2177 illo
698 2145 745 2176 se
778 2131 956 2186 sistere,
991 2131 1154 2175 saltem
1188 2130 1243 2174 ad
1276 2130 1493 2175 salutaria
1518 2128 1710 2183 monita,
1747 2116 1885 2172 etiam
1919 2133 2050 2173 extra

263 2218 606 2262 confessionem
642 2216 938 2273 excipienda;
976 2214 1109 2274 idque
1142 2214 1197 2259 ad
1233 2215 1453 2259 tollendas
1476 2213 1758 2273 suspiciones
1790 2218 1836 2258 et
1868 2213 2047 2258 oblocu-

268 2298 419 2343 tiones
451 2298 581 2344 iuxta
615 2299 851 2342 decretum
887 2297 1143 2343 innocentii
1179 2301 1247 2341 Xl.
1283 2301 1411 2342 Hanc
1448 2310 1555 2340 vero
1589 2293 1943 2341 extraordinarii
1977 2293 2051 2337 de-

272 2380 558 2439 putationem
597 2382 694 2425 vult
727 2380 999 2425 Benedictus
1032 2379 1219 2424 extendi
1265 2379 1320 2424 ad
1354 2392 1515 2423 omnes
1559 2379 1802 2424 mulierum
1847 2389 2052 2421 commu-

272 2463 468 2519 nitates,
518 2477 634 2523 quae
677 2477 822 2508 unum
870 2462 1151 2508 ordinarium
1199 2462 1462 2506 ministrum
1509 2460 1819 2519 poenitentiae
1865 2459 2049 2504 babent.

266 2551 470 2606 ,2)1111116
505 2549 772 2606 regulariter
804 2547 1119 2607 deputandum
1152 2560 1248 2592 esse
1281 2546 1338 2591 ab
1370 2561 1440 2602 eo,
1475 2545 1530 2590 ad
1563 2559 1700 2605 quem
1723 2547 1900 2603 spectat
1932 2541 2050 2587 ordi·

274 2631 388 2676 narii
422 2631 687 2676 confessarii
721 2631 884 2677 electio
917 2636 964 2676 et
994 2631 1243 2690 deputatio.
1281 2632 1322 2686 5)
1351 2631 1392 2675 Si
1421 2629 1666 2688 Episcopus
1691 2627 1943 2686 neglexerit
1975 2640 2053 2671 ex-

276 2713 631 2759 traordinarium
664 2715 900 2772 deputare,
937 2714 1248 2773 deputandum
1283 2726 1380 2757 esse
1413 2726 1437 2756 a
1460 2710 1686 2757 Cardinali
1712 2709 1873 2755 maiori
1896 2708 2054 2767 poeni-

269 2797 505 2853 tentiario,
540 2797 576 2842 si
611 2797 854 2856 requisitus
887 2796 1026 2841 fuerit
1056 2811 1081 2841 a
1116 2795 1415 2849 Monialibus,
1450 2808 1508 2839 ex
1541 2792 1804 2852 approbatis
1839 2796 1994 2835 tamen
2026 2804 2051 2834 a
2142 2855 2144 2857 ι

272 2881 479 2925 locorum
497 2880 751 2926 ordinariis
775 2895 852 2939 pro
875 2880 1157 2939 excipiendis
1176 2878 1446 2924 monialium
1464 2875 1843 2923 confessionibus.
1881 2874 1923 2919 Si
1942 2887 2052 2919 vero
2134 2867 2157 2938 ¹¹

396 3061 401 3078 ¹
433 3059 557 3097 Const.
587 3061 783 3097 Pastoralis
807 3061 829 3097 5
856 3070 943 3107 aug.
979 3061 1080 3098 1748.
