2176 3386
248 173 323 211 122
917 184 1026 213 PARS
1055 185 1096 213 11.
1131 185 1188 213 DE
1218 185 1356 214 REBUS

246 289 408 346 monii,
444 291 547 335 licet
583 291 643 335 sit
673 290 820 349 turpis
853 295 933 335 aut
964 291 1105 336 etiam
1139 291 1455 349 impossibilis,
1491 307 1571 350 pro
1604 306 1697 338 non
1734 293 1911 339 adiecta
1944 294 2022 340 ha-

246 371 396 427 hetur,
431 375 479 417 et
511 373 715 418 validum
748 377 819 418 est
851 373 1216 419 matrimonium.

367 455 467 501 858.
507 457 770 501 Notandum
804 461 873 501 est
906 456 1219 512 matrimonia,
1255 471 1449 516 quorum
1486 457 1673 503 nullitas
1705 458 1751 502 in
1785 459 1882 503 t'oro
1916 472 2024 504 con-

242 538 465 584 scientiae
498 539 806 597 cognoscitur,
842 539 919 584 sed
953 553 1045 584 non
1080 543 1229 597 potest
1261 539 1307 584 in
1341 541 1440 585 foro
1473 543 1667 585 externo
1700 541 1895 599 probari,
1931 554 2024 586 non

249 635 376 681 posse
410 622 631 667 declarari
664 623 787 668 nulla
822 622 868 667 in
903 624 1001 668 foro
1034 627 1243 668 externo.
1296 626 1452 683 Neque
1494 623 1684 682 praefati
1721 625 1938 683 coniuges
1970 625 2026 670 ad

242 705 366 750 aliud
399 710 591 765 possunt
622 705 804 751 admitti
840 706 1207 760 matrimonium,
1241 706 1459 765 quamdiu
1494 706 1875 764 impedimentum
1910 706 2026 766 prio·

249 788 311 834 ris
344 788 628 834 matrimonii
654 793 812 834 manet
835 789 1085 845 occultum,
1110 794 1248 849 atque
1269 789 1457 835 nullitas
1489 790 1707 848 praedicti
1742 789 2026 835 matrimonii

247 887 339 918 non
375 876 445 917 est
477 874 664 931 probata
698 872 744 917 in
779 873 876 918 foro
911 877 1122 917 externo.
1162 871 1277 918 Hinc
1308 872 1345 917 si
1378 872 1408 917 ii
1441 873 1497 918 ad
1530 873 1641 918 alias
1675 874 1858 932 nuptias
1880 878 2028 918 trans-

253 956 409 1012 ierint,
444 956 697 1001 secundum
732 955 1081 1000 matrimonium
1131 955 1309 1000 nullum
1341 960 1411 1001 est
1442 956 1704 1001 habendum
1738 956 1784 1000 in
1819 957 1917 1002 foro
1950 971 2028 1001 ex-

248 1044 397 1085 terno.
434 1043 531 1092 Quo
565 1039 612 1083 in
647 1052 755 1084 casu
779 1052 870 1084 non
906 1039 1013 1083 licet
1043 1038 1303 1084 huiusmodi
1327 1040 1612 1098 coniugibus,
1637 1039 1815 1085 etiamsi
1851 1040 2028 1086 nullum

245 1123 367 1168 adsit
389 1137 538 1183 neque
561 1122 782 1168 timeatur
803 1122 1089 1179 scandalum,
1116 1123 1161 1167 in
1184 1123 1422 1182 posteriori
1446 1123 1742 1170 matrimonio
1769 1110 2026 1181 remanere,

246 1207 466 1266 quamdiu
518 1206 705 1251 nullitas
753 1206 914 1265 prioris
947 1206 991 1251 in
1028 1207 1126 1252 foro
1159 1210 1353 1252 externo
1389 1209 1577 1265 probata
1612 1221 1704 1252 non
1738 1207 1901 1266 fuerit;
1952 1208 2029 1253 sed

252 1290 467 1335 monendi
502 1294 610 1334 sunt
632 1294 682 1333 ut
706 1289 1088 1347 impedimentum
1124 1294 1283 1335 notum
1319 1291 1508 1346 faciant,
1544 1295 1590 1335 et
1623 1290 1718 1336 Vlc.
1757 1293 1839 1349 Ap.
1874 1294 2032 1336 utatur

249 1373 467 1416 facultate
501 1372 792 1430 dispensandi
820 1372 849 1416 ¹.

979 1565 1211 1594 Ani-murus
1244 1566 1299 1594 iv.

447 1671 506 1713 De
539 1671 770 1727 requisitis
802 1669 866 1714 ad
898 1671 1257 1713 Matrimonium
1291 1669 1411 1713 licite
1443 1668 1834 1714 contrahendum.

373 1787 474 1832 859.
514 1787 576 1832 Ad
601 1787 951 1833 matrimonium
975 1787 1097 1831 licite
1121 1787 1487 1832 contrahendum
1514 1786 1780 1846 requiritur:
1821 1788 1859 1843 1)
1886 1791 1936 1831 ut
1958 1801 2033 1846 pe-

251 1873 376 1915 tatur
413 1875 656 1929 parentum
690 1884 958 1926 consensus,
994 1871 1050 1915 ob
1086 1871 1393 1915 reverentiam
1427 1869 1533 1928 ipsis
1556 1869 1774 1914 debitam.
1810 1869 2033 1924 Quamvis

253 1953 379 1999 enim
414 1967 666 1999 consensus
698 1957 942 2013 parentum
992 1968 1084 1999 non
1117 1953 1176 1999 sit
1209 1954 1493 1999 necessarius
1535 1954 1590 1998 ad
1625 1954 1829 1999 valorem
1875 1953 2032 1999 matri·

255 2037 398 2082 monii
422 2037 455 2092 ²,
491 2042 648 2082 tamen
684 2051 870 2082 necesse
893 2041 963 2083 est
986 2038 1112 2082 illum
1146 2041 1301 2095 petere
1333 2037 1389 2082 ad
1420 2036 1670 2082 liceitatem
1705 2037 1930 2095 coniugii;
1968 2036 2034 2082 in·

252 2121 475 2166 consultis
506 2120 631 2165 enim
676 2120 943 2179 parentibus
976 2121 1050 2166 vel
1088 2120 1185 2165 iure
1219 2120 1407 2176 invitis,
1445 2120 1560 2165 inire
1594 2120 1804 2179 nuptias,
1841 2120 2033 2178 insignis

252 2208 548 2262 contemptus
579 2208 673 2261 est,
709 2209 755 2248 et
789 2204 845 2248 de
878 2204 962 2249 hac
996 2204 1270 2249 necessitate
1303 2203 1585 2261 intelligendi
1619 2207 1727 2247 sunt
1758 2206 1966 2248 Canones
1988 2207 2034 2248 et

258 2291 412 2333 Patres
445 2287 730 2347 requirentes
762 2300 1037 2332 consensum
1074 2290 1333 2345 parentum.
1371 2289 1589 2331 Parentes
1621 2290 1777 2330 tamen
1811 2286 1931 2331 haud
1956 2300 2033 2330 va-

255 2372 351 2416 lent
384 2384 542 2415 eorum
575 2369 782 2415 dissensu
816 2369 1038 2426 impedire
1072 2368 1268 2414 filiorum
1302 2368 1586 2414 connubium
1611 2369 1644 2412 ⁸.

1889 0 1891 6 ¹
1914 2 1925 14 d
1932 0 1977 19 Ἲ,’,”,
1986 0 2176 197 ΓΤ-ἾἻ

2022 46 2028 49 -
2098 40 2111 55 2

2158 201 2176 226 2-

376 2454 478 2498 860.
516 2452 782 2512 Requiritur
814 2454 855 2509 2)
884 2457 934 2496 ut
966 2452 1078 2497 fiant
1101 2451 1492 2507 denuntiationes,
1518 2464 1598 2495 seu
1632 2450 2031 2509 proclamationes.
2080 2503 2082 2506 y

256 2536 436 2583 Etenim
471 2541 607 2584 Cone.
647 2537 767 2581 Trid.
793 2536 807 2561 ¹¹
842 2535 906 2580 sic
929 2535 1092 2581 statuit
1127 2555 1147 2576 a
1173 2539 1224 2579 ut
1256 2534 1302 2579 in
1329 2539 1558 2594 posterum
1592 2538 1841 2594 antequam
1877 2534 2033 2578 matri·

258 2620 465 2666 monium
499 2620 817 2675 contrahatur,
852 2624 923 2663 ter
954 2633 978 2664 a
1014 2619 1193 2677 proprio
1226 2618 1603 2664 contrahentium
1639 2617 1855 2672 Parocho,
1891 2616 2036 2661 trihus

378 2844 385 2862 ¹
417 2844 451 2880 S.
479 2843 517 2880 C.
545 2843 589 2879 de
616 2843 723 2888 Prop.
751 2841 828 2877 Fid.
858 2840 898 2877 11
929 2840 1015 2876 febr.
1044 2839 1146 2884 1804,
1173 2839 1218 2875 ad
1244 2839 1323 2875 Vie.
1351 2839 1419 2884 Ap.
1447 2837 1676 2875 Coeincinae.
1702 2837 1850 2874 Collect.
1877 2836 2034 2873 n.1225.

376 2915 388 2933 ²
418 2915 472 2951 Ex
499 2913 599 2950 Trid.
626 2912 721 2951 Sess.
748 2911 883 2954 XXIV,
910 2920 991 2957 cap.
1016 2910 1038 2947 4
1063 2911 1106 2946 de
1132 2911 1294 2956 Reform.

380 2985 393 3005 ³
420 2986 454 3022 S.
482 2985 518 3021 C.
547 2984 659 3021 Cone.
688 2984 726 3019 in
752 2983 964 3020 Milevitana
991 2982 1207 3019 Remotionis
1232 2981 1475 3027 impedimenti
1501 2980 1547 3017 20
1573 2979 1695 3016 martii
1725 2979 1827 3017 1880.

380 3058 393 3079 “
421 3060 521 3096 Sess.
546 3057 670 3094 XXIV
696 3057 737 3093 de
762 3056 936 3098 Reform„
963 3064 1040 3100 cap.
1062 3053 1093 3090 1.
