2176 3386
446 0 573 19 ‚wa-⁴5,
602 0 685 23 ,ηχ
774 0 921 10 .-v-

522 151 652 181 LIBER
680 152 703 180 1.
739 151 796 180 DE
827 151 965 180 REBUS
994 151 1229 180 ECCLESIAE
1258 151 1586 180 SPIRITUALIBUS
1922 141 1957 182 9

166 258 392 314 tieorum,
429 273 515 304 nee
547 262 685 303 erunt
715 257 940 303 educandi
974 258 1022 302 in
1055 258 1302 303 sanctitate
1334 257 1438 304 fidei
1472 258 1728 305 catholicae
1751 261 1782 305 ¹.
1833 263 1947 307 Con-

164 339 394 386 sentien'te
427 354 537 386 vero
571 354 662 385 uno
695 355 720 385 e
753 339 1019 399 parentibus
1050 340 1292 396 catholico,
1327 341 1435 386 lieet
1466 355 1661 399 puerum
1695 342 1951 401 baptizare,

167 424 348 470 etiamsi
383 423 457 469 ille
489 423 603 468 sciat
634 424 831 468 alterum
865 426 1020 480 postea
1054 427 1351 479 curaturum,
1387 428 1438 468 ut
1469 423 1590 469 filius
1631 425 1891 484 baptizetur
1922 440 1947 470 a

166 508 378 553 ministro
411 506 668 552 haeretico:
705 510 753 552 at
785 506 956 551 coniux
989 506 1242 552 catholicus
1264 511 1452 552 tenetur
1474 522 1666 553 monere
1701 509 1951 568 coniugem·

163 591 467 645 haereticum,
503 590 647 635 filium
683 590 774 635 iam
807 589 1010 647 legitime
1042 603 1140 634 esse
1172 590 1457 648 baptizatum
1482 591 1513 636 ².

284 674 384 719 625.
421 672 651 718 Ordinarii
685 672 820 717 huius
861 672 1141 718 sacramenti
1184 673 1383 718 ministri
1422 679 1532 719 sunt
1562 674 1639 734 qui
1673 674 1948 720 iurisdictio-

164 770 271 801 nem
305 756 476 800 habent
507 758 744 815 tamquam
779 760 983 814 pastores
1015 755 1330 812 ecclesiastici,
1357 756 1532 801 seilicet
1569 756 1774 816 Episcopi
1798 762 1844 802 et
1867 762 1952 803 Pa-

165 839 315 895 rochi,
342 844 474 884 extra
498 839 722 894 ordinem,
744 839 884 883 etiam
910 838 1091 884 diaconi
1115 839 1170 884 de
1197 839 1401 898 Episcopi
1426 839 1500 885 vel
1526 840 1715 886 Parochi
1740 840 1946 887 licentia.

163 922 417 967 Imminens
451 923 574 967 vitae
607 922 799 967 infantis
833 921 1086 982 periculum
1121 937 1214 968 non
1249 937 1351 968 raro
1387 925 1587 982 postulat
1634 923 1850 983 baptismi
1884 926 1948 969 fe·

162 1006 491 1063 stinationem,
527 1007 783 1066 eximitque
815 1022 839 1052 a
873 1007 1050 1053 delectu
1087 1008 1194 1063 loci,
1232 1009 1479 1067 temporiS‚
1515 1010 1828 1070 ordinariique
1863 1011 1946 1055 mi-

162 1089 317 1146 nistri,
353 1090 613 1148 baptizandi
647 1090 771 1135 enim
800 1090 1028 1136 infantem
1062 1090 1107 1134 in
1143 1091 1354 1150 proximo
1380 1092 1503 1137 vitae
1537 1092 1804 1138 discrimine
1838 1107 1946 1138 con-

161 1173 405 1229 stitutum,
441 1172 720 1233 ubicumque
753 1174 826 1218 hic
859 1174 949 1227 sit,
985 1174 1134 1219 cuivis
1171 1175 1412 1220 hominum
1461 1177 1617 1234 generi
1667 1191 1759 1222 non
1811 1178 1950 1222 modo

161 1255 330 1300 tributa
366 1257 573 1312 facultas,
609 1257 686 1301 sed
719 1258 860 1302 etiam
886 1258 958 1302 lex
990 1262 1058 1302 est
1092 1258 1304 1316 imposita
1329 1259 1360 1303 ³.
1398 1260 1525 1314 Quod
1549 1260 1585 1304 si
1610 1261 1761 1318 plures
1793 1261 1946 1306 adsint

160 1338 270 1384 satis
304 1339 452 1398 periti,
488 1340 564 1399 qui
599 1345 667 1384 est
701 1340 882 1398 dignior
915 1341 1130 1399 baptizet,
1168 1341 1253 1386 nisi
1287 1346 1444 1387 tamen
1479 1342 1613 1388 aliter
1650 1344 1867 1389 honestas
1900 1348 1947 1389 et

162 1423 306 1482 pudor
337 1425 585 1480 suadeant,
620 1425 807 1471 seclusis
841 1426 974 1485 plane
1008 1426 1288 1484 parentibus.
1327 1426 1369 1472 si
1404 1441 1542 1473 nemo
1574 1427 1690 1473 alius
1722 1429 1840 1474 adsit
1868 1429 1943 1489 qui

160 1507 392 1565 baptizare
426 1508 582 1566 possit,
620 1522 676 1553 nc
709 1508 960 1554 formident
995 1513 1207 1567 parentes
1240 1510 1283 1554 id
1316 1525 1485 1569 agere;
1534 1513 1657 1556 nulla
1692 1511 1835 1567 enim,
1872 1527 1946 1557 eo-

162 1601 268 1636 rum·
287 1592 509 1637 alterutro
532 1596 644 1637 tunc
667 1591 946 1651 baptizante,
972 1593 1119 1638 oritur
1151 1593 1272 1638 inter
1295 1594 1415 1653 ipsos
1438 1595 1687 1653 spiritualis
1710 1597 1942 1654 cognatio,

162 1674 431 1734 nullumque
456 1674 623 1720 idcirco
647 1675 1029 1734 impedimentum
1049 1677 1169 1736 quod
1189 1677 1473 1722 matrimonii
1493 1692 1626 1724 usum
1648 1679 1886 1737 prohibeat
1911 1680 1944 1725 ⁸.

282 1758 382 1802 626.
419 1757 784 1803 Permittendum
820 1763 976 1803 tamen
1012 1773 1104 1804 non
1139 1764 1206 1804 est
1240 1761 1485 1806 haereticis
1528 1766 1609 1807 aut
1641 1763 1946 1808 schismaticis

160 1839 484 1886 administrare
532 1847 875 1886 sacramentum
915 1843 1160 1902 Baptismi,
1197 1843 1283 1888 nisi
1326 1844 1373 1889 in
1414 1858 1521 1890 casu
1572 1846 1860 1892 necessitatis
1891 1849 1947 1906 [et

159 1922 400 1968 deficiente
437 1924 523 1969 alia
557 1939 846 1985 quacumque
889 1940 1083 1984 persona
1116 1927 1342 1973 catholiea
1366 1928 1397 1956 ⁵·
1451 1929 1681 1974 Sacerdoti
1725 1943 1952 1989 suspenso-

157 2010 237 2050 aut
268 2005 514 2052 interdicto
547 2022 638 2052 non
674 2008 780 2053 licet
828 2008 936 2053 illud
984 2009 1335 2066 administrare,
1373 2011 1459 2056 nisi
1494 2011 1712 2070 privatim
1753 2012 1797 2057 in
1835 2027 1943 2058 casu

159 2089 447 2135 necessitatis
478 2095 525 2135 et
557 2090 671 2136 citra
705 2105 892 2137 omnem
927 2093 1269 2138 solemnitatem
1294 2093 1325 2137 ⁶.

276 2173 376 2217 6027.
414 2176 515 2218 Non
549 2173 654 2219 lieet
693 2174 879 2220 demum
915 2175 1180 2232 parentibus
1212 2177 1450 2222 catholicis
1484 2178 1751 2234 permittere
1783 2183 1835 2224 ut
1867 2193 1940 2224 eo-

158 2271 260 2302 rum
304 2257 381 2302 filii
424 2258 648 2318 recipiant
686 2260 966 2317 baptismum
1000 2275 1024 2305 a
1060 2261 1270 2307 ministro
1312 2263 1546 2308 haeretico
1595 2264 1650 2308 ad
1698 2264 1951 2310 evitandas-

158 2341 357 2385 mulctas
378 2342 405 2386 ⁷.
454 2342 668 2387 induciae
716 2342 930 2402 baptismi
980 2344 1078 2402 plus
1124 2358 1263 2404 quam
1315 2346 1368 2390 10
1410 2346 1483 2390 vel
1531 2347 1575 2390 ll
1626 2346 1805 2392 dierum
1844 2347 1944 2392 sine

158 2422 288 2480 gravi
321 2437 458 2469 causa
493 2425 667 2470 vetitae
699 2430 823 2470 sunt.

275 2588 284 2606 ¹
315 2588 402 2635 Sup.
430 2589 536 2626 UniV.
563 2589 642 2635 Inq.
670 2589 716 2627 26
735 2600 818 2636 aug.
849 2590 952 2627 1885.

274 2659 286 2678 ²
315 2660 349 2696 S.
377 2660 492 2707 Cong.
519 2661 627 2708 Prop.
655 2662 732 2698 Fid.
758 2661 804 2698 29
831 2673 918 2699 nov.
949 2663 1050 2699 1672.
1078 2663 1226 2700 Collect.
1254 2673 1291 2699 u.
1322 2663 1402 2701 547.

276 2728 288 2747 ³
315 2729 402 2775 Cap.
427 2731 607 2769 Firmiter
632 2733 677 2769 de
704 2733 805 2770 Sum.
833 2734 962 2769 Trinit.

275 2798 289 2818 ⁸
315 2800 401 2837 Can.
431 2801 486 2838 Ad
513 2803 636 2840 limina
662 2803 694 2848 7,
722 2814 822 2841 eauS.
851 2804 907 2849 50,
933 2809 1074 2851 quaest.
1103 2805 1141 2848 1;
1169 2805 1238 2842 Ril.
1267 2805 1373 2841 Rom.
1401 2805 1445 2842 de
1472 2806 1608 2842 minist.
1636 2807 1750 2853 Bapt„
1777 2811 1790 2848 ἓ
1818 2808 1943 2845 Pater.

278 2871 291 2891 ³
318 2871 433 2918 Cong.
464 2873 497 2910 S.
526 2873 592 2910 Off.
620 2874 667 2912 20
692 2884 777 2921 aug.
808 2875 910 2912 1671.

272 2943 285 2964 ⁶
311 2944 426 2991 Cong.
454 2945 565 2992 Prop.
592 2946 670 2983 Fid.
699 2946 742 2983 12
769 2951 839 2985 oct.
869 2947 971 2984 1660.

275 3015 287 3033 ⁷
314 3015 349 3052 S.
376 3015 490 3062 Cong.
519 3016 551 3053 S.
581 3016 649 3053 Off.
678 3018 701 3054 5
727 3027 810 3054 nov.
840 3017 931 3055 1676
957 3018 1003 3055 ad
1028 3018 1144 3054 Praef-
1172 3019 1302 3065 Apost.
1329 3019 1485 3055 Hibera.
