2176 3386
541 181 673 210 Lmen
700 182 724 210 1.
755 181 812 210 DE
841 181 979 211 izi-:nus
1007 180 1247 210 ECCLEslAE
1276 181 1602 211 SPIRITUALIBUS
1885 174 1966 215 239

179 303 267 335 nec
314 289 447 335 liceat
478 289 544 334 eis
580 289 795 349 cuiquam
846 287 945 334 illos
987 288 1188 334 vendere
1234 288 1450 346 (exclusis
1491 292 1650 334 tamen
1693 291 1885 338 omnino
1917 297 1965 339 et

179 387 360 432 semper
398 373 455 417 de
496 373 697 417 obscenis
728 386 784 417 επ
811 371 1019 430 professo
1050 371 1375 430 tractantibus)
1428 371 1473 415 ni
1518 373 1769 430 prudenter
1805 374 1963 421 existi-

180 470 306 501 mare
340 456 514 514 possint
544 456 601 500 ab
633 458 840 514 emptore
872 455 1073 513 legitime
1108 455 1227 513 peti;
1264 457 1296 512 i)
1322 469 1484 501 omnes
1505 459 1553 501 et
1573 456 1739 514 singuli
1762 459 1964 525 scie-nter

178 538 382 596 legentes
413 538 512 583 sine
547 538 684 583 venia
718 541 799 596 Ap.
836 538 962 584 Sedis
993 538 1131 584 libros
1172 542 1487 598 apostatarum
1534 543 1581 585 et
1622 540 1961 588 haereticorum

179 622 405 667 haeresim
438 625 795 681 propugnantes,
830 635 1014 667 necnon
1047 621 1185 667 libros
1219 622 1424 667 cuiusvis
1470 624 1670 669 auctor1s
1704 638 1782 682 per
1813 629 1957 683 apost.

178 705 354 751 litteras
386 705 660 751 nominatim
713 705 977 764 prohibitos,
1013 706 1287 765 eosdemque
1320 705 1458 751 libros
1498 707 1770 762 retinentes,
1807 707 1960 767 impri-

179 792 374 844 mentes,
399 792 446 833 et
468 787 806 847 quomodolibet
824 788 1139 837 defendentes.
1161 789 1694 835 excommunicationem
1718 791 1814 849 ipso
1839 793 1961 837 facto

178 871 419 916 incurrant
461 885 582 930 spec.
619 873 754 917 modo
790 876 839 917 R.
878 877 924 917 P.
961 879 1247 918 reservatam
1273 874 1312 917 ¹:
1348 873 1426 933 qui
1475 874 1574 920 sine
1621 874 1850 920 Ordinarii
1884 890 1959 934 ap-

177 953 446 1011 probatione
495 956 536 998 S.
588 953 847 1011 Scripturae
894 954 1031 1000 libros
1079 957 1153 1001 vel
1202 956 1469 1001 eorumdem
1516 956 1840 1002 adnotationes
1887 958 1960 1002 vel

177 1035 536 1081 commentarios
570 1036 843 1095 imprimunt
875 1042 956 1082 aut
988 1038 1189 1097 imprimi
1225 1039 1420 1095 faciunt,
1458 1039 1665 1085 incidant
1708 1039 1803 1099 ipso
1837 1042 1959 1086 facto

178 1119 224 1163 in
257 1133 487 1164 excomm.
525 1120 701 1165 nemini
734 1127 1017 1167 reservatam
1044 1123 1087 1167 2:
1123 1123 1199 1182 qui
1235 1137 1346 1168 vero
1379 1127 1531 1168 cetera
1565 1125 1835 1182 tsansgressi
1864 1126 1959 1170 fue·

178 1204 285 1260 rint,
320 1218 436 1263 quae
461 1204 528 1248 his
561 1205 756 1250 decretis
789 1207 1075 1263 generalibus
1101 1207 1460 1266 praecipiuntur,
1487 1221 1566 1266 pro
1589 1207 1770 1253 diversa
1804 1213 1959 1254 reatus

177 1289 403 1347 gravitate
436 1288 554 1333 serio
586 1291 644 1334 ab
679 1290 897 1349 Episcopo
942 1290 1034 1334 sint
1066 1290 1303 1347 monendi,
1340 1295 1386 1336 et
1418 1291 1454 1336 si
1487 1295 1796 1349 opportunum
1834 1291 1956 1336 vide-

176 1372 313 1427 bitur,
350 1371 584 1417 canonicis
616 1372 755 1417 etiam
792 1374 952 1431 poenis
985 1374 1241 1419 coercendi.

426 1570 461 1606 c)
490 1584 531 1589 —-
558 1565 618 1600 De
644 1564 980 1611 disputationibus
1007 1577 1097 1601 cum
1124 1565 1336 1602 haereticis
1363 1568 1399 1601 et
1425 1565 1701 1602 schismaticis.

298 1703 423 1747 1150.
480 1703 715 1761 Disputare
764 1703 817 1749 de
866 1704 951 1750 fide
1000 1709 1069 1750 est
1116 1705 1170 1750 ad
1210 1719 1408 1750 examen
1457 1719 1676 1751 revocare
1726 1706 1956 1764 religionis

175 1785 415 1843 dogmata,
450 1791 587 1845 atque
626 1788 912 1844 argumentis
959 1789 1275 1833 demonstrare
1308 1803 1332 1833 a
1371 1779 1460 1833 Deo
1494 1802 1590 1834 esse
1636 1790 1855 1834 revelata.
1908 1789 1955 1833 Id

174 1873 330 1915 autem
365 1871 533 1929 duplici
567 1871 663 1916 fieri
699 1877 847 1930 potest
881 1873 1031 1928 modo,
1068 1873 1285 1931 privatim
1320 1874 1494 1919 scilicet
1526 1878 1573 1918 et
1605 1874 1798 1932 publice.

295 1955 474 2000 Privata
529 1956 775 2014 disputatio
826 1961 895 2002 est
939 1972 1055 2017 quae
1099 1958 1144 2002 in
1199 1958 1380 2016 privato
1432 1959 1531 2003 loco
1578 1958 1698 2003 inter
1751 1958 1956 2016 privatos

175 2037 317 2083 initur
345 2038 406 2083 ita
441 2043 491 2083 ut
523 2039 635 2083 nulli
658 2045 739 2084 aul:
764 2040 893 2098 pauci
915 2041 1146 2086 auditores
1177 2041 1345 2095 adsint,
1380 2056 1468 2100 qua
1503 2041 1680 2086 ratione
1715 2040 1881 2099 passim
1906 2040 1953 2084 in

177 2122 511 2166 haereticorum
546 2127 592 2167 et
625 2123 1024 2170 schismaticorum
1058 2125 1319 2181 regionibus
1359 2125 1614 2170 haereticos
1653 2125 1774 2169 inter
1815 2129 1953 2183 atque

174 2206 455 2250 orthodoxos
478 2206 532 2250 de
556 2205 643 2250 tide
677 2206 843 2252 certari
866 2208 991 2252 solet.
1026 2208 1209 2253 Publica
1234 2222 1345 2253 vero
1379 2208 1625 2266 disputatio
1648 2208 1814 2252 (licitur
1836 2221 1952 2267 quae

174 2288 224 2332 fit
260 2288 434 2346 publico
468 2290 582 2344 loco,
614 2295 850 2347 spectante
884 2292 1048 2349 populo
1082 2296 1128 2335 et
1159 2291 1433 2350 quandoque
1467 2292 1606 2336 etiam
1630 2291 1813 2336 arbitris
1845 2305 1952 2336 con-

174 2371 358 2416 stitutiS.

295 2455 475 2501 Privata
507 2456 753 2515 disputatio
801 2458 965 2518 cuique
1009 2458 1107 2503 viro
1156 2459 1288 2504 docto
1329 2459 1387 2503 ab
1425 2459 1655 2504 haeretico
1700 2462 1951 2517 provocato

173 2536 294 2582 licita
328 2543 421 2594 est,
457 2553 509 2583 ac
543 2540 682 2585 etiam
715 2541 986 2599 expediens,
1023 2542 1172 2601 primo
1209 2542 1245 2586 si
1290 2542 1541 2600 prudenter
1576 2541 1802 2587 iudicetur
1845 2544 1949 2586 liae-

176 2619 365 2664 reticum
413 2621 623 2666 veritatis
670 2624 1013 2681 cognoscendae
1049 2624 1318 2683 vitandique
1367 2625 1533 2670 erroris
1581 2638 1716 2670 causa
1758 2625 1814 2670 ad
1862 2624 1949 2670 dis-

175 2702 457 2761 putationem
496 2719 767 2763 provocare:
813 2707 1013 2753 secundo
1046 2708 1081 2752 si
1115 2709 1365 2766 prudenter
1397 2712 1605 2766 speretur
1641 2707 1948 2766 disputatione

289 2903 298 2923 ¹
327 2903 429 2942 Conf.
456 2906 566 2942 etiam
592 2906 715 2944 Const.
742 2908 867 2955 Apost.
895 2909 992 2946 Sedis
1010 2910 1052 2946 N.
1079 2910 1111 2945 11
1139 2920 1314 2947 excomm.
1341 2921 1430 2957 spec.
1456 2921 1589 2948 reserv.

291 2977 301 2995 ³
326 2976 428 3014 Conf.
455 2978 565 3015 etiam
599 2978 709 3016 Conc.
737 2980 833 3017 Trid.
860 2981 948 3017 Sess.
974 2980 1032 3019 IV
1054 2985 1089 3017 et
1117 2981 1239 3018 Const.
1270 2981 1392 3028 Apost.
1432 2983 1530 3019 Sedis
1557 2982 1600 3019 N.
1628 2982 1660 3019 V
1690 2993 1863 3020 excomm.
1888 2994 1947 3020 ne-

171 3058 260 3085 mim
284 3059 414 3086 reserv.
