2176 3386
504 197 635 226 LIBER
662 197 686 225 1.
718 197 775 225 DE
806 195 944 225 REBUS
974 195 1210 225 ECCLESIAE
1239 195 1566 225 SPIRITUALIBUS
1851 183 1932 224 203

147 307 363 350 missoria
409 304 473 349 ita
507 309 558 349 ut
587 304 822 362 delegatus
868 302 1224 362 dispensationis
1265 302 1592 348 executionem
1637 302 1931 361 subdelegare
1972 327 1976 332 ·

147 387 308 447 nequit
343 401 450 434 cum
483 387 627 433 electa
660 386 720 432 sit
752 385 978 431 industria
1009 385 1278 444 delegantis.
1579 378 1581 381 ’

265 470 308 527 5)
356 471 568 514 Volumus
599 476 755 514 autem
789 469 910 528 quod
940 471 982 513 si
1013 475 1076 525 iu,
1101 475 1260 526 spreta
1293 472 1547 514 monitione
1582 475 1739 514 nostra
1773 469 1932 514 liuius-

147 554 274 599 modi
303 554 485 613 aliquid
509 555 723 598 muneris
745 559 828 600 aut
856 555 1065 610 praemii
1087 555 1325 597 occasione
1350 555 1722 610 praemissorum
1749 555 1934 610 exiqere

146 643 230 683 aui
269 637 473 682 oblatum
522 639 728 694 recipere
768 642 937 680 temere
964 638 1366 694 praesumpseris,
1402 638 1932 681 excommunicationem

148 720 274 765 latae
303 723 562 765 sententiae
590 733 794 777 poenam
826 723 1068 765 incurras.

268 804 508 861 Delegatus
539 816 619 848 seu
653 806 876 847 executor
906 802 1148 847 occasione
1180 802 1578 861 dispensationum
1616 802 1933 848 matrimonia-

146 887 258 931 lium
293 901 385 932 non
421 886 555 932 debet
577 885 747 946 aliquid
780 886 989 943 accipere
1015 886 1192 931 ratione
1217 886 1439 942 muneris,
1466 900 1545 931 seu
1571 885 1778 944 praemii.
1816 885 1932 930 Alio-

145 970 256 1030 quin
290 970 531 1016 subiicitur
563 969 1038 1015 excommunicationi
1072 970 1198 1015 lacae
1229 972 1487 1014 sententiae
1509 975 1792 1015 reservatae.
1829 972 1934 1013 Post

146 1054 469 1098 executionem
504 1052 859 1111 dispensationis
891 1052 926 1097 si
961 1052 1130 1112 aliquid
1164 1053 1304 1110 gratis
1336 1052 1558 1098 offeratur
1589 1052 1733 1110 accipi
1763 1056 1929 1110 potest.

264 1138 307 1194 4)
346 1139 408 1181 De
435 1139 709 1193 praemissis
742 1143 782 1180 te
813 1137 1066 1194 diliyenter
1098 1135 1329 1193 informes
1359 1142 1401 1180 et
1431 1138 1471 1180 si
1508 1149 1594 1193 per
1631 1135 1931 1192 informacio-

145 1236 252 1266 nem
285 1222 496 1266 eamdem
526 1235 685 1278 preces
716 1224 911 1266 veritate
934 1224 1024 1265 niti
1045 1223 1291 1278 repereris,
1326 1234 1468 1278 super
1490 1235 1577 1279 quo
1599 1222 1932 1265 conscientiam

148 1312 278 1351 tuam
311 1319 580 1351 oneramus.

269 1393 496 1433 Executor
528 1388 625 1432 sive
656 1402 743 1445 per
774 1402 820 1432 se
852 1387 950 1432 sive
980 1388 1250 1445 per·alium
1285 1386 1478 1446 inquirit
1510 1387 1545 1431 si
1581 1401 1690 1431 vera
1724 1386 1817 1430 sint
1855 1400 1932 1430 ex·

149 1469 292 1527 posita
326 1470 372 1513 in
409 1470 629 1528 petitione
664 1471 720 1514 ab
752 1469 1022 1515 oratoribus.
1079 1471 1169 1515 Etsi
1208 1470 1415 1529 quaestio
1449 1470 1655 1524 oriatur,
1693 1483 1772 1526 per
1821 1467 1932 1512 iudi-

147 1553 270 1597 cium
304 1552 560 1597 dirimenda
594 1558 663 1597 est
685 1552 1020 1607 controversia,
1046 1551 1248 1611 alioquin
1272 1551 1438 1597 suflicit
1471 1550 1833 1596 extraiudicialis
1866 1550 1928 1594 in-

147 1630 378 1680 formatio.
415 1635 685 1680 Informatio
717 1640 856 1695 atque
889 1635 1153 1693 explanatio
1188 1649 1268 1693 per
1300 1636 1419 1680 hanc
1451 1635 1702 1680 clausulam
1737 1640 1807 1679 est
1828 1647 1933 1678 con-

147 1717 259 1762 ditio
289 1719 391 1762 sine
421 1731 515 1776 qua
548 1717 831 1774 dispensatio
872 1724 983 1762 esset
1015 1717 1248 1762 invalida.
1300 1721 1514 1763 Ceterum
1553 1718 1609 1762 ad
1647 1717 1931 1762 xaliditatem

145 1801 312 1846 sufficit
344 1807 395 1845 ut
426 1802 589 1846 saltem
624 1815 724 1846 una
756 1814 903 1846 causa
926 1804 1099 1846 niociva
1136 1801 1370 1846 verificam
1403 1802 1476 1846 sit.
1517 1804 1549 1846 Α
1584 1802 1751 1846 iudicio
1786 1801 1934 1861 inqui-

145 1884 302 1928 sitorio
338 1898 430 1928 non
463 1884 719 1942 appellatur
751 1883 836 1928 nisi
872 1883 926 1928 ad
967 1888 1015 1928 R.
1044 1887 1174 1928 Pont.
1204 1884 1276 1929 vel
1310 1885 1365 1928 ad
1399 1884 1685 1930 Cardinalem
1721 1884 1932 1929 Prodata·

146 1967 282 2024 rium,
320 1969 393 2012 vel
425 1968 481 2012 ad
515 1971 675 2026 Congr.
711 1972 840 2025 Prop.
880 1967 1020 2012 Fidei.

265 2052 306 2106 5)
348 2055 401 2095 Ει
432 2059 663 2110 quatenus
701 2058 867 2096 contra
900 2054 1026 2108 ipsas
1057 2065 1203 2096 causa
1236 2067 1376 2109 super
1421 2055 1695 2109 praemissis
1727 2055 1778 2097 in
1815 2053 1932 2097 iudi·

146 2137 271 2178 cium
304 2149 482 2193 quoquo
516 2135 648 2178 orando
681 2135 879 2180 deducta
913 2134 1075 2192 fuerit,
1108 2138 1252 2192 posito
1287 2136 1507 2181 iudicato.

268 2218 455 2262 Ponitur
487 2218 599 2263 haec
632 2218 834 2263 clausula
868 2218 1051 2277 quando
1084 2209 1365 2276 dispensatio
1388 2219 1561 2276 petitur
1591 2220 1648 2264 ab
1676 2219 1934 2264 oratoribus

147 2300 419 2346 incestuosis
441 2300 539 2346 sive
563 2302 625 2346 ad
647 2300 1026 2346 contrahendum
1047 2301 1146 2346 sive
1170 2302 1234 2347 ad
1257 2303 1628 2347 revalidandum
1659 2306 1932 2361 coniuyium

146 2384 347 2429 invalide
383 2384 567 2428 initum.
605 2384 648 2429 Si
682 2384 806 2429 enim
841 2384 1002 2429 saltem
1038 2398 1157 2428 unus
1189 2399 1247 2429 ex
1281 2385 1540 2429 oratoribus
1567 2390 1675 2430 ante
1699 2385 1932 2430 executio-

146 2481 251 2511 nem
285 2467 638 2526 dispensationis
670 2467 894 2513 deductus
927 2469 1046 2513 foret
1078 2468 1152 2513 vel
1186 2473 1429 2513 accusatus
1461 2469 1515 2513 ad
1553 2470 1703 2513 forum
1739 2473 1931 2513 conten·

146 2550 312 2596 tiosum
346 2551 709 2597 ecclesiasticum
743 2552 816 2597 vel
849 2552 1036 2608 laicum,
1074 2551 1340 2610 plectendus
1374 2552 1531 2610 poenis
1564 2552 1931 2597 incestuosorum

145 2635 318 2680 absolvi
354 2635 514 2694 nequit
546 2635 592 2680 in
627 2636 725 2680 foro
759 2635 977 2691 interno,
1019 2650 1168 2695 neque
1202 2636 1247 2680 in
1282 2642 1477 2681 externo
1510 2637 1551 2681 ei
1584 2636 1930 2694 suffragaretur,

147 2733 296 2778 neque
328 2718 607 2777 dispensatio
642 2719 791 2764 valida
825 2725 960 2764 esset.

267 2806 420 2860 ltaque
455 2802 539 2846 hac
571 2801 774 2847 clausula
806 2802 1040 2860 delegatus
1072 2807 1277 2848 oratores
1299 2817 1323 2847 a
1348 2807 1478 2848 reatu
1513 2803 1717 2848 incestus
1749 2808 1796 2848 et
1828 2818 1933 2862 poe·

148 2886 219 2931 nis
250 2886 488 2930 absolvere
521 2891 567 2930 et
598 2886 656 2930 ab
688 2885 1022 2944 impedimento
1045 2886 1310 2943 dispensare
1342 2900 1436 2931 non
1462 2886 1586 2945 prius
1620 2890 1769 2943 potest
1791 2899 1930 2945 quam

147 2969 294 3027 reipsa
344 2968 584 3028 perveniat
630 2968 861 3014 sententia
911 2970 1003 3014 lata
1044 2970 1117 3014 vel
1166 2969 1354 3014 ferenda
1398 2983 1423 3013 a
1458 2970 1556 3014 foro
1597 2970 1653 3013 ad
1696 2969 1816 3028 quod
1857 2982 1931 3014 eo-

148 3065 249 3097 rum
283 3052 460 3098 crimen
493 3053 740 3098 deductum
774 3058 861 3109 est,
896 3053 1098 3113 alioquin
1123 3053 1404 3112 dispensatio
1437 3057 1558 3098 esset
1579 3052 1800 3109 invalida,
1825 3053 1930 3113 quia
