2176 3386
804 189 934 217 Lmen
963 189 989 217 1.
1022 188 1078 216 DE
1108 186 1302 216 CLERICIS
1870 175 1945 215 167

164 295 435 353 suetudine,
470 294 651 341 etiamsi
699 300 805 339 actu
854 292 1066 352 Superior
1108 292 1344 339 Generalis
1383 292 1443 336 ibi
1478 279 1570 337 non
1607 291 1824 337 resideat:
1875 291 1946 336 vel

161 394 279 440 quae
320 380 378 424 ab
410 378 542 424 initio
583 378 873 436 generalatus
911 375 1146 422 Generalis
1187 389 1267 433 pro
1310 388 1391 419 sua
1423 372 1866 419 stabili'residentia
1899 377 1946 418 et

163 461 426 508 officialium
450 461 651 518 elegerit.
676 463 833 518 Neque
857 458 1189 504 monasterium
1213 458 1355 503 semel
1374 458 1571 503 electum
1592 461 1771 502 mutare
1795 457 1941 502 iuvat.

162 546 372 592 Nolanda
407 550 475 590 est
508 545 647 590 etiam
687 545 936 588 [astructio
971 544 1146 588 Sacrae
1184 544 1321 599 (0⁷29.
1363 546 1500 599 Prop.
1545 543 1676 586 Fidei
1715 556 1791 586 an.
1833 541 1944 586 ‘1848

159 629 234 675 die
265 631 321 675 30
354 631 474 687 Sept.
510 629 565 672 de
597 628 907 685 dependentia
948 628 1356 670 Missionarz'orum
1398 626 1711 683 Reyularz'um
1746 639 1776 670 α
1820 627 1944 669 Vica-

161 716 246 757 riis
277 713 537 770 Apostolicis
580 712 776 770 ali-isque
823 712 1096 754 missionum
1138 709 1455 766 superioribas
1479 709 1508 751 ¹.
1562 712 1609 752 ln
1658 708 1742 752 bac
1775 707 1939 752 instru-

159 795 312 840 ctione
347 798 389 840 S.
426 793 725 852 Congregatio
770 794 807 848 l)
845 797 1004 837 monet
1037 791 1349 836 missionarios
1392 791 1556 835 debere
1596 791 1749 835 literas
1783 794 1939 848 paten-

159 879 272 922 tales
319 877 493 922 Vicario
529 876 787 936 Apostolico
832 875 1097 929 ostendere,
1133 888 1264 919 secus
1297 874 1506 919 Vicarius
1540 873 1823 932 Apostolicus
1865 886 1942 918 eos

159 960 397 1018 prohibere
432 964 580 1017 potest
611 960 668 1004 ab
699 958 922 1004 exercitio
956 958 1214 1003 ministerii.
1261 959 1303 1013 2)
1335 957 1519 1003 Etiamsi
1556 958 1830 1003 missionarii
1868 972 1940 1015 pe·

157 1048 254 1088 tere
287 1044 484 1088 debeant
507 1042 741 1088 licentiam
775 1042 1021 1087 exercendi
1056 1043 1313 1096 facultates,
1340 1047 1495 1086 tamen
1532 1041 1628 1086 Vic.
1657 1041 1942 1099 Apostolicus

158 1127 392 1172 licentiam
416 1126 514 1171 sine
538 1126 664 1184 grax‘i
690 1139 825 1170 causa
851 1140 943 1170 non
967 1126 1176 1183 denegat.
1215 1127 1256 1181 5)
1283 1126 1411 1170 Clero
1434 1125 1654 1170 saeculari
1679 1124 1937 1177 deficiente,

161 1210 403 1267 Regulares
435 1223 591 1254 curam
628 1209 889 1254 animarum
929 1223 1146 1254 exercere
1194 1215 1412 1255 tenentur
1459 1223 1626 1268 eosque
1650 1213 1712 1253 Υ.
1754 1212 1938 1267 Aposto-

156 1293 270 1337 licus
303 1307 463 1351 cogere
499 1297 660 1350 potest.
697 1295 739 1349 4)
769 1293 1046 1338 Missionarii
1084 1293 1261 1338 Vicario
1286 1293 1545 1351 Apostolico
1580 1293 1806 1337 rationem
1841 1292 1937 1336 red-

155 1375 270 1419 dunt
317 1376 371 1420 de
420 1375 695 1420 executione
744 1378 921 1434 piorum
966 1376 1246 1433 legatorum3
1295 1375 1330 1420 si
1365 1376 1632 1420 eorumdem
1668 1380 1939 1420 executores

155 1459 285 1504 electi
310 1459 497 1505 fuerint.
536 1461 575 1516 5)
597 1461 753 1514 Quoad
778 1474 934 1504 curam
960 1461 1222 1505 animarum
1246 1461 1553 1505 exercendam
1577 1474 1630 1504 ac
1655 1459 1938 1517 parochiales

156 1543 416 1587 functiones
457 1544 552 1588 vic.
600 1544 858 1602 Apostolico
906 1544 1214 1588 subjiciuntur
1257 1544 1518 1602 Superiores
1570 1545 1812 1601 Regulares
1858 1542 1935 1601 qui

154 1630 390 1685 nequeunt
431 1627 673 1684 Regulares
715 1641 955 1671 removere
987 1642 1012 1671 a
1048 1627 1341 1672 missionibus
1374 1627 1471 1672 sine
1505 1639 1732 1671 consensu
1768 1625 1935 1670 Vicarii

154 1709 412 1767 Apostolici.
451 1712 493 1766 6)
516 1711 723 1754 Declarat
747 1713 880 1755 Sacra
904 1710 1204 1768 congreg-alio
1226 1711 1346 1769 quod
1371 1709 1646 1756 Missionarii
1674 1710 1933 1767 Regulares,

154 1805 244 1836 non
279 1794 478 1838 exclusis
524 1793 730 1838 Patribus
763 1797 859 1839 Soc.
901 1798 1024 1850 lesu,
1062 1799 1280 1838 tenentur
1313 1794 1367 1838 ad
1402 1793 1711 1838 obedientiam
1750 1796 1795 1836 et
1833 1792 1935 1836 sub·

151 1875 397 1921 iectionem
434 1877 623 1922 Vicariis
657 1877 925 1935 Apostolicis
956 1879 1103 1938 quoad
1137 1878 1291 1922 omnia
1328 1877 1508 1934 negotia
1553 1882 1599 1921 et
1630 1875 1933 1921 directionem

151 1960 395 2004 missionis.
442 1961 681 2006 Concludit
715 1964 753 2006 S.
789 1962 1089 2020 Congregatio
1123 1963 1243 2022 quod
1281 1963 1536 2019 Regulares.
1589 1974 1750 2006 omnes
1783 1959 1933 2004 cuius·

150 2042 258 2087 libet
292 2043 510 2100 Institu[i‚
546 2045 788 2089 cuiuslibet
820 2045 1070 2101 societatis,
1097 2045 1218 2090 inter
1239 2059 1352 2105 quos
1390 2045 1632 2101 Regulares
1656 2043 1931 2089 nominatim

149 2138 173 2168 a
208 2128 304 2169 Sac.
332 2126 691 2184 Congregatioue
724 2127 865 2172 etiam
900 2132 1057 2173 Patres
1089 2132 1187 2173 Soc.
1216 2133 1314 2173 lesu
1349 2127 1822 2186 comprehenduntur,
1853 2140 1931 2170 ex·

148 2213 279 2265 cepta
311 2209 403 2253 sola
438 2209 620 2254 interna
652 2210 889 2269 disciplina
924 2211 1151 2269 Regulari,
1187 2212 1271 2256 sub
1302 2211 1617 2256 iurisdictione
1643 2210 1926 2255 vicariorum

152 2292 510 2349 Apostolicorum
556 2307 654 2339 esse
692 2294 738 2338 iu
779 2295 830 2339 iis
862 2310 978 2355 quae
1024 2296 1289 2341 missionem
1336 2295 1599 2354 respiciunt.
1653 2299 1705 2339 Et
1748 2292 1930 2339 etiamsi

147 2377 395 2420 teneantur
437 2377 621 2423 vinculo
668 2379 955 2424 obedientiae
1004 2394 1108 2438 erga
1157 2378 1419 2438 Superiores
1467 2380 1735 2437 Regulares‚
1772 2382 1927 2422 tamen

149 2458 322 2504 fortiori
359 2460 544 2505 vinculo
567 2475 674 2519 erga
702 2462 931 2507 Vicarium
957 2463 1266 2522 Apostolicum
1303 2463 1367 2507 uti
1397 2463 1661 2520 Delegatum
1698 2465 1777 2520 Ap.
1806 2460 1930 2505 Sedis

147 2541 419 2595 obligantur.

266 2627 366 2670 221.
405 2628 562 2681 Quoad
603 2630 846 2686 Regulares
880 2632 894 2654 2
944 2630 1269 2688 praescribitur
1311 2631 1512 2675 Vicarios
1551 2629 1831 2688 Apostolicos
1873 2628 1930 2672 ab

146 2709 359 2754 omnibus
390 2715 436 2754 et
467 2711 657 2769 singulis
704 2713 925 2771 religiosis
967 2714 1209 2758 cuiuslibet
1249 2714 1433 2759 Ordinis
1474 2712 1848 2772 Congregationis
1881 2716 1927 2757 et

147 2793 346 2837 instituti
369 2794 509 2839 etiam
544 2798 642 2840 Soc.
682 2800 778 2841 lesu
811 2798 996 2855 exigere
1029 2811 1159 2855 posse
1192 2802 1237 2841 et
1269 2798 1450 2853 debere,
1489 2803 1540 2841 ut
1572 2810 1677 2842 suas
1717 2801 1927 2855 patentes

263 2983 271 3002 ¹
301 2983 448 3020 Collect.
475 2995 511 3021 n.
536 2985 617 3022 417.

262 3054 275 3073 ¹
299 3055 469 3092 Clemens
494 3055 547 3093 IX
575 3058 612 3094 in
638 3058 762 3097 Const.
793 3061 1049 3106 Speculatores.
