2176 3386
775 193 905 223 unm».
931 194 956 222 1.
991 192 1048 221 DE
1077 191 1273 221 cmmcls
1836 178 1918 218 213

121 280 378 353 triennium
412 307 460 350 et
491 303 801 349 alienationes
833 317 914 361 pro
946 300 1112 361 quibus
1144 299 1388 345 facultates
1404 299 1578 373 habent
1608 297 1836 343 Ordinarii
1869 298 1914 342 vi

124 390 322 437 Canonis
358 383 585 433 Terrulas
616 386 679 430 ita
712 399 760 430 se
794 384 1028 430 habentis:
1069 405 1086 422 «
1115 383 1325 428 'l'erralas
1356 386 1436 427 aut
1476 381 1682 426 vineolas
1723 380 1914 439 exiguas

69 464 71 466 ’
125 476 172 519 et
205 472 432 518 Ecclesiae
467 470 619 515 minus
650 468 801 523 utiles,
836 471 917 512 aut
948 469 1083 525 longe
1117 466 1301 525 positas,
1338 478 1519 524 parvas,
1549 465 1793 523 Episcopus
1815 464 1913 508 sine

125 554 314 602 consilio
349 554 565 608 fratrum,
601 552 637 596 si
672 550 923 596 necessitas
965 549 1126 605 fuerit,
1170 548 1454 594 distrahendi
1505 548 1671 593 habeat
1720 552 1918 607 potesta-

124 642 218 683 tem
247 656 284 681 υ.
325 635 591 681 Notandum
628 638 783 678 autem
818 637 889 678 est
919 632 1039 692 quod
1073 632 1315 677 facultates
1349 631 1484 686 istae,
1531 644 1645 690 quas
1685 631 1916 675 Ordinarii

126 719 296 764 habent
331 718 375 763 vi
409 716 607 763 Canonis
643 716 884 771 Ter-ratas,
906 719 1145 775 nequeunt
1161 714 1367 759 exerceri
1393 714 1479 759 nisi
1503 728 1608 759 cum
1635 715 1766 759 valor
1787 714 1915 759 fundi

125 802 332 848 modicus
363 800 439 855 sit,
479 813 558 844 seu
594 800 713 844 intra
747 799 804 843 25
837 802 1016 843 scutata
1049 812 1187 843 aurea
1222 798 1278 842 de
1310 812 1512 866 camera,
1547 810 1665 856 quae
1697 796 1915 855 aequiva-

125 887 221 931 lent
253 884 414 929 libellis
448 883 613 928 italicis
660 884 768 928 255:
815 881 901 927 nisi
936 887 1094 927 tamen
1142 880 1230 926 loci
1264 881 1549 926 consuetudo
1599 881 1835 926 induxerit
1869 886 1919 925 nt

126 968 275 1013 dictus
310 968 439 1012 valor
474 967 614 1012 etiam
653 967 860 1011 modicus
893 966 1117 1010 habeatur
1148 965 1332 1025 quando
1380 969 1559 1009 scutata
1610 965 1665 1009 50
1707 969 1921 1010 monetae

128 1065 346 1096 romanae
381 1064 474 1095 non
510 1050 722 1094 excedat.
758 1052 1041 1095 Concurrere
1074 1049 1214 1093 etiam
1249 1049 1384 1093 debet
1418 1047 1534 1093 iusta
1568 1062 1704 1092 causa
1729 1047 1922 1093 Ordina-

130 1134 303 1179 riorum
337 1133 507 1178 iudicio
543 1133 839 1189 comprobata
865 1133 895 1176 ¹.
933 1135 1034 1176 Non
1071 1136 1260 1190 possunt
1291 1136 1447 1176 autem
1483 1130 1651 1175 Vicarii
1696 1131 1922 1188 Capitula-

133 1229 201 1261 res
233 1216 287 1260 iis
323 1215 622 1260 facultatibus
654 1215 720 1260 uti
758 1215 878 1260 circa
912 1215 1029 1260 bona
1082 1229 1267 1259 mensae
1316 1214 1586 1274 episcopalis
1631 1214 1844 1260 vacantis
1877 1219 1924 1259 et

130 1299 398 1344 vacantium
434 1299 731 1344 ecclesiarum
757 1304 802 1344 et
826 1298 1173 1344 beneficiorum.
1201 1302 1357 1358 Neque
1381 1298 1538 1343 itidem
1570 1297 1798 1342 ordinarii
1823 1310 1924 1357 pos·
1979 1340 1982 1343 .

131 1484 186 1520 vel
215 1484 335 1521 futura
364 1484 443 1530 lege
474 1494 541 1521 seu
571 1485 767 1531 privilegio
802 1484 1076 1521 affrancationis
1110 1485 1274 1526 canonis,
1308 1489 1340 1521 et
1380 1484 1656 1520 melioramenta
1693 1483 1818 1519 omnia
1843 1483 1924 1519 solo

130 1555 297 1592 cedendi

247 1627 281 1663 4.
309 1627 344 1664 Si
373 1632 507 1673 agatur
525 1628 568 1662 de
592 1627 782 1664 Ecclesiae
812 1628 918 1664 bonis
946 1628 1249 1673 oppignorandis‚
1270 1629 1326 1664 vel
1353 1629 1396 1666 de
1414 1639 1497 1666 aere
1517 1628 1638 1665 alieno
1657 1629 1922 1673 contrahendo,
1983 1679 1986 1682 ἢ

131 1708 280 1735 necesse
307 1704 372 1742 est,
399 1704 437 1736 ut
475 1700 576 1744 prius
615 1700 812 1736 audiantur
849 1709 978 1736 omnes
1018 1700 1194 1736 interesse
1231 1700 1422 1743 habentes,
1461 1706 1497 1736 et
1523 1706 1666 1737 constet
1703 1701 1747 1737 de
1776 1711 1860 1738 vera
1889 1706 1924 1738 et

133 1771 234 1816 gravi
263 1770 457 1808 Ecclesiae
486 1771 720 1815 necessitate3
749 1781 844 1817 quae
872 1772 900 1807 si
930 1782 1014 1807 vere
1036 1772 1246 1815 intercedat,
1265 1772 1470 1809 cavendum
1491 1777 1556 1814 est,
1583 1777 1620 1809 ut
1648 1773 1810 1809 debitum
1835 1772 1922 1810 illud

132 1851 215 1879 cum
244 1842 401 1888 primum
430 1843 506 1878 fieri
537 1843 682 1888 poterit,
708 1843 867 1880 ecclesia
895 1843 974 1889 ipsa
1000 1843 1170 1886 dimittat,
1196 1853 1312 1888 eaque
1339 1843 1385 1879 de
1412 1853 1524 1880 causa
1564 1844 1773 1889 imponatur
1805 1844 1923 1880 eidem

132 1913 289 1959 singulis
315 1914 352 1950 in
380 1913 530 1950 casibus
558 1914 737 1960 obligatio
766 1919 992 1951 contractum
1019 1915 1184 1951 debitum
1211 1915 1451 1961 extinguendi
1478 1915 1612 1952 annuis
1639 1916 1726 1951 ratis
1764 1916 1812 1952 ab
1843 1916 1924 1962 ipso

131 1984 315 2030 Episcopo
344 1986 617 2031 praefiniendis3
644 1986 689 2022 ad
717 1996 826 2032 quem
854 1985 1023 2023 effectum
1052 1987 1285 2023 determinati
1314 1987 1428 2033 aliqui
1456 1987 1634 2024 ecclesiae
1653 1987 1818 2024 eiusdem
1843 1988 1923 2024 red-

132 2055 229 2092 ditus
255 2060 362 2092 erunt
388 2056 618 2102 assignandi,
645 2067 687 2094 ac
715 2057 873 2102 singulis
899 2058 1046 2094 vicibus
1072 2058 1281 2103 deponendi
1312 2059 1348 2093 in
1374 2067 1486 2104 capsa
1513 2058 1678 2104 publica,
1718 2059 1774 2094 vel
1810 2068 1922 2104 penes

133 2127 328 2163 honestam
355 2132 464 2174 atque
492 2128 664 2165 idoneam
693 2139 898 2174 personam,
927 2133 964 2166 ut
986 2139 1052 2165 suo
1082 2133 1247 2175 tempore
1276 2130 1439 2166 investiri
1469 2130 1623 2175 possint.

251 2197 283 2234 5.
310 2198 401 2236 Cum
428 2209 516 2235 vero
545 2199 734 2236 Ecclesiae
761 2201 958 2246 pecuniam
986 2201 1148 2238 investiri
1170 2202 1371 2247 contingat,
1399 2201 1472 2238 duo
1508 2201 1691 2247 imprimis
1723 2200 1927 2245 diligentis-

134 2269 226 2306 sime
253 2270 415 2307 curanda
441 2276 566 2308 erunt:
596 2272 755 2317 primum
783 2277 821 2308 ut
847 2282 866 2308 a
886 2273 1137 2309 contractibus
1166 2273 1335 2310 ineundis
1369 2273 1478 2319 longe
1519 2273 1645 2318 procul
1685 2273 1731 2309 sit
1769 2272 1923 2318 quaevis

134 2342 301 2377 usuraria
327 2341 444 2384 labes,
470 2343 635 2379 secundo
662 2347 700 2380 ut
727 2343 917 2380 Ecclesiae
945 2343 1177 2380 indemnitati
1203 2351 1352 2381 cautum
1380 2345 1442 2381 sit:
1470 2345 1627 2390 ideoque
1665 2353 1739 2380 non
1766 2344 1924 2380 colloce-

135 2415 193 2448 tur
218 2412 383 2449 eiusdem
410 2414 569 2459 pecunia
597 2414 668 2450 nisi
695 2415 794 2460 apud
822 2415 996 2452 honestas
1022 2421 1058 2452 et
1086 2416 1236 2462 idoneas
1272 2426 1466 2462 personas,
1499 2426 1593 2462 quae
1635 2421 1820 2462 praestent.
1859 2417 1922 2462 hy-

135 2484 357 2528 potecariam
386 2485 679 2532 inscriptionem,
708 2486 766 2522 vel
793 2486 921 2523 saltem
942 2487 1113 2524 idoneam
1132 2488 1354 2532 cautionem;
1374 2497 1576 2534 omnesque
1599 2487 1809 2524 huiusmodi
1836 2497 1924 2524 con-

135 2557 273 2592 tractus
300 2555 458 2601 publicis
488 2556 623 2594 tabulis
651 2567 716 2603 pro
744 2562 891 2603 recepto
918 2559 1111 2604 regionum
1138 2569 1239 2596 more
1266 2560 1544 2605 consignentur.

252 2626 284 2663 6.
314 2627 480 2673 Denique
508 2628 545 2664 in
571 2628 824 2665 locationibus
852 2629 1034 2667 bonorum
1060 2630 1399 2668 ecclesiasticorum
1434 2631 1639 2667 cavendum
1668 2637 1739 2673 est,
1767 2635 1806 2667 ut
1832 2629 1928 2667 loca-

137 2697 253 2736 tiones
281 2700 488 2745 praedictae
517 2700 607 2738 fiant
635 2701 731 2738 iusto
760 2702 891 2747 pretio,
917 2707 1027 2747 atque
1055 2708 1094 2740 ut
1110 2713 1257 2740 annuae
1300 2704 1552 2749 responsionis
1591 2704 1726 2740 solutio
1758 2714 1833 2740 non
1864 2704 1925 2740 tiat

135 2769 331 2816 anticipata
359 2772 396 2806 in
423 2772 697 2817 praeiudicium
725 2782 995 2810 successorum.
1022 2774 1104 2810 Non
1124 2774 1247 2810 licebit
1266 2779 1389 2810 autem
1408 2775 1661 2812 ecelesiastica
1679 2775 1776 2811 bona
1802 2776 1922 2812 locare

136 2840 232 2878 ultra
258 2842 466 2887 triennium3
497 2843 630 2889 poterit
658 2849 782 2881 autem
811 2843 1037 2887 Ordinarius,
1064 2845 1094 2881 si
1122 2845 1322 2891 specialem
1350 2846 1396 2882 ab
1432 2846 1648 2892 Apostolica
1683 2846 1775 2883 Sede
1817 2856 1927 2892 super

68 2946 76 2951 .
136 2911 358 2950 alienatione
384 2914 567 2951 bonorum
593 2914 930 2952 ecclesiasticorum
960 2916 1173 2952 facultatem
1194 2916 1406 2960 obtinuerit,
1426 2918 1636 2963 permittere
1664 2922 1701 2953 ut
1722 2917 1925 2954 locationes

63 3004 85 3034 ς
138 2985 343 3031 praedictae
363 2985 451 3023 fiant
470 2987 579 3023 etiam
599 2987 696 3024 ultra
714 2988 945 3034 praedictum
965 2993 1121 3034 tempus,
1143 2989 1343 3026 dummodo
1360 2998 1435 3025 non
1452 2990 1605 3026 excedat
1625 2990 1868 3026 novennium.

256 3057 265 3076 ¹
295 3057 345 3094 ct,
371 3059 499 3095 PnTnA
527 3058 662 3095 Comm.
687 3059 730 3094 in
757 3059 871 3096 Const.
898 3059 964 3105 Ap.
984 3059 1024 3095 T.
1051 3059 1106 3102 V.‚
1123 3059 1217 3096 Sect.
1242 3059 1276 3102 2,
1301 3069 1326 3095 n
1363 3060 1420 3096 39.

1639 3139 1753 3211 ξγὴὶ)
1774 3134 1802 3178 l·-
1815 3136 1838 3182 F
1853 3151 1866 3159 “
1879 3141 1921 3202 ‘s‘-

1967 3088 2051 3149 »Ψ
