2176 3386
1155 0 1158 4 '
1404 2 1406 5 “
1446 3 1448 5 “
1517 1 1555 14 ·““
1610 0 1644 9 “”
1688 0 1755 19 'Sta‘
1771 10 1798 22 ,μ
1822 0 1947 34 ’.Π-ᾕέΜῖ-
1975 17 1991 25 ρ
2011 14 2016 24 ,
2056 17 2078 30 e
2095 31 2099 34 ι

227 195 278 235 78
896 207 1006 236 PARS
1036 208 1076 236 11.
1107 207 1164 236 DE
1195 207 1333 237 REBUS
2150 0 2176 251 Ι

2151 247 2176 297 3.

345 316 447 361 760.
484 319 584 361 Non
618 320 687 361 est
718 319 875 361 autem
908 315 1200 361 denuntiatio
1232 315 1484 361 differenda
1516 317 1636 361 ultra
1671 324 1895 362 mensem.
1955 320 2008 362 Et

226 399 509 458 negligentes
550 399 648 444 sive
681 399 967 457 culpabiliter
998 399 1268 444 omittentes
1309 399 1583 444 denuntiare
1625 399 1746 445 intra
1782 413 2007 457 mensem,

226 483 759 529 excommunicationem
813 483 932 527 latae
980 482 1240 527 sententiae
1293 482 1468 527 nemini
1517 487 1802 528 reservatam
1856 483 2008 529 incur-

226 569 335 611 runt
360 566 390 611 ¹.

344 649 444 693 761.
482 648 728 693 Poenitens
762 662 872 692 vero
905 647 1211 692 denuntiandi
1245 647 1509 706 obligationi
1543 647 1785 704 obnoxius,
1821 648 1857 693 si
1892 649 2011 693 forte

225 731 492 777 sollicitanti
526 730 811 777 Confessario
846 745 1023 775 morem
1057 732 1272 788 gesserit,
1319 745 1409 776 non
1444 735 1630 776 tenetur
1662 731 1844 789 culpam
1877 745 2007 776 suam

224 817 418 876 aperire,
444 816 758 875 iudicibusque
791 815 1061 873 gravissime
1084 820 1154 860 est
1179 815 1375 859 vetitum
1410 815 1458 859 in
1481 814 1801 860 denuntiantis
1823 815 2004 872 cuipam

224 900 315 944 ullo
349 899 484 944 modo
518 898 777 958 inquirere,
825 900 917 943 imo
950 902 997 943 et
1028 898 1072 942 in
1109 902 1212 943 acta
1253 898 1423 942 referre
1466 897 1611 957 siquid
1645 897 1703 942 ab
1736 897 1822 942 hoc
1856 897 2012 941 minus

225 987 358 1027 caute
391 982 446 1027 de
479 996 525 1027 se
558 981 732 1026 dictum
767 981 920 1026 fuerit.
981 981 1238 1026 Poenilenti
1275 995 1384 1026 vero
1417 980 1592 1039 aperiat
1625 980 1939 1027 confessarius
1971 981 2006 1025 si

226 1080 304 1124 per
335 1065 618 1111 calumniam
650 1064 1010 1120 sollicitationis,
1056 1066 1113 1109 de
1143 1079 1231 1124 qua
1266 1064 1440 1122 agitur,
1477 1064 1771 1109 Sacerdotem
1803 1068 2007 1119 accuset,

225 1148 512 1194 irretiturum
549 1149 747 1207 seipsum
782 1148 1022 1193 teterrimo
1054 1148 1226 1193 scelere
1258 1162 1311 1192 ac
1344 1147 1441 1204 tali,
1477 1162 1502 1192 a
1531 1161 1620 1206 quo
1656 1146 1742 1192 nisi
1778 1162 1858 1206 per
1880 1148 2010 1191 Sum-

226 1246 352 1277 mum
388 1231 657 1277 Pontificem
695 1235 825 1276 extra
861 1231 1022 1276 mortis
1055 1230 1319 1286 articulum,
1358 1245 1449 1275 non
1482 1230 1623 1289 possit
1655 1230 1848 1276 absolvi.

971 1473 1202 1502 Ani-mutus
1237 1474 1276 1503 v.

756 1593 815 1635 De
852 1590 1145 1648 Conse-ssione
1184 1591 1482 1636 Monialium.

346 1722 447 1766 762.
486 1725 533 1765 In
569 1721 767 1779 generali
804 1721 1023 1765 facultate
1057 1719 1369 1766 confessiones
1391 1719 1622 1775 audiendi,
1654 1734 1908 1779 numquam
1942 1720 2011 1764 in—

232 1805 433 1850 cludItur
475 1806 669 1850 facultas
710 1803 968 1862 excipiendi
1005 1803 1274 1849 monialium
1309 1804 1635 1849 confessiones.
1692 1803 1810 1848 Hinc
1842 1803 1897 1847 ad
1930 1805 2015 1847 has

226 1889 477 1934 audiendas
512 1888 777 1933 Sacerdotes
810 1890 950 1932 etiam
979 1888 1209 1945 regulares
1231 1888 1510 1947 quicumque
1533 1888 1642 1943 sint,
1678 1887 1862 1946 speciali
1896 1886 2010 1931 indi-

226 1976 335 2030 gent
367 1971 696 2031 approbatione
729 1972 908 2016 etiamsi
944 1975 1157 2029 ageretur
1179 1971 1233 2015 de
1257 1971 1548 2026 monialibus,
1583 1985 1700 2030 quae
1734 1971 2006 2028 regularium

225 2054 445 2113 gubernio
481 2055 677 2100 subsunt
700 2055 732 2099 2.
790 2058 944 2113 Neque
980 2068 1090 2098 vero
1132 2053 1168 2098 si
1201 2053 1426 2113 quispiam
1469 2057 1648 2098 certum
1691 2055 1746 2098 ad
1781 2057 2012 2097 monaste-

226 2138 346 2184 rium
389 2139 448 2183 sit
480 2137 736 2183 destinatus
781 2141 832 2181 ut
864 2137 924 2182 ibi
958 2137 1174 2182 ordinarii
1217 2142 1298 2181 aut
1338 2136 1690 2182 extraordinarii
1736 2136 2008 2183 confessarii

226 2235 419 2266 munere
454 2222 701 2278 fungatur,
737 2220 871 2265 debet
904 2220 1073 2265 idcirco
1107 2220 1374 2265 existimare
1407 2220 1707 2279 approbatum
1743 2233 1790 2264 se
1823 2233 1919 2265 esse
1952 2219 2008 2263 ad

227 2305 269 2350 id
303 2318 472 2350 munus
505 2304 551 2349 in
586 2304 674 2350 alio
709 2303 989 2349 monasterio
1022 2304 1352 2359 exercendum,
1389 2317 1473 2348 nec
1506 2303 1781 2362 approbatus
1815 2317 1893 2362 pro
1915 2317 2010 2348 una

347 2507 355 2526 ¹
384 2507 507 2544 Const.
535 2507 660 2554 Apost.
682 2508 790 2544 Sedis.
818 2527 862 2532 —
891 2507 1020 2551 Quoad
1039 2506 1337 2543 sollicitationem
1363 2505 1565 2542 notandum
1588 2509 1644 2542 est
1673 2504 1706 2551 1)
1726 2505 1825 2551 quod
1842 2514 1886 2542 ea
1903 2504 2011 2541 debet

226 2587 308 2615 esse
334 2578 427 2615 facta
454 2588 476 2614 a
503 2578 696 2615 Sacerdcte
737 2582 923 2624 tamquam
951 2587 973 2613 a
1001 2577 1253 2623 confessario,
1281 2577 1366 2613 hinc
1394 2577 1450 2612 vel
1486 2576 1524 2612 in
1555 2578 1640 2612 actu
1675 2576 1905 2622 consessionis
1933 2575 2013 2611 sive·
2168 2611 2176 2614 ,

224 2649 428 2686 immediate
454 2653 536 2686 ante
562 2650 638 2686 sive
663 2649 867 2686 immediate
891 2652 986 2695 post,
1013 2648 1070 2686 vel
1096 2654 1199 2685 extra
1226 2648 1499 2685 confessionem
1525 2648 1708 2685 occasione
1733 2646 1789 2684 vel
1811 2648 2010 2693 praetexta
2132 2690 2147 2708 Ι,
2168 2636 2176 2705 ζ

226 2720 284 2757 vel
310 2721 538 2758 simulatione
565 2721 821 2757 confessionis.
2135 2714 2147 2754 ὅ
2167 2750 2176 2779 ³

344 2792 557 2830 Notandum
585 2791 620 2838 2)
645 2796 701 2829 est
726 2792 824 2839 quod
851 2793 881 2829 si
909 2801 1020 2829 casus
1048 2792 1247 2829 occurrerit
1273 2801 1346 2837 quo
1373 2790 1549 2828 adhibitis
1576 2791 1697 2827 omnis
1716 2790 1863 2836 generis
1889 2789 2010 2825 horta·
2132 2769 2147 2832 ἔ
2168 2783 2176 2798 “

227 2865 389 2902 tionibus
416 2869 451 2901 et
476 2865 588 2901 minis
615 2865 846 2911 poenitentes
873 2864 976 2901 nullo
1003 2863 1114 2900 modo
1139 2863 1186 2900 ad
1212 2863 1510 2900 denunciandum
1538 2862 1661 2899 induci
1688 2866 1836 2907 queant,
1861 2860 2015 2897 Confes-

227 2937 345 2974 sarius
372 2946 465 2982 opus
493 2936 655 2973 caritatis
685 2936 794 2973 faciet
819 2935 849 2971 si
877 2944 1080 2981 suppresso
1118 2944 1245 2972 eorum
1283 2934 1457 2977 nomine,
1483 2934 1530 2970 ad
1555 2933 1652 2970 Sacr.
1684 2932 2013 2970 poenitentiali-iam

226 3016 352 3044 casum
380 3007 530 3043 deferat.

347 3079 360 3097 ³
386 3078 589 3124 Gregorius
616 3078 697 3122 XV,
723 3078 846 3115 Const.
875 3076 1115 3114 inscrutabili.
