<?xml version="1.0" encoding="UTF-8"?>
<!DOCTYPE html PUBLIC "-//W3C//DTD XHTML 1.0 Transitional//EN"
    "http://www.w3.org/TR/xhtml1/DTD/xhtml1-transitional.dtd">
<html xmlns="http://www.w3.org/1999/xhtml" xml:lang="en" lang="en">
 <head>
  <title>
</title>
<meta http-equiv="Content-Type" content="text/html;charset=utf-8" />
  <meta name='ocr-system' content='tesseract 3.04.00' />
  <meta name='ocr-capabilities' content='ocr_page ocr_carea ocr_par ocr_line ocrx_word'/>
</head>
<body>
  <div class='ocr_page' id='page_1' title='image "apparatus00ziteuoft_0703.png"; bbox 0 0 2176 3386; ppageno 0'>
   <div class='ocr_carea' id='block_1_1' title="bbox 0 0 161 412">
    <p class='ocr_par' dir='ltr' id='par_1_1' title="bbox 0 0 161 412">
     <span class='ocr_line' id='line_1_1' title="bbox 0 0 161 412; baseline 0 2974"><span class='ocrx_word' id='word_1_1' title='bbox 0 0 161 412; x_wconf 95' lang='lat' dir='ltr'> </span> 
     </span>
    </p>
   </div>
   <div class='ocr_carea' id='block_1_2' title="bbox 559 149 1986 194">
    <p class='ocr_par' dir='ltr' id='par_1_2' title="bbox 559 149 1986 194">
     <span class='ocr_line' id='line_1_2' title="bbox 559 149 1986 194; baseline -0.004 0"><span class='ocrx_word' id='word_1_2' title='bbox 559 165 690 194; x_wconf 81' lang='lat' dir='ltr'>LIBER</span> <span class='ocrx_word' id='word_1_3' title='bbox 719 166 744 194; x_wconf 85' lang='grc' dir='ltr'>Ι.</span> <span class='ocrx_word' id='word_1_4' title='bbox 775 165 831 193; x_wconf 84' lang='lat' dir='ltr'>DE</span> <span class='ocrx_word' id='word_1_5' title='bbox 861 163 999 193; x_wconf 79' lang='lat' dir='ltr'>REBUS</span> <span class='ocrx_word' id='word_1_6' title='bbox 1029 162 1265 192; x_wconf 82' lang='lat' dir='ltr'>ECCLESIAE</span> <span class='ocrx_word' id='word_1_7' title='bbox 1294 160 1623 191; x_wconf 80' lang='lat' dir='ltr'><strong>SPIRITUALIBUS</strong></span> <span class='ocrx_word' id='word_1_8' title='bbox 1909 149 1986 190; x_wconf 82' lang='grc'>199</span> 
     </span>
    </p>
   </div>
   <div class='ocr_carea' id='block_1_3' title="bbox 1701 215 1986 222">
    <p class='ocr_par' dir='ltr' id='par_1_3' title="bbox 1701 215 1986 222">
     <span class='ocr_line' id='line_1_3' title="bbox 1701 215 1986 222; baseline 0 0"><span class='ocrx_word' id='word_1_9' title='bbox 1701 215 1986 222; x_wconf 95' lang='lat' dir='ltr'> </span> 
     </span>
    </p>
   </div>
   <div class='ocr_carea' id='block_1_4' title="bbox 185 271 1985 3078">
    <p class='ocr_par' dir='ltr' id='par_1_4' title="bbox 191 271 1985 1314">
     <span class='ocr_line' id='line_1_4' title="bbox 319 271 1985 330; baseline -0.001 -13"><span class='ocrx_word' id='word_1_10' title='bbox 319 272 447 317; x_wconf 67' lang='lat'>1045.</span> <span class='ocrx_word' id='word_1_11' title='bbox 484 275 530 330; x_wconf 91' lang='lat' dir='ltr'>a)</span> <span class='ocrx_word' id='word_1_12' title='bbox 560 273 717 317; x_wconf 83' lang='lat' dir='ltr'>Relate</span> <span class='ocrx_word' id='word_1_13' title='bbox 738 271 794 316; x_wconf 86' lang='lat' dir='ltr'>ad</span> <span class='ocrx_word' id='word_1_14' title='bbox 820 271 1206 329; x_wconf 78' lang='lat' dir='ltr'><em>impedimentum</em></span> <span class='ocrx_word' id='word_1_15' title='bbox 1228 285 1284 314; x_wconf 76' lang='lat' dir='ltr'>ex</span> <span class='ocrx_word' id='word_1_16' title='bbox 1305 271 1492 315; x_wconf 79' lang='lat' dir='ltr'>vinculo</span> <span class='ocrx_word' id='word_1_17' title='bbox 1511 271 1803 328; x_wconf 70' lang='lat' dir='ltr'><em>sponsahum</em></span> <span class='ocrx_word' id='word_1_18' title='bbox 1841 273 1880 330; x_wconf 95' lang='lat'>1)</span> <span class='ocrx_word' id='word_1_19' title='bbox 1905 272 1985 317; x_wconf 93' lang='lat' dir='ltr'>du-</span> 
     </span>
     <span class='ocr_line' id='line_1_5' title="bbox 195 352 1983 411; baseline 0 -11"><span class='ocrx_word' id='word_1_20' title='bbox 195 358 328 401; x_wconf 81' lang='lat' dir='ltr'>rante</span> <span class='ocrx_word' id='word_1_21' title='bbox 373 355 557 400; x_wconf 90' lang='lat' dir='ltr'>actione</span> <span class='ocrx_word' id='word_1_22' title='bbox 593 353 794 399; x_wconf 88' lang='lat' dir='ltr'>iudiciali</span> <span class='ocrx_word' id='word_1_23' title='bbox 835 367 972 410; x_wconf 88' lang='lat' dir='ltr'>super</span> <span class='ocrx_word' id='word_1_24' title='bbox 1004 352 1243 398; x_wconf 82' lang='lat' dir='ltr'>validitate</span> <span class='ocrx_word' id='word_1_25' title='bbox 1290 353 1601 411; x_wconf 59' lang='lat' dir='ltr'>sponsalium,</span> <span class='ocrx_word' id='word_1_26' title='bbox 1635 358 1841 400; x_wconf 88' lang='lat' dir='ltr'>oratores</span> <span class='ocrx_word' id='word_1_27' title='bbox 1890 369 1983 401; x_wconf 92' lang='lat' dir='ltr'>non</span> 
     </span>
     <span class='ocr_line' id='line_1_6' title="bbox 193 436 1983 497; baseline 0.001 -15"><span class='ocrx_word' id='word_1_28' title='bbox 193 437 445 482; x_wconf 89' lang='lat' dir='ltr'>audiuntur</span> <span class='ocrx_word' id='word_1_29' title='bbox 478 451 557 496; x_wconf 89' lang='lat' dir='ltr'>pro</span> <span class='ocrx_word' id='word_1_30' title='bbox 589 437 932 495; x_wconf 81' lang='lat' dir='ltr'><strong>dispensatione</strong></span> <span class='ocrx_word' id='word_1_31' title='bbox 955 436 1221 491; x_wconf 80' lang='lat' dir='ltr'>obtinenda3</span> <span class='ocrx_word' id='word_1_32' title='bbox 1258 437 1301 493; x_wconf 77' lang='lat'>2)</span> <span class='ocrx_word' id='word_1_33' title='bbox 1325 439 1530 481; x_wconf 89' lang='lat' dir='ltr'>oratores</span> <span class='ocrx_word' id='word_1_34' title='bbox 1561 436 1616 481; x_wconf 91' lang='lat' dir='ltr'>de</span> <span class='ocrx_word' id='word_1_35' title='bbox 1639 436 1983 497; x_wconf 79' lang='lat' dir='ltr'>dispensatione</span> 
     </span>
     <span class='ocr_line' id='line_1_7' title="bbox 194 519 1981 580; baseline 0 -14"><span class='ocrx_word' id='word_1_36' title='bbox 194 520 366 580; x_wconf 88' lang='lat' dir='ltr'>pariter</span> <span class='ocrx_word' id='word_1_37' title='bbox 398 534 489 565; x_wconf 88' lang='lat' dir='ltr'>non</span> <span class='ocrx_word' id='word_1_38' title='bbox 523 521 776 565; x_wconf 88' lang='lat' dir='ltr'>audiuntur</span> <span class='ocrx_word' id='word_1_39' title='bbox 808 520 894 565; x_wconf 89' lang='lat' dir='ltr'>nisi</span> <span class='ocrx_word' id='word_1_40' title='bbox 928 520 1053 579; x_wconf 91' lang='lat' dir='ltr'>prius</span> <span class='ocrx_word' id='word_1_41' title='bbox 1083 519 1394 564; x_wconf 88' lang='lat' dir='ltr'>ecclesiastica</span> <span class='ocrx_word' id='word_1_42' title='bbox 1417 519 1669 565; x_wconf 88' lang='lat' dir='ltr'>auctoritas</span> <span class='ocrx_word' id='word_1_43' title='bbox 1692 521 1981 567; x_wconf 88' lang='lat' dir='ltr'>hortationes</span> 
     </span>
     <span class='ocr_line' id='line_1_8' title="bbox 193 602 1982 660; baseline 0 -11"><span class='ocrx_word' id='word_1_44' title='bbox 193 618 247 649; x_wconf 89' lang='lat' dir='ltr'>ac</span> <span class='ocrx_word' id='word_1_45' title='bbox 285 605 435 649; x_wconf 88' lang='lat' dir='ltr'>minas</span> <span class='ocrx_word' id='word_1_46' title='bbox 482 604 743 648; x_wconf 87' lang='lat' dir='ltr'>adhibuerit</span> <span class='ocrx_word' id='word_1_47' title='bbox 786 617 892 660; x_wconf 86' lang='lat' dir='ltr'>erga</span> <span class='ocrx_word' id='word_1_48' title='bbox 940 603 1247 647; x_wconf 80' lang='lat' dir='ltr'>reluctantem</span> <span class='ocrx_word' id='word_1_49' title='bbox 1292 602 1426 647; x_wconf 82' lang='lat' dir='ltr'>fidem</span> <span class='ocrx_word' id='word_1_50' title='bbox 1476 616 1691 657; x_wconf 84' lang='lat' dir='ltr'>servare,</span> <span class='ocrx_word' id='word_1_51' title='bbox 1726 607 1773 648; x_wconf 91' lang='lat' dir='ltr'>et</span> <span class='ocrx_word' id='word_1_52' title='bbox 1806 604 1982 649; x_wconf 91' lang='lat' dir='ltr'>monita</span> 
     </span>
     <span class='ocr_line' id='line_1_9' title="bbox 193 685 1982 745; baseline 0.001 -14"><span class='ocrx_word' id='word_1_53' title='bbox 193 687 522 745; x_wconf 75' lang='lat' dir='ltr'>interposuerit</span> <span class='ocrx_word' id='word_1_54' title='bbox 562 686 711 745; x_wconf 86' lang='lat' dir='ltr'>quoad</span> <span class='ocrx_word' id='word_1_55' title='bbox 758 686 897 731; x_wconf 87' lang='lat' dir='ltr'>aliam</span> <span class='ocrx_word' id='word_1_56' title='bbox 939 691 1145 744; x_wconf 88' lang='lat' dir='ltr'>partem,</span> <span class='ocrx_word' id='word_1_57' title='bbox 1192 690 1243 729; x_wconf 88' lang='lat' dir='ltr'>ut</span> <span class='ocrx_word' id='word_1_58' title='bbox 1287 685 1372 730; x_wconf 89' lang='lat' dir='ltr'>iuri</span> <span class='ocrx_word' id='word_1_59' title='bbox 1416 699 1499 731; x_wconf 90' lang='lat' dir='ltr'>suo</span> <span class='ocrx_word' id='word_1_60' title='bbox 1545 691 1728 745; x_wconf 88' lang='lat' dir='ltr'>propter</span> <span class='ocrx_word' id='word_1_61' title='bbox 1771 686 1982 744; x_wconf 83' lang='lat' dir='ltr'>graviora</span> 
     </span>
     <span class='ocr_line' id='line_1_10' title="bbox 191 764 1983 829; baseline 0 -16"><span class='ocrx_word' id='word_1_62' title='bbox 191 769 359 814; x_wconf 88' lang='lat' dir='ltr'>damna</span> <span class='ocrx_word' id='word_1_63' title='bbox 408 774 656 829; x_wconf 86' lang='lat' dir='ltr'>sequutura</span> <span class='ocrx_word' id='word_1_64' title='bbox 701 764 959 814; x_wconf 82' lang='lat' dir='ltr'>renunciet.</span> <span class='ocrx_word' id='word_1_65' title='bbox 1010 773 1135 823; x_wconf 85' lang='lat' dir='ltr'>Quae</span> <span class='ocrx_word' id='word_1_66' title='bbox 1183 768 1468 814; x_wconf 78' lang='lat' dir='ltr'>hortationes</span> <span class='ocrx_word' id='word_1_67' title='bbox 1499 782 1552 813; x_wconf 88' lang='lat' dir='ltr'>ac</span> <span class='ocrx_word' id='word_1_68' title='bbox 1588 769 1740 814; x_wconf 89' lang='lat' dir='ltr'>minae</span> <span class='ocrx_word' id='word_1_69' title='bbox 1776 769 1831 813; x_wconf 88' lang='lat' dir='ltr'>ad</span> <span class='ocrx_word' id='word_1_70' title='bbox 1874 769 1983 814; x_wconf 90' lang='lat' dir='ltr'>iuris</span> 
     </span>
     <span class='ocr_line' id='line_1_11' title="bbox 195 850 1982 910; baseline -0.001 -13"><span class='ocrx_word' id='word_1_71' title='bbox 195 853 407 897; x_wconf 85' lang='lat' dir='ltr'>tramites</span> <span class='ocrx_word' id='word_1_72' title='bbox 439 853 676 898; x_wconf 87' lang='lat' dir='ltr'>faciendae</span> <span class='ocrx_word' id='word_1_73' title='bbox 709 857 845 909; x_wconf 86' lang='lat' dir='ltr'>sunt;</span> <span class='ocrx_word' id='word_1_74' title='bbox 882 851 990 896; x_wconf 84' lang='lat' dir='ltr'>hinc</span> <span class='ocrx_word' id='word_1_75' title='bbox 1014 852 1138 910; x_wconf 89' lang='lat' dir='ltr'>prius</span> <span class='ocrx_word' id='word_1_76' title='bbox 1161 852 1420 896; x_wconf 88' lang='lat' dir='ltr'>monendus</span> <span class='ocrx_word' id='word_1_77' title='bbox 1454 852 1703 907; x_wconf 88' lang='lat' dir='ltr'>reluctans,</span> <span class='ocrx_word' id='word_1_78' title='bbox 1728 850 1834 896; x_wconf 90' lang='lat' dir='ltr'>dein</span> <span class='ocrx_word' id='word_1_79' title='bbox 1858 866 1982 896; x_wconf 89' lang='lat' dir='ltr'>com-</span> 
     </span>
     <span class='ocr_line' id='line_1_12' title="bbox 195 934 1982 995; baseline -0.002 -14"><span class='ocrx_word' id='word_1_80' title='bbox 195 937 430 994; x_wconf 81' lang='lat' dir='ltr'>pellendus</span> <span class='ocrx_word' id='word_1_81' title='bbox 461 937 601 981; x_wconf 86' lang='lat' dir='ltr'>etiam</span> <span class='ocrx_word' id='word_1_82' title='bbox 636 951 716 995; x_wconf 90' lang='lat' dir='ltr'>per</span> <span class='ocrx_word' id='word_1_83' title='bbox 747 949 967 982; x_wconf 87' lang='lat' dir='ltr'>censuras</span> <span class='ocrx_word' id='word_1_84' title='bbox 998 949 1023 979; x_wconf 89' lang='lat' dir='ltr'>a</span> <span class='ocrx_word' id='word_1_85' title='bbox 1057 935 1222 995; x_wconf 84' lang='lat' dir='ltr'>quibus</span> <span class='ocrx_word' id='word_1_86' title='bbox 1254 939 1411 980; x_wconf 84' lang='lat' dir='ltr'>tamen</span> <span class='ocrx_word' id='word_1_87' title='bbox 1446 935 1774 980; x_wconf 88' lang='lat' dir='ltr'>abstinendum</span> <span class='ocrx_word' id='word_1_88' title='bbox 1813 934 1849 979; x_wconf 90' lang='lat' dir='ltr'>si</span> <span class='ocrx_word' id='word_1_89' title='bbox 1883 949 1982 992; x_wconf 84' lang='lat' dir='ltr'>gra·</span> 
     </span>
     <span class='ocr_line' id='line_1_13' title="bbox 192 1016 1979 1078; baseline -0.002 -14"><span class='ocrx_word' id='word_1_90' title='bbox 192 1019 318 1064; x_wconf 87' lang='lat' dir='ltr'>viora</span> <span class='ocrx_word' id='word_1_91' title='bbox 354 1020 713 1078; x_wconf 88' lang='lat' dir='ltr'>praevideantur</span> <span class='ocrx_word' id='word_1_92' title='bbox 734 1019 870 1064; x_wconf 87' lang='lat' dir='ltr'>mala.</span> <span class='ocrx_word' id='word_1_93' title='bbox 906 1019 947 1074; x_wconf 82' lang='lat'>5)</span> <span class='ocrx_word' id='word_1_94' title='bbox 979 1018 1266 1076; x_wconf 86' lang='lat' dir='ltr'>Dispensatio</span> <span class='ocrx_word' id='word_1_95' title='bbox 1300 1033 1326 1063; x_wconf 88' lang='lat' dir='ltr'>a</span> <span class='ocrx_word' id='word_1_96' title='bbox 1350 1018 1538 1063; x_wconf 82' lang='lat' dir='ltr'>vinculo</span> <span class='ocrx_word' id='word_1_97' title='bbox 1571 1017 1852 1076; x_wconf 90' lang='lat' dir='ltr'>sponsalium</span> <span class='ocrx_word' id='word_1_98' title='bbox 1888 1016 1979 1075; x_wconf 88' lang='lat' dir='ltr'>peti</span> 
     </span>
     <span class='ocr_line' id='line_1_14' title="bbox 192 1100 1980 1162; baseline -0.002 -14"><span class='ocrx_word' id='word_1_99' title='bbox 192 1117 283 1148; x_wconf 91' lang='lat' dir='ltr'>non</span> <span class='ocrx_word' id='word_1_100' title='bbox 330 1108 478 1162; x_wconf 89' lang='lat' dir='ltr'>potest</span> <span class='ocrx_word' id='word_1_101' title='bbox 518 1103 605 1147; x_wconf 91' lang='lat' dir='ltr'>nisi</span> <span class='ocrx_word' id='word_1_102' title='bbox 638 1117 697 1147; x_wconf 86' lang='lat' dir='ltr'>ex</span> <span class='ocrx_word' id='word_1_103' title='bbox 729 1102 1013 1160; x_wconf 84' lang='lat' dir='ltr'>gravissimis</span> <span class='ocrx_word' id='word_1_104' title='bbox 1059 1101 1421 1146; x_wconf 79' lang='lat' dir='ltr'>circumstantiis</span> <span class='ocrx_word' id='word_1_105' title='bbox 1455 1101 1780 1160; x_wconf 86' lang='lat' dir='ltr'>praevideatur</span> <span class='ocrx_word' id='word_1_106' title='bbox 1825 1100 1980 1145; x_wconf 87' lang='lat' dir='ltr'>matri-</span> 
     </span>
     <span class='ocr_line' id='line_1_15' title="bbox 192 1185 1980 1242; baseline -0.001 -12"><span class='ocrx_word' id='word_1_107' title='bbox 192 1186 398 1231; x_wconf 85' lang='lat' dir='ltr'>monium</span> <span class='ocrx_word' id='word_1_108' title='bbox 433 1186 801 1231; x_wconf 85' lang='lat' dir='ltr'>contrahendum</span> <span class='ocrx_word' id='word_1_109' title='bbox 848 1186 1102 1230; x_wconf 83' lang='lat' dir='ltr'>infaustum</span> <span class='ocrx_word' id='word_1_110' title='bbox 1137 1189 1182 1229; x_wconf 89' lang='lat' dir='ltr'>et</span> <span class='ocrx_word' id='word_1_111' title='bbox 1216 1185 1481 1242; x_wconf 73' lang='lat' dir='ltr'>graviorum</span> <span class='ocrx_word' id='word_1_112' title='bbox 1532 1185 1758 1229; x_wconf 89' lang='lat' dir='ltr'>malorum</span> <span class='ocrx_word' id='word_1_113' title='bbox 1792 1197 1980 1228; x_wconf 82' lang='lat' dir='ltr'>causam</span> 
     </span>
     <span class='ocr_line' id='line_1_16' title="bbox 191 1269 464 1314; baseline 0.004 -1"><span class='ocrx_word' id='word_1_114' title='bbox 191 1269 464 1314; x_wconf 86' lang='lat' dir='ltr'>extiturum.</span> 
     </span>
    </p>

    <p class='ocr_par' dir='ltr' id='par_1_5' title="bbox 187 1352 1982 2580">
     <span class='ocr_line' id='line_1_17' title="bbox 312 1352 1979 1411; baseline -0.001 -13"><span class='ocrx_word' id='word_1_115' title='bbox 312 1354 439 1398; x_wconf 70' lang='lat'>1046.</span> <span class='ocrx_word' id='word_1_116' title='bbox 475 1354 514 1408; x_wconf 81' lang='lat' dir='ltr'>b)</span> <span class='ocrx_word' id='word_1_117' title='bbox 556 1354 709 1399; x_wconf 83' lang='lat' dir='ltr'>Relate</span> <span class='ocrx_word' id='word_1_118' title='bbox 742 1353 796 1397; x_wconf 87' lang='lat' dir='ltr'>ad</span> <span class='ocrx_word' id='word_1_119' title='bbox 831 1359 934 1397; x_wconf 79' lang='lat' dir='ltr'>vota</span> <span class='ocrx_word' id='word_1_120' title='bbox 968 1356 1023 1397; x_wconf 88' lang='lat' dir='ltr'>R.</span> <span class='ocrx_word' id='word_1_121' title='bbox 1062 1353 1280 1411; x_wconf 76' lang='lat' dir='ltr'>Pontifici</span> <span class='ocrx_word' id='word_1_122' title='bbox 1311 1360 1551 1397; x_wconf 73' lang='lat' dir='ltr'>reservata</span> <span class='ocrx_word' id='word_1_123' title='bbox 1589 1353 1626 1409; x_wconf 91' lang='grc'>1)</span> <span class='ocrx_word' id='word_1_124' title='bbox 1666 1352 1809 1397; x_wconf 84' lang='lat' dir='ltr'>maior</span> <span class='ocrx_word' id='word_1_125' title='bbox 1843 1365 1979 1397; x_wconf 82' lang='lat' dir='ltr'>causa</span> 
     </span>
     <span class='ocr_line' id='line_1_18' title="bbox 193 1435 1978 1495; baseline -0.001 -15"><span class='ocrx_word' id='word_1_126' title='bbox 193 1436 440 1495; x_wconf 86' lang='lat' dir='ltr'>requiritur</span> <span class='ocrx_word' id='word_1_127' title='bbox 462 1436 516 1480; x_wconf 87' lang='lat' dir='ltr'>ad</span> <span class='ocrx_word' id='word_1_128' title='bbox 542 1436 786 1494; x_wconf 83' lang='lat' dir='ltr'>petendam</span> <span class='ocrx_word' id='word_1_129' title='bbox 820 1435 1210 1493; x_wconf 81' lang='lat' dir='ltr'>dispensationem</span> <span class='ocrx_word' id='word_1_130' title='bbox 1246 1435 1429 1495; x_wconf 84' lang='lat' dir='ltr'>quando</span> <span class='ocrx_word' id='word_1_131' title='bbox 1461 1435 1613 1493; x_wconf 84' lang='lat' dir='ltr'>agitur</span> <span class='ocrx_word' id='word_1_132' title='bbox 1643 1435 1698 1479; x_wconf 92' lang='lat' dir='ltr'>de</span> <span class='ocrx_word' id='word_1_133' title='bbox 1732 1449 1866 1479; x_wconf 81' lang='lat' dir='ltr'>mera</span> <span class='ocrx_word' id='word_1_134' title='bbox 1889 1435 1978 1479; x_wconf 84' lang='lat' dir='ltr'>dis-</span> 
     </span>
     <span class='ocr_line' id='line_1_19' title="bbox 188 1518 1977 1577; baseline 0 -15"><span class='ocrx_word' id='word_1_135' title='bbox 188 1522 485 1575; x_wconf 78' lang='lat' dir='ltr'>pensatione,</span> <span class='ocrx_word' id='word_1_136' title='bbox 520 1533 659 1577; x_wconf 88' lang='lat' dir='ltr'>quam</span> <span class='ocrx_word' id='word_1_137' title='bbox 702 1533 819 1565; x_wconf 79' lang='lat' dir='ltr'>cum.</span> <span class='ocrx_word' id='word_1_138' title='bbox 842 1518 994 1576; x_wconf 82' lang='lat' dir='ltr'>agitur</span> <span class='ocrx_word' id='word_1_139' title='bbox 1026 1522 1081 1563; x_wconf 88' lang='lat' dir='ltr'>‹le</span> <span class='ocrx_word' id='word_1_140' title='bbox 1110 1521 1487 1574; x_wconf 75' lang='lat' dir='ltr'>commutatione,</span> <span class='ocrx_word' id='word_1_141' title='bbox 1526 1519 1589 1562; x_wconf 91' lang='lat' dir='ltr'>uti</span> <span class='ocrx_word' id='word_1_142' title='bbox 1624 1518 1810 1576; x_wconf 81' lang='lat' dir='ltr'>gravior</span> <span class='ocrx_word' id='word_1_143' title='bbox 1842 1532 1977 1563; x_wconf 86' lang='lat' dir='ltr'>causa</span> 
     </span>
     <span class='ocr_line' id='line_1_20' title="bbox 191 1602 1982 1661; baseline 0 -15"><span class='ocrx_word' id='word_1_144' title='bbox 191 1604 398 1659; x_wconf 65' lang='lat' dir='ltr'>exigitur</span> <span class='ocrx_word' id='word_1_145' title='bbox 431 1605 481 1646; x_wconf 86' lang='lat' dir='ltr'>in</span> <span class='ocrx_word' id='word_1_146' title='bbox 514 1605 876 1647; x_wconf 80' lang='lat' dir='ltr'>commutatione</span> <span class='ocrx_word' id='word_1_147' title='bbox 907 1603 1247 1659; x_wconf 74' lang='lat' dir='ltr'>dispensationi</span> <span class='ocrx_word' id='word_1_148' title='bbox 1278 1603 1508 1657; x_wconf 74' lang='lat' dir='ltr'>admixta,</span> <span class='ocrx_word' id='word_1_149' title='bbox 1535 1616 1672 1661; x_wconf 82' lang='lat' dir='ltr'>quam</span> <span class='ocrx_word' id='word_1_150' title='bbox 1708 1602 1754 1646; x_wconf 94' lang='lat' dir='ltr'>in</span> <span class='ocrx_word' id='word_1_151' title='bbox 1778 1603 1982 1659; x_wconf 82' lang='lat' dir='ltr'>simplici</span> 
     </span>
     <span class='ocr_line' id='line_1_21' title="bbox 190 1685 1979 1743; baseline -0.001 -13"><span class='ocrx_word' id='word_1_152' title='bbox 190 1688 565 1730; x_wconf 83' lang='lat' dir='ltr'>commutatione.</span> <span class='ocrx_word' id='word_1_153' title='bbox 602 1687 644 1743; x_wconf 73' lang='lat'>2)</span> <span class='ocrx_word' id='word_1_154' title='bbox 680 1690 793 1730; x_wconf 90' lang='lat' dir='ltr'>ltem</span> <span class='ocrx_word' id='word_1_155' title='bbox 835 1685 870 1730; x_wconf 87' lang='lat' dir='ltr'>si</span> <span class='ocrx_word' id='word_1_156' title='bbox 921 1685 1056 1730; x_wconf 91' lang='lat' dir='ltr'>simul</span> <span class='ocrx_word' id='word_1_157' title='bbox 1091 1690 1378 1730; x_wconf 88' lang='lat' dir='ltr'>concurrunt</span> <span class='ocrx_word' id='word_1_158' title='bbox 1425 1687 1618 1730; x_wconf 76' lang='lat' dir='ltr'>vincula</span> <span class='ocrx_word' id='word_1_159' title='bbox 1651 1688 1742 1730; x_wconf 83' lang='lat' dir='ltr'>voti</span> <span class='ocrx_word' id='word_1_160' title='bbox 1772 1692 1813 1730; x_wconf 83' lang='lat' dir='ltr'>et</span> <span class='ocrx_word' id='word_1_161' title='bbox 1850 1688 1979 1729; x_wconf 80' lang='lat' dir='ltr'>iura-</span> 
     </span>
     <span class='ocr_line' id='line_1_22' title="bbox 191 1769 1978 1827; baseline 0 -16"><span class='ocrx_word' id='word_1_162' title='bbox 191 1772 350 1824; x_wconf 83' lang='lat' dir='ltr'>menti,</span> <span class='ocrx_word' id='word_1_163' title='bbox 377 1772 532 1815; x_wconf 82' lang='lat' dir='ltr'>maior</span> <span class='ocrx_word' id='word_1_164' title='bbox 555 1782 701 1813; x_wconf 78' lang='lat' dir='ltr'>eausa</span> <span class='ocrx_word' id='word_1_165' title='bbox 724 1772 931 1825; x_wconf 73' lang='lat' dir='ltr'>eoeiyitur</span> <span class='ocrx_word' id='word_1_166' title='bbox 954 1769 1018 1813; x_wconf 82' lang='lat' dir='ltr'>ad</span> <span class='ocrx_word' id='word_1_167' title='bbox 1039 1769 1412 1825; x_wconf 69' lang='lat' dir='ltr'>dispensandam</span> <span class='ocrx_word' id='word_1_168' title='bbox 1445 1783 1587 1826; x_wconf 72' lang='lat' dir='ltr'>snper</span> <span class='ocrx_word' id='word_1_169' title='bbox 1613 1775 1803 1827; x_wconf 73' lang='lat' dir='ltr'>atroque</span> <span class='ocrx_word' id='word_1_170' title='bbox 1835 1782 1978 1827; x_wconf 74' lang='lat' dir='ltr'>quam</span> 
     </span>
     <span class='ocr_line' id='line_1_23' title="bbox 187 1850 1976 1910; baseline -0.001 -14"><span class='ocrx_word' id='word_1_171' title='bbox 187 1866 328 1910; x_wconf 77' lang='lat' dir='ltr'>super</span> <span class='ocrx_word' id='word_1_172' title='bbox 361 1853 601 1896; x_wconf 80' lang='lat' dir='ltr'>alterutro.</span> <span class='ocrx_word' id='word_1_173' title='bbox 638 1854 775 1896; x_wconf 87' lang='lat' dir='ltr'>Secus</span> <span class='ocrx_word' id='word_1_174' title='bbox 807 1851 843 1895; x_wconf 83' lang='lat' dir='ltr'>si</span> <span class='ocrx_word' id='word_1_175' title='bbox 878 1857 1040 1908; x_wconf 81' lang='lat' dir='ltr'>agatur</span> <span class='ocrx_word' id='word_1_176' title='bbox 1072 1850 1126 1895; x_wconf 91' lang='lat' dir='ltr'>de</span> <span class='ocrx_word' id='word_1_177' title='bbox 1166 1850 1550 1906; x_wconf 89' lang='lat' dir='ltr'>commutatione,</span> <span class='ocrx_word' id='word_1_178' title='bbox 1586 1865 1666 1908; x_wconf 88' lang='lat' dir='ltr'>per</span> <span class='ocrx_word' id='word_1_179' title='bbox 1697 1851 1817 1895; x_wconf 84' lang='lat' dir='ltr'>hanc</span> <span class='ocrx_word' id='word_1_180' title='bbox 1851 1851 1976 1895; x_wconf 89' lang='lat' dir='ltr'>enim</span> 
     </span>
     <span class='ocr_line' id='line_1_24' title="bbox 189 1933 1976 1992; baseline -0.002 -11"><span class='ocrx_word' id='word_1_181' title='bbox 189 1942 406 1981; x_wconf 89' lang='lat' dir='ltr'>neutrum</span> <span class='ocrx_word' id='word_1_182' title='bbox 442 1935 683 1980; x_wconf 91' lang='lat' dir='ltr'>vinculum</span> <span class='ocrx_word' id='word_1_183' title='bbox 718 1934 907 1979; x_wconf 89' lang='lat' dir='ltr'>tollitur.</span> <span class='ocrx_word' id='word_1_184' title='bbox 945 1938 994 1978; x_wconf 90' lang='lat' dir='ltr'>In</span> <span class='ocrx_word' id='word_1_185' title='bbox 1015 1934 1143 1992; x_wconf 82' lang='lat' dir='ltr'>praxi</span> <span class='ocrx_word' id='word_1_186' title='bbox 1170 1933 1448 1991; x_wconf 83' lang='lat' dir='ltr'>dispensatio</span> <span class='ocrx_word' id='word_1_187' title='bbox 1480 1948 1573 1978; x_wconf 91' lang='lat' dir='ltr'>non</span> <span class='ocrx_word' id='word_1_188' title='bbox 1595 1934 1868 1979; x_wconf 82' lang='lat' dir='ltr'>&#39;conceditur</span> <span class='ocrx_word' id='word_1_189' title='bbox 1891 1934 1976 1979; x_wconf 89' lang='lat' dir='ltr'>nisi</span> 
     </span>
     <span class='ocr_line' id='line_1_25' title="bbox 189 2018 1978 2077; baseline -0.001 -13"><span class='ocrx_word' id='word_1_190' title='bbox 189 2020 335 2064; x_wconf 87' lang='lat' dir='ltr'>mixta</span> <span class='ocrx_word' id='word_1_191' title='bbox 370 2033 476 2064; x_wconf 92' lang='lat' dir='ltr'>cum</span> <span class='ocrx_word' id='word_1_192' title='bbox 510 2018 892 2063; x_wconf 88' lang='lat' dir='ltr'>commutatione.</span> <span class='ocrx_word' id='word_1_193' title='bbox 937 2018 978 2070; x_wconf 79' lang='lat'>5)</span> <span class='ocrx_word' id='word_1_194' title='bbox 1012 2021 1226 2063; x_wconf 86' lang='lat' dir='ltr'>Ceterum</span> <span class='ocrx_word' id='word_1_195' title='bbox 1276 2031 1441 2062; x_wconf 86' lang='lat' dir='ltr'>causae</span> <span class='ocrx_word' id='word_1_196' title='bbox 1477 2018 1757 2063; x_wconf 85' lang='lat' dir='ltr'>sufficientes</span> <span class='ocrx_word' id='word_1_197' title='bbox 1804 2018 1859 2062; x_wconf 88' lang='lat' dir='ltr'>ad</span> <span class='ocrx_word' id='word_1_198' title='bbox 1904 2033 1978 2077; x_wconf 90' lang='lat' dir='ltr'>pe-</span> 
     </span>
     <span class='ocr_line' id='line_1_26' title="bbox 189 2101 1976 2161; baseline 0 -14"><span class='ocrx_word' id='word_1_199' title='bbox 189 2103 374 2149; x_wconf 92' lang='lat' dir='ltr'>tendam</span> <span class='ocrx_word' id='word_1_200' title='bbox 414 2103 805 2161; x_wconf 87' lang='lat' dir='ltr'>dispensationem</span> <span class='ocrx_word' id='word_1_201' title='bbox 840 2116 865 2146; x_wconf 90' lang='lat' dir='ltr'>a</span> <span class='ocrx_word' id='word_1_202' title='bbox 900 2101 1021 2147; x_wconf 87' lang='lat' dir='ltr'>votis</span> <span class='ocrx_word' id='word_1_203' title='bbox 1055 2102 1302 2147; x_wconf 84' lang='lat' dir='ltr'>reservatis</span> <span class='ocrx_word' id='word_1_204' title='bbox 1334 2106 1470 2146; x_wconf 90' lang='lat' dir='ltr'>sunt:</span> <span class='ocrx_word' id='word_1_205' title='bbox 1507 2102 1542 2146; x_wconf 90' lang='lat' dir='ltr'>si</span> <span class='ocrx_word' id='word_1_206' title='bbox 1577 2102 1635 2146; x_wconf 87' lang='lat' dir='ltr'>ob</span> <span class='ocrx_word' id='word_1_207' title='bbox 1668 2102 1976 2147; x_wconf 86' lang='lat' dir='ltr'>mutationem</span> 
     </span>
     <span class='ocr_line' id='line_1_27' title="bbox 189 2185 1978 2243; baseline -0.001 -10"><span class='ocrx_word' id='word_1_208' title='bbox 189 2185 410 2233; x_wconf 85' lang='lat' dir='ltr'>materiae</span> <span class='ocrx_word' id='word_1_209' title='bbox 442 2185 680 2231; x_wconf 87' lang='lat' dir='ltr'>dubitatur</span> <span class='ocrx_word' id='word_1_210' title='bbox 701 2200 760 2231; x_wconf 89' lang='lat' dir='ltr'>an</span> <span class='ocrx_word' id='word_1_211' title='bbox 788 2190 948 2230; x_wconf 91' lang='lat' dir='ltr'>votum</span> <span class='ocrx_word' id='word_1_212' title='bbox 983 2186 1184 2230; x_wconf 89' lang='lat' dir='ltr'>evaserit</span> <span class='ocrx_word' id='word_1_213' title='bbox 1207 2185 1387 2241; x_wconf 87' lang='lat' dir='ltr'>inutile,</span> <span class='ocrx_word' id='word_1_214' title='bbox 1414 2186 1487 2230; x_wconf 85' lang='lat' dir='ltr'>vel</span> <span class='ocrx_word' id='word_1_215' title='bbox 1522 2187 1712 2243; x_wconf 85' lang='lat' dir='ltr'>malum;</span> <span class='ocrx_word' id='word_1_216' title='bbox 1739 2186 1775 2230; x_wconf 93' lang='lat' dir='ltr'>si</span> <span class='ocrx_word' id='word_1_217' title='bbox 1800 2199 1978 2231; x_wconf 79' lang='lat' dir='ltr'>vovens</span> 
     </span>
     <span class='ocr_line' id='line_1_28' title="bbox 187 2268 1976 2327; baseline 0.001 -14"><span class='ocrx_word' id='word_1_218' title='bbox 187 2269 365 2314; x_wconf 88' lang='lat' dir='ltr'>dubitet</span> <span class='ocrx_word' id='word_1_219' title='bbox 396 2283 454 2314; x_wconf 89' lang='lat' dir='ltr'>an</span> <span class='ocrx_word' id='word_1_220' title='bbox 493 2269 706 2314; x_wconf 74' lang='lat' dir='ltr'>vovendo</span> <span class='ocrx_word' id='word_1_221' title='bbox 738 2268 946 2313; x_wconf 87' lang='lat' dir='ltr'>animum</span> <span class='ocrx_word' id='word_1_222' title='bbox 994 2269 1205 2313; x_wconf 88' lang='lat' dir='ltr'>habuerit</span> <span class='ocrx_word' id='word_1_223' title='bbox 1237 2283 1335 2314; x_wconf 85' lang='lat' dir='ltr'>sese</span> <span class='ocrx_word' id='word_1_224' title='bbox 1368 2269 1615 2327; x_wconf 83' lang='lat' dir='ltr'>obligandi;</span> <span class='ocrx_word' id='word_1_225' title='bbox 1651 2268 1687 2314; x_wconf 89' lang='lat' dir='ltr'>si</span> <span class='ocrx_word' id='word_1_226' title='bbox 1724 2273 1883 2314; x_wconf 75' lang='lat' dir='ltr'>votum</span> <span class='ocrx_word' id='word_1_227' title='bbox 1918 2284 1976 2314; x_wconf 84' lang='lat' dir='ltr'>ex</span> 
     </span>
     <span class='ocr_line' id='line_1_29' title="bbox 187 2353 1977 2411; baseline 0 -13"><span class='ocrx_word' id='word_1_228' title='bbox 187 2353 375 2398; x_wconf 87' lang='lat' dir='ltr'>levitate</span> <span class='ocrx_word' id='word_1_229' title='bbox 407 2353 550 2398; x_wconf 87' lang='lat' dir='ltr'>animi</span> <span class='ocrx_word' id='word_1_230' title='bbox 583 2354 803 2399; x_wconf 88' lang='lat' dir='ltr'>emissum</span> <span class='ocrx_word' id='word_1_231' title='bbox 837 2354 941 2410; x_wconf 83' lang='lat' dir='ltr'>suit,</span> <span class='ocrx_word' id='word_1_232' title='bbox 978 2355 1051 2399; x_wconf 88' lang='lat' dir='ltr'>vel</span> <span class='ocrx_word' id='word_1_233' title='bbox 1084 2369 1141 2400; x_wconf 85' lang='lat' dir='ltr'>ex</span> <span class='ocrx_word' id='word_1_234' title='bbox 1168 2359 1292 2399; x_wconf 91' lang='lat' dir='ltr'>metu</span> <span class='ocrx_word' id='word_1_235' title='bbox 1327 2359 1408 2399; x_wconf 87' lang='lat' dir='ltr'>aut</span> <span class='ocrx_word' id='word_1_236' title='bbox 1439 2355 1541 2399; x_wconf 89' lang='lat' dir='ltr'>dolo</span> <span class='ocrx_word' id='word_1_237' title='bbox 1575 2360 1830 2411; x_wconf 73' lang='lat' dir='ltr'>extortum3</span> <span class='ocrx_word' id='word_1_238' title='bbox 1856 2355 1893 2399; x_wconf 90' lang='lat' dir='ltr'>si</span> <span class='ocrx_word' id='word_1_239' title='bbox 1917 2354 1977 2399; x_wconf 89' lang='lat' dir='ltr'>sit</span> 
     </span>
     <span class='ocr_line' id='line_1_30' title="bbox 188 2437 1974 2496; baseline 0.001 -15"><span class='ocrx_word' id='word_1_240' title='bbox 188 2437 556 2482; x_wconf 86' lang='lat' dir='ltr'>incontinentiae</span> <span class='ocrx_word' id='word_1_241' title='bbox 602 2438 890 2496; x_wconf 89' lang='lat' dir='ltr'>periculum,</span> <span class='ocrx_word' id='word_1_242' title='bbox 925 2442 1005 2482; x_wconf 90' lang='lat' dir='ltr'>aut</span> <span class='ocrx_word' id='word_1_243' title='bbox 1039 2452 1206 2496; x_wconf 83' lang='lat' dir='ltr'>magna</span> <span class='ocrx_word' id='word_1_244' title='bbox 1239 2438 1483 2483; x_wconf 81' lang='lat' dir='ltr'>difficultas</span> <span class='ocrx_word' id='word_1_245' title='bbox 1521 2438 1628 2482; x_wconf 86' lang='lat' dir='ltr'>illud</span> <span class='ocrx_word' id='word_1_246' title='bbox 1663 2439 1883 2496; x_wconf 90' lang='lat' dir='ltr'>implendi</span> <span class='ocrx_word' id='word_1_247' title='bbox 1917 2453 1974 2483; x_wconf 81' lang='lat' dir='ltr'>ex</span> 
     </span>
     <span class='ocr_line' id='line_1_31' title="bbox 188 2519 1869 2580; baseline -0.001 -15"><span class='ocrx_word' id='word_1_248' title='bbox 188 2519 450 2578; x_wconf 80' lang='lat' dir='ltr'>fragilitate;</span> <span class='ocrx_word' id='word_1_249' title='bbox 486 2520 524 2566; x_wconf 92' lang='lat' dir='ltr'>si</span> <span class='ocrx_word' id='word_1_250' title='bbox 558 2525 841 2580; x_wconf 87' lang='lat' dir='ltr'>proponatur</span> <span class='ocrx_word' id='word_1_251' title='bbox 872 2521 1143 2579; x_wconf 89' lang='lat' dir='ltr'>compositio</span> <span class='ocrx_word' id='word_1_252' title='bbox 1176 2521 1441 2579; x_wconf 85' lang='lat' dir='ltr'>pecuniaria</span> <span class='ocrx_word' id='word_1_253' title='bbox 1475 2521 1531 2566; x_wconf 92' lang='lat' dir='ltr'>ad</span> <span class='ocrx_word' id='word_1_254' title='bbox 1564 2534 1726 2566; x_wconf 89' lang='lat' dir='ltr'>causas</span> <span class='ocrx_word' id='word_1_255' title='bbox 1760 2521 1869 2580; x_wconf 87' lang='lat' dir='ltr'>pias.</span> 
     </span>
    </p>

    <p class='ocr_par' dir='ltr' id='par_1_6' title="bbox 185 2604 1975 2992">
     <span class='ocr_line' id='line_1_32' title="bbox 308 2604 1975 2663; baseline 0 -13"><span class='ocrx_word' id='word_1_256' title='bbox 308 2605 435 2650; x_wconf 76' lang='lat'>1047.</span> <span class='ocrx_word' id='word_1_257' title='bbox 461 2606 501 2662; x_wconf 84' lang='lat' dir='ltr'>e)</span> <span class='ocrx_word' id='word_1_258' title='bbox 529 2605 683 2649; x_wconf 81' lang='lat' dir='ltr'>Relate</span> <span class='ocrx_word' id='word_1_259' title='bbox 700 2604 754 2648; x_wconf 93' lang='lat' dir='ltr'>ad</span> <span class='ocrx_word' id='word_1_260' title='bbox 776 2606 1086 2649; x_wconf 85' lang='lat' dir='ltr'>matrimonia</span> <span class='ocrx_word' id='word_1_261' title='bbox 1111 2607 1259 2649; x_wconf 76' lang='lat' dir='ltr'>mioeta</span> <span class='ocrx_word' id='word_1_262' title='bbox 1276 2607 1402 2649; x_wconf 81' lang='lat' dir='ltr'>inter</span> <span class='ocrx_word' id='word_1_263' title='bbox 1417 2605 1678 2661; x_wconf 79' lang='lat' dir='ltr'>baptizatos</span> <span class='ocrx_word' id='word_1_264' title='bbox 1694 2605 1975 2663; x_wconf 86' lang='lat' dir='ltr'>dispensatio</span> 
     </span>
     <span class='ocr_line' id='line_1_33' title="bbox 188 2685 1972 2746; baseline 0 -14"><span class='ocrx_word' id='word_1_265' title='bbox 188 2687 279 2746; x_wconf 85' lang='lat' dir='ltr'>peti</span> <span class='ocrx_word' id='word_1_266' title='bbox 314 2701 408 2731; x_wconf 81' lang='lat' dir='ltr'>non</span> <span class='ocrx_word' id='word_1_267' title='bbox 440 2687 576 2732; x_wconf 87' lang='lat' dir='ltr'>debet</span> <span class='ocrx_word' id='word_1_268' title='bbox 611 2687 696 2731; x_wconf 85' lang='lat' dir='ltr'>nisi</span> <span class='ocrx_word' id='word_1_269' title='bbox 730 2685 1029 2743; x_wconf 85' lang='lat' dir='ltr'>gravissimae</span> <span class='ocrx_word' id='word_1_270' title='bbox 1064 2687 1266 2731; x_wconf 87' lang='lat' dir='ltr'>rationes</span> <span class='ocrx_word' id='word_1_271' title='bbox 1289 2687 1330 2731; x_wconf 89' lang='lat' dir='ltr'>id</span> <span class='ocrx_word' id='word_1_272' title='bbox 1355 2687 1596 2742; x_wconf 84' lang='lat' dir='ltr'>suadeant,</span> <span class='ocrx_word' id='word_1_273' title='bbox 1633 2687 1698 2731; x_wconf 85' lang='lat' dir='ltr'>uti</span> <span class='ocrx_word' id='word_1_274' title='bbox 1732 2689 1767 2732; x_wconf 90' lang='lat' dir='ltr'>si</span> <span class='ocrx_word' id='word_1_275' title='bbox 1798 2688 1972 2746; x_wconf 90' lang='lat' dir='ltr'>pericu-</span> 
     </span>
     <span class='ocr_line' id='line_1_34' title="bbox 186 2767 1974 2827; baseline 0.001 -14"><span class='ocrx_word' id='word_1_276' title='bbox 186 2769 283 2813; x_wconf 91' lang='lat' dir='ltr'>lum</span> <span class='ocrx_word' id='word_1_277' title='bbox 315 2767 434 2813; x_wconf 86' lang='lat' dir='ltr'>adsit</span> <span class='ocrx_word' id='word_1_278' title='bbox 464 2767 714 2827; x_wconf 91' lang='lat' dir='ltr'>quominus</span> <span class='ocrx_word' id='word_1_279' title='bbox 747 2767 1097 2812; x_wconf 86' lang='lat' dir='ltr'>matrimonium</span> <span class='ocrx_word' id='word_1_280' title='bbox 1131 2773 1182 2812; x_wconf 92' lang='lat' dir='ltr'>ut</span> <span class='ocrx_word' id='word_1_281' title='bbox 1214 2767 1383 2812; x_wconf 86' lang='lat' dir='ltr'>dicitur</span> <span class='ocrx_word' id='word_1_282' title='bbox 1413 2767 1550 2813; x_wconf 90' lang='lat' dir='ltr'>civile</span> <span class='ocrx_word' id='word_1_283' title='bbox 1582 2768 1827 2813; x_wconf 83' lang='lat' dir='ltr'>dumtaxat</span> <span class='ocrx_word' id='word_1_284' title='bbox 1865 2783 1974 2815; x_wconf 88' lang='lat' dir='ltr'>con-</span> 
     </span>
     <span class='ocr_line' id='line_1_35' title="bbox 185 2850 1972 2909; baseline 0 -14"><span class='ocrx_word' id='word_1_285' title='bbox 185 2851 412 2896; x_wconf 85' lang='lat' dir='ltr'>trahatur.</span> <span class='ocrx_word' id='word_1_286' title='bbox 458 2851 652 2896; x_wconf 89' lang='lat' dir='ltr'>Facilius</span> <span class='ocrx_word' id='word_1_287' title='bbox 691 2851 981 2908; x_wconf 87' lang='lat' dir='ltr'>dispensatur</span> <span class='ocrx_word' id='word_1_288' title='bbox 1022 2850 1145 2896; x_wconf 89' lang='lat' dir='ltr'>inter</span> <span class='ocrx_word' id='word_1_289' title='bbox 1176 2850 1406 2909; x_wconf 91' lang='lat' dir='ltr'>principes</span> <span class='ocrx_word' id='word_1_290' title='bbox 1437 2851 1495 2902; x_wconf 87' lang='lat' dir='ltr'>ob</span> <span class='ocrx_word' id='word_1_291' title='bbox 1528 2852 1749 2897; x_wconf 88' lang='lat' dir='ltr'>maiorem</span> <span class='ocrx_word' id='word_1_292' title='bbox 1783 2851 1972 2897; x_wconf 85' lang='lat' dir='ltr'>difficul-</span> 
     </span>
     <span class='ocr_line' id='line_1_36' title="bbox 186 2934 926 2992; baseline 0.001 -14"><span class='ocrx_word' id='word_1_293' title='bbox 186 2938 332 2980; x_wconf 91' lang='lat' dir='ltr'>tatem</span> <span class='ocrx_word' id='word_1_294' title='bbox 364 2934 634 2980; x_wconf 87' lang='lat' dir='ltr'>inveniendi</span> <span class='ocrx_word' id='word_1_295' title='bbox 668 2934 926 2992; x_wconf 82' lang='lat' dir='ltr'>coniugem.</span> 
     </span>
    </p>

    <p class='ocr_par' dir='ltr' id='par_1_7' title="bbox 309 3019 1974 3078">
     <span class='ocr_line' id='line_1_37' title="bbox 309 3019 1974 3078; baseline 0.002 -15"><span class='ocrx_word' id='word_1_296' title='bbox 309 3019 436 3064; x_wconf 76' lang='lat'>1048.</span> <span class='ocrx_word' id='word_1_297' title='bbox 473 3019 519 3075; x_wconf 86' lang='lat' dir='ltr'>d)</span> <span class='ocrx_word' id='word_1_298' title='bbox 557 3021 714 3064; x_wconf 84' lang='lat' dir='ltr'>Relate</span> <span class='ocrx_word' id='word_1_299' title='bbox 736 3019 792 3064; x_wconf 92' lang='lat' dir='ltr'>ad</span> <span class='ocrx_word' id='word_1_300' title='bbox 818 3020 1201 3077; x_wconf 71' lang='lat' dir='ltr'>impedimentum</span> <span class='ocrx_word' id='word_1_301' title='bbox 1224 3034 1280 3064; x_wconf 76' lang='lat' dir='ltr'>ex</span> <span class='ocrx_word' id='word_1_302' title='bbox 1300 3019 1482 3077; x_wconf 70' lang='lat' dir='ltr'>defectu</span> <span class='ocrx_word' id='word_1_303' title='bbox 1505 3020 1671 3077; x_wconf 73' lang='lat' dir='ltr'>leyalis</span> <span class='ocrx_word' id='word_1_304' title='bbox 1683 3021 1974 3078; x_wconf 84' lang='lat' dir='ltr'>probationis</span> 
     </span>
    </p>
   </div>
  </div>
 </body>
</html>
