2176 3386
238 188 315 228 146
879 193 988 223 PAus
1018 194 1041 221 1.
1077 193 1133 221 DE
1162 190 1375 220 psasoms

921 416 1230 472 TITULUS
1271 416 1332 468 ΙΙ.

352 565 430 617 De
469 568 539 618 iis
579 567 668 637 qui
711 565 1046 615 vicariatum
1087 564 1288 632 gerunt
1325 557 1567 610 Romani
1606 554 1909 608 Pontificis.

362 719 458 763 187.
489 717 574 772 Qui
602 716 875 761 vicariatum
904 712 1095 758 Romani
1122 710 1353 756 Pontificis
1376 714 1562 768 gerunt:
1603 707 1678 752 alii
1703 708 1874 752 habent
1898 710 2022 764 pote-

242 807 410 848 statem
436 815 569 860 supra
594 799 914 858 episcopalem,
941 796 1015 841 alii
1040 799 1313 855 potestatem
1339 792 1811 853 quasi-episcopalem.
1847 790 1911 834 Ad
1936 788 2024 848 pri-

242 901 339 932 mos
383 885 615 945 pertinent
649 883 956 935 Pati-iarchae‚
993 880 1231 935 l'rimates,
1270 877 1602 936 Metropolitae,
1640 875 1790 934 Legati
1827 874 2019 920 Romani

244 968 490 1023 pontificis,
517 968 571 1012 ad
611 971 864 1025 postremos
889 963 1083 1009 Abbates
1108 962 1340 1020 pertinent
1361 975 1414 1005 ae
1437 959 1603 1004 Vicarii
1645 957 1903 1017 Apostolici.
1962 960 2027 1002 De—

241 1052 414 1110 origine
450 1050 664 1095 historica
699 1050 862 1094 horum
899 1047 1119 1104 graduum
1160 1044 1486 1089 iurisdictionis
1519 1044 1563 1087 in
1599 1047 1798 1087 tractatu
1836 1042 1890 1085 de
1924 1041 2022 1085 iure

242 1135 420 1194 publico
453 1132 762 1179 ecclesiastico
810 1131 899 1175 iam
941 1134 1098 1174 actum
1132 1133 1214 1173 est.
1264 1131 1420 1173 Manet
1464 1126 1651 1185 proinde
1694 1131 1744 1170 ut
1776 1126 1830 1170 de
1863 1139 2022 1170 corum

242 1221 467 1276 potestate
510 1216 644 1261 sicuti
681 1214 853 1272 xigenti
893 1214 989 1257 iure
1023 1226 1075 1256 ea
1111 1212 1282 1269 pollent
1322 1210 1525 1255 breviter
1567 1213 1740 1266 agatur.
1786 1209 1850 1254 Sit
1888 1208 2030 1266 igitur

1014 1379 1192 1423 CAPUT
1216 1383 1246 1424 1.

729 1513 787 1547 DE
815 1511 1134 1548 PATRIARCHIS
1164 1511 1221 1546 AC
1249 1509 1550 1546 PRIMATIBUS.

367 1631 463 1674 188.
504 1629 793 1673 patriarchae
835 1628 1029 1673 maiores
1062 1625 1626 1684 Constantinopolitanus,
1664 1624 2029 1679 Alexandrinus,

245 1714 560 1759 Antiochenus
583 1717 629 1757 et
651 1710 1098 1767 Hierosolymitanus
1122 1710 1167 1754 in
1190 1714 1286 1754 toto
1320 1708 1550 1754 territorio
1586 1707 1875 1766 patriarchali
1899 1706 2031 1752 iuris-

244 1798 492 1842 dictionem
517 1796 796 1842 ordinariam
821 1795 928 1840 olim
956 1795 1185 1839 habebant
1208 1794 1253 1837 in
1280 1792 1652 1851 Archiepiscopos
1675 1791 1757 1836 sibi
1781 1791 2028 1848 subiecto&¹

245 1881 356 1925 haec.
391 1886 547 1925 tamen
583 1879 835 1924 iurisdictio
868 1878 1001 1922 hodie
1043 1876 1263 1936 quiescit,
1299 1890 1405 1921 cum
1442 1874 1766 1935 patriarchales
1803 1874 2028 1920 Ecclesiae

245 1962 291 2007 in
330 1963 541 2007 manibus
576 1962 827 2006 infidelium
862 1961 970 2015 sint,
996 1961 1090 2005 solo
1125 1961 1312 2004 nomine
1345 1964 1391 2003 et
1425 1959 1556 2003 titulo
1592 1972 1669 2002 seu
1703 1957 1926 2014 dignitate
1960 1972 2027 2002 re-

247 2050 466 2088 manente
502 2044 546 2087 in
580 2049 778 2102 quatuor
813 2042 1072 2087 titularibus
1105 2043 1321 2087 l’raclatis
1354 2041 1483 2086 latini
1525 2041 1653 2086 ritus.
1702 2040 2028 2100 Antiquissima

250 2140 357 2171 vero
392 2126 759 2170 patriarcharum
807 2126 902 2176 iura
948 2140 1004 2169 ex
1050 2130 1177 2183 parte
1214 2127 1415 2169 retinent
1462 2125 1753 2169 l’atriarchae
1797 2123 2027 2179 catholici,

249 2210 363 2254 ritus
396 2210 647 2255 orientalis.
696 2210 840 2254 Ceteri
877 2210 1167 2254 Patriarchae
1202 2210 1428 2264 minores,
1464 2208 1539 2268 qui
1580 2223 1637 2253 ex
1681 2198 1912 2253 pontificis
1948 2212 2031 2253 Ro-

248 2293 375 2339 mani
410 2293 691 2351 indulgentia
722 2294 791 2337 x‘el
827 2294 1162 2338 consuetudine
1186 2307 1357 2337 nomen
1385 2292 1685 2351 patriarchale
1709 2292 2031 2347 obtinuerunt,

249 2377 424 2422 nullam
459 2377 701 2435 specialem
729 2381 1001 2434 potestatem
1029 2376 1073 2420 in
1098 2375 1195 2421 iure
1218 2377 1456 2421 communi
1492 2376 1663 2420 habent
1696 2380 1746 2419 ut
1769 2375 2028 2420 Patriarcha

250 2462 470 2515 Venetus,
507 2459 890 2517 Ulyssiponensis.

372 2542 468 2586 189.
504 2542 779 2586 Patriarchis
800 2542 1056 2587 succedunt
1081 2541 1319 2598 Primates,
1345 2541 1421 2601 qui
1447 2541 1695 2586 maioribus
1731 2540 2033 2599 Metropolitis

251 2625 569 2683 praesidebant
590 2631 637 2669 et
660 2625 704 2669 in
730 2625 799 2669 his
823 2625 1109 2682 potissimum
1136 2625 1497 2670 iurisdictionem
1522 2624 1816 2669 exercebant.
1852 2625 1890 2680 1)
1917 2627 2031 2670 Con-

248 2707 497 2752 firmabant
530 2707 779 2752 electiones
816 2707 1136 2766 lipiscoporum
1178 2723 1268 2752 non
1304 2711 1641 2766 exemptorum.
1694 2709 1736 2762 2)
1777 2707 2032 2752 Audiebant

249 2791 457 2848 querelas
500 2795 660 2834 contra
706 2790 1092 2849 Archiepiscopos.
1141 2792 1182 2847 5)
1223 2793 1255 2835 Α
1298 2790 1529 2836 sententia
1574 2789 2034 2849 Archiepiscoporum

251 2871 307 2916 ad
339 2884 417 2916 eos
448 2871 760 2930 appellabatur
785 2872 814 2917 ¹.
858 2873 901 2929 4)
935 2873 1214 2931 Supplebant
1253 2887 1413 2918 eorum
1456 2872 1782 2931 negligentiam
1816 2874 1862 2917 in
1896 2873 2038 2917 bene—

376 3039 384 3058 ¹
415 3039 469 3075 Ex
495 3047 575 3074 can.
601 3038 623 3075 9
648 3033 684 3074 et
712 3038 753 3074 17
781 3038 894 3075 Cone.
922 3038 1097 3075 chalced.
