2176 3386
248 179 328 219 270
507 188 510 189 ’
922 195 1032 224 PARS
1060 194 1102 223 11.
1137 196 1194 225 nr:
1224 197 1361 226 REBus

249 299 356 344 licet
378 300 619 346 facultates
641 301 869 360 Episcopis
890 302 1060 349 dentur
1080 304 1136 349 ad
1155 305 1448 363 septennium
1469 307 1498 350 ¹.
1537 310 1674 353 Porro
1696 308 1906 356 Clemens
1928 316 2026 358 XIII

247 383 462 429 omnibus
492 385 695 429 ecclesiis
728 386 1079 443 parochialibus,
1113 387 1415 434 abbatialibus
1447 392 1494 435 et
1524 390 1778 449 collegiatis
1799 396 2028 440 concessit

246 464 390 511 altare
425 466 764 525 privilegiatum
786 469 1107 528 quotidianum
1131 470 1186 515 ad
1210 471 1503 530 septennium
1541 473 1786 530 (revocatis
1813 475 2027 521 omnibus

245 550 345 595 aliis
376 550 597 596 altaribus
628 551 943 611 privilegiatis)
979 554 1316 612 prorogandum
1362 555 1446 600 sub
1490 555 1627 600 unico
1660 556 1790 601 Brevi
1825 557 1880 602 ad
1915 558 2025 615 peti·

244 635 420 680 tionem
453 636 817 682 ordinariorum.
856 641 951 682 Duo
983 640 1139 683 autem
1173 638 1434 684 huiusmodi
1466 639 1627 684 altaria
1661 639 1947 698 privilegiata
1977 641 2023 686 in

245 719 406 763 eadem
444 718 639 764 Ecclesia
683 719 953 777 regulariter
984 734 1081 766 esse
1115 735 1207 766 non
1242 726 1447 779 possunt.
1498 723 1805 777 Quamobrem
1838 723 1874 769 si
1907 738 2024 783 quae

245 816 338 846 uno
371 802 582 860 gaudeat,
617 806 755 862 atque
789 817 842 848 eo
874 803 1070 849 durante
1103 803 1223 848 aliud
1267 804 1564 862 impetretur,
1601 806 1675 851 illo
1709 806 1920 863 reticito,
1955 822 2022 853 re-

243 885 466 943 scrIptum
502 885 615 930 nibil
650 886 786 931 valet.
833 889 1046 932 Ceterum
1090 886 1176 931 hoc
1215 887 1505 946 privilegium
1554 888 1687 933 altari
1736 889 2020 946 conceditur,

244 983 337 1013 non
371 968 506 1027 lapidi
549 973 846 1025 consecrato,
883 969 982 1014 ideo
1025 970 1111 1014 hoc
1158 974 1314 1015 amoto
1352 975 1398 1016 et
1430 971 1517 1016 alio
1565 971 1843 1029 substituto,
1879 973 2023 1018 altare

242 1051 582 1109 privilegiatum
619 1056 829 1096 remanet
852 1051 884 1108 ²,
922 1052 1120 1111 illudque
1153 1052 1343 1097 ecclesia
1377 1067 1556 1112 quoque
1589 1054 1777 1112 dilapsa,
1803 1054 1837 1098 si
1867 1059 2020 1112 postea

243 1135 453 1179 restituta
490 1134 643 1190 fuerit,
680 1134 920 1179 reviviscit
944 1134 974 1179 ³.
1027 1137 1179 1180 Altare
1217 1139 1372 1180 autem
1412 1135 1751 1195 privilegiatum
1785 1139 2021 1196 personale

243 1216 350 1262 illud
373 1222 442 1262 est
464 1218 583 1277 quod
616 1217 843 1276 aliquibus
865 1218 1177 1263 sacerdotibus
1200 1219 1470 1264 conceditur
1491 1219 1642 1264 ubivis
1664 1220 2016 1265 celebrantibus.

366 1304 491 1347 1215.
532 1305 782 1362 Utrumque
807 1302 1096 1361 privilegium
1119 1317 1174 1348 eo
1197 1308 1373 1362 spectat
1406 1308 1456 1347 ut
1479 1303 1657 1348 liberari
1691 1305 1846 1350 anima
1869 1319 1893 1349 a
1918 1319 2019 1364 pur-

241 1387 414 1444 gatorio
448 1386 604 1431 statim
646 1386 808 1444 possit,
844 1386 879 1430 si
913 1386 1071 1431 divina
1114 1386 1424 1432 misericordia
1473 1392 1712 1446 acceptum
1752 1387 1908 1432 tulerit
1941 1403 2022 1447 per

240 1469 571 1527 indulgentiam
606 1469 704 1514 sive
738 1468 800 1513 illi
833 1469 931 1514 sive
965 1469 1069 1513 huic
1102 1471 1330 1514 adnexam
1356 1470 1386 1515 ⁴.
1424 1472 1570 1529 Atque
1603 1470 1702 1515 ideo
1734 1472 1874 1515 etiam
1905 1472 2017 1517 citra

239 1554 593 1612 applicationem
644 1553 809 1597 missae
834 1553 864 1597 ⁵.
919 1552 1082 1598 Anima
1128 1567 1237 1597 vero
1281 1568 1337 1598 ex
1380 1557 1535 1598 mente
1583 1554 1880 1599 concedentis
1926 1569 2018 1599 una

239 1637 482 1681 dumtaxat
506 1636 538 1691 ⁶,
576 1651 741 1695 nempe
773 1650 826 1680 ea
859 1650 976 1695 quae
1013 1637 1083 1681 vel
1116 1636 1351 1694 designata
1381 1641 1466 1692 est,
1504 1638 1576 1681 vel
1608 1637 1794 1682 divinae
1833 1637 2018 1682 misera-

240 1719 353 1764 tioni
388 1719 595 1777 eligenda
630 1719 911 1775 remittitur,
948 1720 1020 1764 vel
1059 1720 1111 1775 (si
1145 1720 1198 1764 de
1241 1721 1361 1764 nulla
1404 1719 1594 1765 omnino
1641 1719 1891 1778 cogitatum
1940 1720 2014 1778 sit)

236 1817 352 1862 quae
390 1807 479 1848 Deo
514 1803 733 1861 placuerit
757 1805 788 1848 ⁷.
841 1803 924 1848 Sed
956 1807 1006 1847 ut
1049 1802 1329 1861 indulgentia
1377 1803 1573 1848 obtineri
1615 1804 1790 1858 valeat,
1825 1803 2018 1848 dicenda

237 1890 307 1931 est
339 1886 476 1932 missa
499 1887 823 1932 defunctorum
846 1902 904 1931 ex
927 1887 1110 1932 decreto
1134 1891 1292 1932 Innoc.
1320 1891 1393 1942 xl,
1423 1888 1626 1946 adeoque
1659 1886 1705 1931 in
1736 1885 2018 1945 paramentis

238 1970 379 2027 nigris
413 1970 485 2014 vel
528 1970 689 2013 saltem
724 1983 779 2013 ex
820 1970 1078 2015 rationabili
1123 1983 1259 2015 causa
1302 1970 1575 2025 violaceis⁸,
1611 1969 1699 2015 nisi
1747 1969 2016 2014 celebranda

235 2052 294 2096 sit
328 2052 464 2097 missa
499 2052 676 2107 votiva,
712 2067 770 2097 ex
803 2067 868 2111 gr.
904 2053 951 2097 in
985 2052 1272 2111 expositione
1307 2052 1589 2120 Sanctissimi
1615 2051 1916 2106 sacramenti,
1945 2051 2016 2095 vel

235 2136 288 2181 de
322 2135 433 2181 feria
457 2136 491 2191 ⁹,
527 2136 601 2180 vel
624 2139 838 2180 occurrat
870 2137 1038 2181 festum
1072 2137 1239 2194 duplex
1265 2137 1315 2181 ¹⁰.

356 2303 365 2323 ¹
395 2304 481 2349 Sup.
509 2303 616 2340 Univ.
646 2303 725 2349 Inq.
752 2303 798 2339 ad
825 2303 914 2339 dub.
942 2303 963 2339 9
989 2303 1048 2341 die
1075 2303 1095 2339 ‘2
1124 2303 1184 2340 iul.
1214 2303 1314 2340 1884.

351 2376 362 2393 ²
391 2376 424 2412 S.
453 2375 523 2412 Rit.
541 2374 673 2420 Congr.
703 2374 746 2410 15
773 2375 853 2411 dec.
885 2375 987 2411 1841.

354 2448 366 2467 ³
393 2448 428 2484 S.
458 2448 495 2484 C.
522 2448 600 2484 lnd.
627 2448 672 2485 50
698 2457 782 2493 aug.
810 2447 912 2484 1847.

351 2519 365 2539 ¹*
393 2520 426 2556 S.
454 2520 527 2556 Rit.
555 2520 688 2565 congr.
715 2519 761 2556 28
787 2520 865 2556 iulii
895 2519 998 2556 1840.

352 2591 364 2611 ⁵
392 2592 426 2628 S.
454 2592 491 2628 G.
518 2591 595 2627 Iud.
622 2591 664 2627 51
694 2592 765 2628 ian.
795 2591 896 2627 1848.

351 2662 365 2683 ⁶
391 2663 425 2700 S.
452 2664 524 2699 Rit.
553 2663 686 2708 congr.
713 2662 759 2700 29
785 2663 876 2699 febr.
905 2662 1006 2699 1864.

350 2735 362 2754 ⁷
390 2735 425 2772 S.
452 2735 522 2772 Rit.
550 2735 683 2780 Congr.
712 2735 755 2771 19
783 2734 875 2771 iunii
904 2734 1006 2770 1880.

348 2805 362 2825 ⁸
389 2805 422 2842 S.
450 2806 520 2842 Rit.
549 2805 681 2850 Congr.
710 2805 753 2841 16
782 2805 869 2841 febr.
899 2804 1002 2841 1652.

349 2876 361 2895 ⁹
389 2876 425 2912 S.
456 2877 524 2913 Rit.
550 2876 684 2922 Congr.
712 2876 754 2911 11
774 2885 852 2921 apr.
881 2875 984 2912 1864.

338 2948 367 2967 ¹⁰
394 2948 428 2985 S.
455 2948 528 2984 Rit.
555 2948 688 2994 Congr.
718 2946 762 2984 22
791 2948 866 2984 iun.
895 2947 997 2984 1848.
