2176 3386
4 776 13 793 ,,.
0 570 26 738 dmm,

783 177 914 206 mal-:n
941 178 966 206 1.
996 177 1054 206 DE
1083 176 1279 206 CLEmcls
1847 167 1923 207 191

877 370 1110 399 Auricums
1150 370 1179 399 1.

513 496 578 539 De
612 498 836 540 Potestate
875 497 1085 552 Episcopi
1115 497 1167 539 in
1201 494 1305 552 foro
1337 501 1544 540 externo.

258 635 358 680 250.
396 639 617 691 Potestas,
651 649 730 680 seu
765 636 1019 681 iurisdictio
1053 637 1137 681 fori
1171 637 1372 694 externi,
1398 637 1539 683 salvis
1571 636 1923 696 exceptionibus

138 731 251 777 quas
273 717 318 762 in
353 718 519 776 regulis
551 718 839 776 generalibus
871 719 1007 764 modo
1045 720 1434 776 memoravimus,
1471 720 1733 778 plenissima
1772 724 1842 765 est
1875 720 1921 765 in

140 799 385 859 Episcopis,
416 802 619 860 adeoque
650 815 808 846 omnes
840 803 938 846 eius
977 807 1129 860 partes
1161 803 1499 862 complectitur,
1526 803 1554 848 i.
1579 818 1619 848 e.
1647 808 1922 862 potestatem

138 888 236 929 tum
271 884 523 941 legiferam,
553 889 651 929 tum
677 885 955 940 iudicialem,
981 891 1080 931 tum
1105 887 1365 932 coactivam
1389 888 1538 947 quoad
1562 901 1796 945 personas,
1822 892 1921 931 tum

137 967 557 1013 administrativam
590 968 739 1027 quoad
773 982 858 1014 res.
909 968 1144 1014 Distinctis
1188 970 1481 1028 paragraphis
1523 970 1578 1015 de
1619 970 1688 1015 his
1726 975 1925 1029 quatuor

137 1063 339 1106 agemus.

700 1209 716 1255 ἓ
744 1211 775 1246 1.
804 1232 849 1234 -
875 1211 934 1247 De
958 1214 1153 1258 potestate
1180 1212 1357 1258 Ieyifera.

257 1360 357 1404 251.
389 1362 501 1404 Cum
539 1361 781 1419 Episcopus
804 1361 1029 1406 Dioecesis
1054 1376 1162 1407 suae
1191 1362 1401 1420 princeps
1424 1365 1471 1407 et
1494 1366 1648 1421 pastor
1671 1362 1745 1419 sit,
1769 1362 1923 1421 impri-

141 1443 225 1488 mis
257 1442 474 1502 quidquid
506 1449 575 1489 est
608 1445 820 1502 legiferae
856 1446 1110 1504 potestatis,
1147 1446 1191 1490 id
1224 1445 1271 1490 in
1300 1445 1398 1490 eius
1431 1445 1747 1492 iurisdictione
1777 1447 1923 1492 conti-

140 1530 290 1582 netur,
330 1527 533 1586 adeoque
566 1528 787 1585 competit
822 1528 1069 1586 Episcopo:
1111 1530 1147 1584 l)
1178 1532 1313 1586 Leges
1348 1530 1466 1573 ferre
1499 1544 1578 1587 pro
1611 1543 1691 1574 sua
1725 1530 1922 1575 dioecesi

140 1609 186 1654 in
212 1609 265 1654 iis
297 1610 510 1655 omnibus
542 1624 658 1670 quae
693 1612 927 1669 pertinent
959 1611 1012 1655 ad
1047 1624 1179 1656 suum
1216 1611 1434 1666 officium,
1458 1613 1577 1671 quod
1601 1617 1670 1657 est
1694 1612 1739 1656 in
1764 1612 1924 1658 divino

79 1730 84 1735 .
140 1694 263 1738 cultu
290 1695 601 1752 promovendo
625 1700 670 1738 et
693 1695 1012 1739 conservando
1036 1700 1081 1739 et
1105 1695 1149 1738 in
1174 1695 1339 1740 ovibus
1362 1695 1446 1739 sibi
1470 1695 1656 1741 creditis
1683 1697 1924 1754 pascendis

141 1776 186 1820 in
220 1777 378 1822 ordine
407 1777 462 1822 ad
488 1777 624 1822 finem
658 1778 1021 1823 ecclesiasticum
1050 1780 1079 1823 ¹.
1117 1784 1255 1836 Leges
1283 1779 1565 1838 Episcopales
1590 1785 1748 1825 tamen
1775 1781 1924 1838 prohi-

140 1860 306 1905 bentur
338 1861 505 1906 habere
550 1861 689 1906 nimis
730 1877 920 1919 gravem
965 1867 1010 1906 et
1044 1862 1341 1908 immodicam
1383 1864 1674 1908 sanctionem
1711 1864 1741 1908 ².
1798 1865 1923 1909 Unde

140 1943 278 1988 etiam
328 1943 535 2003 sequitur
567 1945 714 1990 eidem
743 1950 1007 2004 competere
1040 1946 1110 1990 ius
1143 1951 1396 2006 utcumque
1430 1948 1671 2003 mutandi,
1708 1948 1805 1993 sive
1848 1949 1924 1993 ab·

140 2027 354 2084 rogandi,
398 2028 496 2072 sive
529 2028 946 2086 dispensationibus
994 2029 1229 2074 relaxandi
1264 2034 1363 2074 tum
1405 2030 1623 2088 proprias,
1661 2035 1760 2075 tum
1794 2036 1923 2076 ante-

141 2123 371 2155 cessorum
418 2111 561 2169 legeS,
601 2111 849 2156 dummodo
888 2112 1135 2170 superioris
1177 2114 1476 2169 auctoritate,
1512 2128 1586 2157 ex.
1625 2128 1689 2170 gr.
1732 2113 1923 2158 Romani

141 2193 389 2249 Pontificis,
416 2208 507 2238 non
534 2194 708 2239 fuerint
727 2196 1059 2251 communitae,
1086 2201 1167 2240 aut
1192 2195 1452 2241 iuramento
1489 2196 1670 2255 proprio
1694 2196 1921 2251 firmatae,

141 2291 270 2322 secus
310 2279 347 2323 si
382 2278 588 2324 munitae
629 2280 800 2324 fuerint
842 2279 1104 2324 iuramento
1147 2285 1509 2325 antecessorum.
1562 2283 1676 2325 Item
1718 2281 1927 2339 sequitur

141 2361 287 2406 eidem
311 2367 572 2420 competere
597 2363 667 2407 ius
689 2363 935 2420 abrogandi
962 2364 1262 2422 particulares
1288 2363 1648 2408 consuetudines
1670 2377 1780 2408 suae
1802 2363 1923 2408 dioe-

141 2444 271 2500 cesis,
305 2445 341 2489 si
374 2446 492 2490 forte
528 2446 753 2490 Ecclesiae
787 2446 905 2490 bono
938 2446 1155 2491 officiant.
1193 2452 1289 2500 Qua
1325 2446 1371 2490 in
1406 2461 1453 2491 re
1488 2447 1739 2506 prudenter
1770 2460 1817 2490 se
1851 2460 1922 2504 ge-

142 2541 240 2572 rere
282 2528 447 2584 debet,
483 2529 750 2587 praesertim
794 2529 829 2574 si
864 2530 980 2574 adsit
1026 2529 1355 2588 praeiudicium
1395 2529 1519 2574 tertii
1545 2530 1577 2573 ⁸.
1630 2533 1731 2573 Non
1776 2531 1924 2587 potest

142 2615 296 2655 autem
331 2611 615 2657 universales
637 2612 994 2657 consuetudines
1027 2615 1263 2671 abrogare,
1288 2613 1454 2672 quippe
1487 2626 1605 2671 quae
1629 2612 1683 2655 ad
1709 2612 1778 2656 ius
1801 2625 1924 2656 com-

143 2707 281 2738 mune
318 2695 552 2752 pertinent
575 2695 606 2739 ¹⁸.
645 2699 834 2753 Insuper
865 2696 1089 2755 sequitur,
1126 2696 1274 2741 eidem
1307 2699 1594 2754 competere:
1641 2696 1683 2751 2)
1721 2698 1794 2739 Ius
1826 2708 1925 2752 par-

261 2819 268 2838 ¹
298 2820 471 2857 BARBOSA
497 2821 539 2857 de
565 2822 622 2868 off.
649 2825 682 2858 et
707 2825 833 2868 potest.
860 2823 927 2868 Ep.
956 2821 1075 2868 Comp.
1103 2822 1141 2858 P.
1167 2821 1200 2864 2,
1227 2831 1265 2857 n.
1293 2820 1350 2857 49.

261 2890 274 2908 ²
300 2891 433 2928 Bened.
461 2892 558 2934 XIV,
586 2902 666 2938 cap.
693 2892 750 2936 25,
778 2894 856 2930 Lib.
884 2894 930 2938 X,
957 2894 998 2929 de
1025 2894 1109 2939 Syn.
1137 2894 1244 2930 dioec.

260 2961 272 2981 ³
299 2962 333 2999 S.
360 2962 473 3008 Cong.
500 2963 608 3000 Conc.
635 2965 672 3000 in
697 2965 838 3011 Leopol.
867 2965 910 3001 15
938 2965 1015 3001 iulii
1045 2965 1147 3001 1765.

263 3030 278 3052 '⁶
301 3033 434 3070 Bened.
461 3033 558 3077 XIV,
585 3034 627 3071 de
653 3035 749 3072 Sacr.
776 3036 856 3073 Mis.
882 3037 922 3072 L.
950 3036 1012 3072 ΙΙΙ.
