2176 3386
254 153 308 193 28
929 161 1039 191 PARS
1069 162 1109 190 11.
1144 161 1201 189 DE
1232 161 1370 190 nanus

256 273 505 316 sumuntur
536 283 610 314 ex.
638 283 704 327 gr.
739 269 768 313 4
800 268 874 313 lib.
908 266 1073 323 zebibi‚
1098 267 1394 325 franguntur,
1419 270 1558 326 atque
1590 265 1637 311 in
1662 269 1768 324 apto
1792 279 1900 312 vase
1935 271 2037 311 tun-

255 354 445 408 duntur,
481 365 535 397 ac
567 351 732 396 deinde
764 349 957 396 totidem
988 349 1177 408 frigidae
1209 362 1355 409 aquae
1378 349 1520 394 librae
1554 348 1600 394 in
1635 348 1754 394 idem
1778 362 1861 395 vas
1883 349 2040 394 infun-

255 436 445 492 duntur,
471 448 613 494 eaque
646 433 694 479 in
719 433 949 478 infusione
973 436 1222 478 servantur
1246 446 1324 491 per
1355 445 1454 487 sex,
1479 435 1600 486 octo,
1627 432 1700 476 vel
1723 431 1780 476 ad
1802 444 2039 477 summum

256 518 416 563 decem
454 517 614 574 horas;
661 515 923 561 extrahitur
971 519 1125 574 postea
1166 513 1310 559 zebibi
1345 514 1419 559 vel
1456 528 1576 559 uvae
1625 526 1783 572 passae
1832 512 2039 567 materia,

257 615 401 661 eaque
442 600 661 646 exteriori
701 613 819 659 aqua
853 602 1070 657 purgata,
1105 602 1186 642 aut
1218 611 1372 656 panno
1404 597 1676 656 stringitur,
1711 601 1792 642 aut
1824 597 2039 642 torculari

258 684 496 744 premitur.
544 683 709 742 Liquor
742 682 847 726 inde
879 695 1122 740 expressus
1157 681 1317 725 vinum
1357 685 1450 736 est,
1485 694 1575 739 quo
1607 680 1706 725 sine
1739 679 1943 725 ulteriori
1975 679 2043 724 di-

258 768 445 827 ligentia
468 771 679 822 utuntur,
705 765 813 809 dum
838 764 1087 810 celebrant.
1114 769 1210 809 Hac
1232 764 1387 809 habita
1410 763 1736 822 explicatione,
1763 762 1849 807 fuit
1871 762 2039 808 iterum

258 852 541 911 propositum
589 849 811 904 dubium,
848 862 903 893 ac
948 848 1074 892 lectis
1113 862 1290 907 quoque
1328 848 1652 902 relationibus,
1693 853 1735 891 et
1780 846 2046 892 rationibus

260 938 418 980 Patris
453 936 646 980 loannis
684 934 964 978 Damasceni
999 931 1296 985 Consulcoris‚
1334 945 1418 975 nec
1450 944 1545 974 non
1578 932 1727 974 variis
1752 932 2042 987 emper-imen-

259 1021 314 1064 tis
348 1017 485 1074 faecis
515 1031 601 1074 pro
633 1015 840 1060 eruendo
874 1015 991 1058 dicto
1023 1016 1147 1068 vinc,
1176 1015 1518 1067 SanctissimuS,
1556 1013 1732 1058 auditis
1771 1014 1884 1057 votis
1924 1013 2043 1055 Emi-

259 1103 642 1146 nencissimorzcm
676 1098 808 1152 dixit,
836 1098 988 1152 licere,
1015 1096 1264 1140 dummodo
1297 1096 1449 1154 liquor
1477 1095 1796 1140 eoelrahendus
1828 1108 1858 1139 a
1889 1094 2045 1139 zebibo

257 1185 327 1229 vel
363 1186 462 1228 avis
490 1184 641 1240 passis
672 1196 727 1226 ex
758 1181 937 1235 colore,
972 1180 1111 1224 odore
1143 1185 1183 1223 et
1214 1185 1354 1236 qaam
1402 1179 1709 1236 diynoscatm·
1747 1191 1838 1222 esse
1879 1190 2041 1222 verum

260 1271 424 1313 vinum
451 1268 480 1310 ¹.

379 1352 592 1394 Ceterum
627 1346 866 1406 vigilantia
899 1360 953 1391 ac
985 1345 1268 1403 singulorum
1305 1343 1574 1389 Antistitum
1608 1357 1714 1388 cura
1740 1342 1941 1388 excitata
1975 1345 2047 1386 est

261 1447 342 1491 per
376 1430 732 1476 instructionem
768 1433 810 1475 S.
847 1433 1009 1486 Congr.
1037 1428 1132 1473 Fid.
1173 1432 1300 1486 Prop.
1337 1427 1507 1472 editam
1537 1426 1610 1471 die
1637 1427 1690 1470 10
1714 1424 1866 1470 martii
1893 1424 1998 1470 1861
2027 1424 2044 1448 ²

262 1517 315 1560 ad
349 1529 426 1560 eas
459 1514 761 1573 imponendas
807 1511 1120 1558 sacerdotibus
1165 1510 1545 1568 praescriptiones
1583 1510 1667 1553 hac
1701 1509 1746 1552 in
1782 1523 1846 1564 re,
1881 1507 2047 1568 quibus

265 1613 402 1644 omne
436 1596 662 1642 nullitatis
696 1596 948 1655 periculum
984 1609 1007 1639 a
1043 1593 1266 1640 sacrificio
1299 1593 1457 1639 altaris
1488 1596 1701 1638 arceatur
1722 1592 1754 1636 ⁸.

381 1683 481 1727 667.
522 1680 726 1726 Essentia
762 1681 936 1724 formae
971 1678 1106 1723 liuius
1130 1677 1413 1723 Sacramenti
1447 1677 1500 1722 ad
1536 1676 1934 1721 consecrationem
1968 1688 2043 1733 pa-

263 1766 334 1810 nis
368 1765 601 1825 requisita,
637 1764 707 1809 his
739 1763 844 1808 solis
878 1762 1030 1807 verbis
1062 1761 1295 1807 consistit:
1344 1763 1433 1805 Hoc
1465 1767 1527 1805 est
1558 1774 1725 1817 corpas
1759 1773 1930 1803 meum.
1969 1762 2043 1804 Es-

263 1849 412 1894 sentia
447 1862 557 1892 vero
592 1849 765 1892 formae
797 1846 854 1891 ad
887 1845 1284 1891 consecrationem
1321 1843 1417 1888 vini
1451 1844 1524 1888 lz‘ae‘e
1556 1849 1619 1887 est
1646 1843 1771 1888 calix
1792 1844 2048 1900 sanquim's

265 1935 357 1976 ‘mee'
392 1932 461 1976 vel
494 1931 568 1975 hie
600 1937 663 1974 est
694 1931 893 1987 sanyais
926 1942 1069 1973 meus.
1110 1927 1295 1987 Reliqua
1322 1941 1431 1971 vero
1455 1926 1594 1971 verba
1630 1940 1722 1970 non
1757 1930 1866 1970 sunt
1897 1925 1952 1970 de
1979 1938 2045 1969 es·

263 2016 428 2070 sentia,
463 2013 679 2074 quamvis
711 2012 915 2071 graviter
946 2015 1175 2071 peccaret,
1210 2011 1284 2070 qui
1321 2009 1469 2069 aliqua
1504 2024 1562 2054 ex
1595 2010 1797 2068 reliquis,
1834 2010 2049 2066 (excepto

265 2099 407 2151 verbo
439 2101 589 2153 enim,
626 2096 756 2142 cuius
788 2095 974 2141 omissio
1023 2099 1143 2140 esset
1175 2093 1385 2151 venialis)
1434 2093 1672 2138 omitteret
1707 2092 1775 2137 vel
1827 2095 2044 2137 mutaret.

267 2186 403 2227 Porro
437 2180 797 2227 consecrationis
822 2180 960 2224 verba
984 2178 1154 2223 debent
1177 2177 1367 2237 proferri
1401 2177 1536 2222 simul
1570 2175 1812 2221 recitative
1834 2179 1881 2220 et
1902 2188 2048 2219 enun-

387 2352 396 2371 ¹
426 2352 460 2388 S.
489 2351 533 2388 Ο.
560 2351 606 2387 22
633 2350 711 2388 iulii
742 2349 845 2386 1706.
872 2349 1022 2386 Collect.
1048 2358 1085 2385 n.
1113 2347 1193 2384 697.
1220 2347 1311 2384 Item
1340 2348 1359 2383 7
1386 2347 1472 2382 maii
1503 2345 1603 2382 1879.

384 2423 396 2441 ³
423 2422 571 2459 Collect.
600 2431 636 2458 n.
665 2421 746 2458 702.

385 2493 397 2513 ³
425 2494 558 2537 Quaeri
586 2496 706 2539 potest
731 2501 779 2528 an
804 2492 887 2528 loco
914 2491 989 2527 vini
1017 2491 1055 2527 in
1081 2494 1236 2536 utraque
1263 2489 1531 2535 purificatione,
1557 2488 1622 2525 ubi
1649 2496 1786 2533 inagna
1810 2487 1858 2523 sit
1883 2486 1959 2523 vini
1986 2496 2050 2532 pe-

265 2565 383 2607 nuria,
410 2564 508 2600 licite
535 2563 703 2601 adhiberi
733 2563 851 2609 possit
877 2566 1021 2599 tantum
1047 2571 1152 2607 aqua.
1180 2562 1293 2598 Porro
1321 2561 1412 2607 Sup.
1439 2560 1666 2597 Universalis
1693 2558 1888 2605 Inquisitio
1914 2558 1972 2595 die
2001 2557 2046 2594 14

268 2636 349 2673 iulii
377 2635 468 2672 1707
495 2635 541 2672 ad
561 2635 777 2672 huiusmodi
803 2634 1014 2680 quaesitum
1040 2633 1271 2679 propositum
1298 2631 1344 2669 ab
1363 2632 1550 2678 Episcopo
1578 2630 1821 2674 Quehecensi,
1848 2628 2049 2675 respondit,

268 2709 363 2745 citra
389 2708 594 2744 mammam
615 2716 823 2753 penariam,
839 2704 1038 2742 servandas
1055 2713 1126 2740 esse
1142 2713 1208 2749 pro
1226 2703 1366 2739 viribus
1383 2702 1560 2738 Ram-icas
1578 2700 1740 2738 Missalis
1757 2699 1920 2742 Romani,
1940 2708 2049 2745 prae-

267 2778 393 2815 sertim
418 2778 455 2813 in
477 2777 744 2823 purificatione,
771 2786 835 2812 seu
860 2775 982 2822 prima
1007 2774 1199 2811 ablutione.
1226 2773 1322 2810 Dum
1341 2781 1428 2809 vero
1456 2776 1556 2808 tanta
1573 2772 1619 2808 sit
1638 2771 1714 2807 vini
1733 2770 1898 2817 penuria,
1915 2756 1956 2807 ut
1975 2767 2048 2805 nisi

269 2849 479 2886 sacerdotes
505 2857 602 2894 aqua
628 2851 770 2884 tantum
796 2849 987 2883 uterentur
1011 2845 1050 2881 in
1075 2843 1353 2891 purificatione,
1381 2843 1498 2880 coacti
1524 2846 1650 2879 essent
1676 2842 1798 2888 plures
1823 2841 1870 2878 ad
1895 2849 1972 2877 non
1996 2848 2051 2876 ce-

267 2919 500 2962 lebrandum‚
528 2918 697 2955 adhiberi
725 2926 832 2963 posse
859 2916 977 2954 solam
1004 2925 1151 2962 aquam,
1179 2914 1379 2951 declaravit
1405 2913 1538 2959 Congr.
1557 2914 1602 2950 de
1619 2914 1657 2949 P.
1677 2913 1716 2950 F.
1743 2913 1783 2949 in
1807 2910 2049 2958 responsione

270 2991 316 3028 ad
343 2991 455 3028 dubia
481 2990 672 3036 proposita
696 2998 718 3025 a
743 2987 988 3026 Missionariis
1015 2986 1236 3024 Sinensibus
1262 2985 1321 3023 die
1347 2984 1393 3022 25
1420 2985 1577 3022 ianuarii
1605 2985 1707 3022 1665.
