2176 3386
797 203 927 232 Lfflssn
955 203 1010 231 111.
1042 203 1098 231 DE
1128 203 1264 232 LA1C1s
1841 192 1928 232 463

829 435 1074 495 LIBER
1119 435 1220 494 ΙΙΙ.

757 571 884 625 De
935 570 1301 625 Laicis,

258 729 414 773 Laicus
447 729 494 773 in
527 727 691 773 Christi
731 727 927 772 Ecclesia
961 741 1041 785 per
1071 726 1407 785 oppositionem
1440 727 1496 771 ad
1530 727 1721 772 clericos
1772 727 1921 772 nomi·

139 815 302 868 natur;
339 811 473 856 sicuti
507 810 632 856 enim
667 810 939 855 clericorum
976 824 1182 868 pracesse
1215 815 1316 866 est,
1357 810 1419 855 ita
1455 811 1676 856 laicorum
1711 811 1917 857 subesse.

143 900 202 940 De
236 895 360 941 laicis
408 895 611 940 breviter
642 898 831 953 agentes
878 895 1108 940 dicemus:
1148 897 1185 950 l)
1213 895 1266 939 de
1299 895 1522 940 laicorum
1573 900 1693 941 statu
1728 895 1924 942 iuridico

138 978 184 1023 in
217 979 445 1036 Ecclesia;
482 980 522 1035 2)
549 980 603 1024 de
637 978 810 1024 iuribus
843 983 887 1024 et
914 978 1162 1038 privilegiis
1194 979 1359 1039 quibus
1390 980 1635 1039 aliquando
1669 980 1924 1026 donantur.

902 1165 1081 1207 CAPUT
1115 1166 1145 1206 1.

647 1272 707 1307 DE
736 1271 981 1308 LAICORUM
1010 1272 1162 1308 STATU
1192 1271 1416 1309 IURIDICO.

259 1374 357 1418 595.
395 1372 479 1426 Qui
513 1387 594 1432 per
634 1372 920 1432 baptismatis
967 1377 1309 1418 sacramentum
1352 1373 1398 1417 in
1444 1374 1691 1418 EcclesIam
1736 1374 1926 1432 ingressi

140 1461 263 1513 sunt,
290 1456 652 1502 irrevocabiliter
679 1457 904 1501 Ecclesiae
938 1456 1106 1501 subditi
1140 1458 1271 1502 fiunt.
1308 1462 1457 1511 Quare
1483 1458 1601 1502 utin
1635 1461 1835 1503 tractatu
1870 1459 1931 1504 de·

139 1539 236 1584 iure
259 1539 438 1598 publico
470 1539 780 1585 ecclesiastico
813 1540 1180 1585 demonstratum
1205 1544 1290 1595 est⁷
1319 1540 1535 1585 baeretici
1565 1545 1612 1585 et
1642 1541 1926 1586 schismatici

140 1637 233 1668 non
258 1623 391 1668 modo
416 1623 588 1681 legibus
611 1623 755 1667 divini
782 1638 835 1669 ac
858 1623 1080 1667 naturalis
1114 1623 1224 1668 iuris
1258 1627 1492 1679 tenentur,
1529 1625 1606 1669 sed
1641 1624 1780 1669 etiam
1816 1624 1929 1681 legi-

140 1708 222 1752 bus
247 1706 473 1752 Ecclesiae
502 1722 626 1752 mere
650 1707 1016 1766 disciplinaribus
1039 1712 1326 1763 tenerentur,
1354 1708 1439 1753 nisi
1465 1709 1663 1754 Ecclesia
1687 1709 1806 1755 bona
1832 1724 1926 1754 ma-

140 1795 211 1835 ter
239 1790 354 1847 illos,
389 1791 465 1851 qui
500 1791 545 1836 in
576 1791 750 1836 haeresi
779 1795 825 1836 et
858 1792 1104 1836 schismate
1139 1793 1234 1837 nati
1268 1796 1377 1837 sunt
1409 1793 1577 1852 quique
1613 1794 1659 1838 in
1684 1794 1802 1838 bona
1838 1794 1929 1839 lide

143 1874 315 1922 versari
339 1879 602 1925 censentur,
625 1874 887 1933 dispensare
905 1875 959 1920 ad
985 1874 1156 1919 maiora
1183 1875 1301 1919 mala
1328 1874 1515 1920 vitanda
1541 1890 1634 1921 non
1659 1877 1813 1921 vellet.
1843 1878 1926 1920 Ve-

143 1973 244 2003 rum
278 1971 440 2003 omnes
463 1957 615 2003 lideles
638 1958 682 2002 in
707 1958 821 2003 duas
843 1958 1009 2003 classes
1031 1958 1303 2003 dividuntur
1326 1963 1377 2003 ut
1398 1959 1571 2004 dictum
1606 1964 1690 2015 est,
1717 1959 1763 2004 in
1787 1960 1933 2005 laicos

144 2050 308 2094 nempe
341 2036 505 2095 quibus
538 2035 739 2081 fidelium
790 2036 1035 2080 multitudo
1069 2040 1266 2090 constat,
1302 2040 1348 2080 et
1381 2035 1426 2080 in
1462 2037 1652 2082 clericos
1689 2036 1766 2096 qui
1800 2050 1825 2081 a
1860 2051 1927 2081 re-

142 2119 264 2179 liquo
308 2119 470 2177 populo
512 2119 733 2177 separati,
769 2123 815 2163 et
846 2119 1010 2178 quibus
1044 2119 1297 2165 mediorum
1333 2120 1603 2165 oeconomia
1644 2120 1690 2165 in
1728 2120 1926 2166 Ecclesia

143 2201 384 2246 commissa
407 2205 492 2256 est,
517 2201 686 2261 quique
710 2203 830 2247 curis
853 2216 905 2247 ac
940 2202 1207 2247 ministeriis
1240 2202 1332 2247 suis
1365 2207 1573 2248 caeteros
1605 2203 1659 2247 ad
1699 2202 1837 2247 finem
1864 2203 1931 2247 di-

143 2285 313 2342 rigunt.
349 2290 498 2339 Quare
540 2285 899 2330 fundamentalis
931 2286 1005 2330 lex
1038 2291 1107 2330 est
1154 2306 1173 2326 a
1203 2288 1362 2330 Laicos
1405 2286 1744 2330 iurisdictionis
1791 2287 1928 2330 eccle-

141 2372 354 2415 siasticae
387 2384 478 2414 esse
509 2373 758 2428 incapaces
784 2390 802 2410 υ
831 2372 860 2415 ¹.

264 2452 363 2497 594.
400 2455 513 2498 Cum
536 2453 590 2497 de
614 2452 739 2498 laicis
772 2458 928 2499 autem
951 2456 1208 2514 loquamur,
1235 2459 1280 2499 et
1315 2454 1546 2514 Principes
1569 2460 1615 2500 et
1641 2460 1782 2513 Reges
1805 2469 1931 2500 com-

146 2536 412 2594 plectimur:
450 2535 512 2580 nil
545 2537 669 2581 enim
700 2541 890 2595 possunt
926 2536 1155 2596 Principes
1188 2537 1232 2581 in
1272 2537 1468 2582 Ecclesia
1504 2537 1550 2582 in
1586 2537 1639 2582 iis
1671 2552 1787 2597 quae
1811 2538 1929 2583 dire-

145 2624 217 2664 cte
241 2619 312 2663 vel
337 2618 575 2671 indirecte,
603 2620 800 2665 mediate
832 2621 904 2665 vel
938 2620 1202 2666 immediate
1241 2621 1464 2666 Ecclesiae
1499 2621 1639 2666 finem
1673 2620 1926 2678 attingunt.

145 2706 293 2755 Quare
328 2702 374 2746 in
408 2703 588 2760 Syllabo
622 2704 733 2749 baec
766 2704 1013 2763 propositio
1036 2706 1092 2749 54
1114 2704 1362 2749 damnatur
1397 2725 1416 2745 a
1440 2708 1582 2762 Regyes
1614 2710 1655 2748 ei
1686 2706 1930 2761 Principes

147 2798 239 2828 non
270 2786 416 2829 solum
452 2787 509 2831 ab
548 2787 772 2832 Ecclesiae
819 2789 1138 2832 iurisdictione
1179 2790 1455 2832 eximuntur
1502 2802 1665 2832 veram
1699 2790 1840 2832 etiam
1878 2790 1927 2831 in

144 2869 486 2925 quaestionibus
516 2870 852 2915 iurisdictionis
892 2871 1173 2916 dirimendis
1209 2874 1478 2928 Superiores
1507 2877 1618 2915 sunt
1656 2871 1854 2916 Ecclesia
1882 2889 1928 2915 n,

262 3011 271 3030 ¹
300 3011 387 3057 Arg.
415 3012 540 3048 Matth.
568 3012 665 3055 XVI,
694 3013 749 3057 18,
778 3013 832 3057 19;
860 3013 992 3053 XVIII.
1023 3013 1083 3057 18;
1110 3014 1160 3049 Io.
1190 3013 1288 3055 XXI,
1318 3013 1371 3057 15;
1400 3013 1484 3058 Cap.
1520 3013 1746 3049 decernimus
1783 3012 1827 3048 de
1868 3013 1927 3049 iu·

143 3080 272 3126 diciis;
299 3082 495 3120 GONZALEZ
521 3083 660 3121 Comm.
688 3084 726 3120 in
751 3093 834 3130 cap.
861 3084 882 3120 2
908 3084 952 3121 de
982 3085 1136 3125 iudiciis,
1163 3089 1199 3120 ct
1225 3084 1363 3130 passim
1389 3083 1575 3120 doctores.
