2176 3386
258 217 338 258 210
937 230 1046 259 PARS
1067 231 1108 259 11.
1138 231 1195 260 DE
1225 231 1363 260 menos

257 336 378 381 fecto
413 335 623 394 negotio,
659 337 822 382 literas
853 337 1083 382 lacerare,
1113 341 1230 382 .Hoc
1263 337 1393 382 iuxta
1441 341 1646 384 mentem
1679 340 1722 381 S.
1759 338 1935 383 Poenit'.
1968 343 2038 384 est

257 432 365 464 cum
401 418 782 478 impedimentum
818 420 1084 480 plerumque
1123 420 1214 466 iam
1247 435 1326 480 pro
1359 435 1452 466 uno
1484 422 1747 479 sublatum,
1782 422 1923 469 etiam
1957 437 2038 484 pro

256 502 346 548 alio
379 516 472 548 non
505 502 705 558 existat,
741 517 881 562 quare
929 503 1015 548 hoc
1049 503 1375 562 praescribitur
1408 518 1500 549 non
1538 505 1594 549 ad
1626 505 1917 551 validitatem
1950 505 2037 551 dis-

258 585 540 644 pensationis
586 586 663 631 sed
697 591 748 630 ut
779 587 961 646 utrique
999 586 1248 645 coniugum
1295 587 1547 632 solutiones
1594 585 1906 646 poenitentiae
1951 588 2036 634 im-

256 674 505 728 ponantur.

380 752 506 796 1074.
544 751 685 796 Hodie
718 756 874 797 tamen
911 752 1139 809 praedicta
1172 753 1408 812 dispositio
1441 755 1591 800 locum
1627 769 1718 800 non
1753 755 1890 800 habet
1921 756 2035 802 etin
2171 771 2176 803 i

255 835 347 880 fine
370 835 575 893 rescripti
611 835 712 879 addi
746 836 861 880 solet
893 836 1025 893 faeta
1057 838 1138 880 tibi
1164 843 1384 894 potestate
1416 836 1487 882 his
1508 838 1672 882 litteris
1703 839 1867 883 utendi
1896 842 2037 884 etiam

255 930 360 961 eum
395 917 549 962 altera
578 923 717 974 parte
747 920 789 961 si
820 918 882 962 ad
915 925 955 962 te
984 932 1071 975 pro
1105 919 1388 963 absolutione
1421 923 1677 965 accesserit.

1006 1163 1184 1207 CAPUT
1220 1166 1290 1207 [ΙΙ.

500 1302 561 1337 DE
588 1301 1008 1339 DISPENSATIONUM
1036 1303 1462 1340 MATRIMONIALIUM
1490 1303 1793 1340 CESSATIONE.

379 1416 503 1459 1075.
541 1414 825 1460 Generaliter
847 1415 1210 1473 dispensationes
1236 1415 1598 1461 matrimoniales
1620 1422 1802 1462 cessant
1822 1432 1876 1462 eo
1899 1418 2033 1463 modo

253 1513 342 1559 quo
375 1502 557 1543 cessant
590 1498 806 1557 rescripta
842 1512 1006 1555 nempe
1041 1499 1112 1543 vel
1147 1499 1203 1543 ab
1235 1501 1486 1544 intrinseco
1510 1500 1582 1544 vel
1616 1501 1672 1545 ab
1699 1503 1968 1546 eoetrinsew,

378 1582 506 1626 1076.
544 1581 609 1626 Ab
642 1581 891 1626 intrinseco
924 1580 1201 1639 dispensatio
1235 1581 1586 1627 matrimonialis
1608 1587 1755 1626 cessat
1779 1583 1849 1627 vel
1885 1583 2033 1642 potius

255 1665 425 1709 nullam
462 1664 558 1709 vim
601 1665 738 1709 habet
780 1678 921 1724 usque
970 1666 1028 1709 ab
1071 1665 1202 1710 initio
1236 1666 1271 1709 si
1307 1666 1353 1709 in
1383 1668 1603 1722 petitione
1637 1667 1708 1710 vel
1746 1680 1882 1710 error
1915 1669 2032 1710 irre-

250 1752 407 1806 pserit,
445 1749 518 1793 vel
552 1749 714 1793 relicta
748 1755 810 1793 est
842 1751 1013 1794 veritas
1045 1763 1100 1793 eoe
1132 1750 1232 1793 dolo
1265 1755 1306 1793 et
1340 1749 1538 1793 malitia.
1585 1749 1712 1804 Quod
1751 1749 1785 1793 si
1833 1750 2031 1806 obreptio

255 1833 326 1876 vel
357 1833 587 1889 subreptio
611 1831 750 1877 fuerit
772 1846 829 1876 ex
854 1833 1111 1889 ignorantia
1136 1836 1182 1877 et
1206 1833 1508 1890 ingenuitate,
1534 1832 1784 1877 videndum
1819 1847 1876 1877 an
1905 1847 2032 1878 error
2140 1887 2142 1889 Ι

254 1916 390 1961 fuerit
422 1917 665 1961 dumtaxat
688 1916 984 1961 accidentalis
1017 1930 1094 1961 seu
1129 1921 1180 1960 ut
1212 1916 1380 1961 dicitur
1410 1916 1454 1960 in
1488 1931 1631 1961 eausa
1668 1918 1930 1974 impulsiva,
1957 1917 2030 1962 vel
2139 1910 2176 1982 ἢ

253 1999 391 2044 fuerit
423 1999 681 2045 essentialis
714 2013 791 2044 seu
827 1999 872 2044 in
906 2012 1051 2044 eausa
1086 2003 1271 2065 motiva,
1297 1999 1454 2058 quoin
1479 2000 1680 2044 secundo
1712 2014 1818 2045 casu
1851 2000 2029 2059 dispen-

251 2083 366 2128 satio
402 2083 523 2127 nulla
547 2088 680 2128 esset.
716 2086 927 2128 Ceterum
955 2083 1216 2127 recolantur
1247 2097 1363 2142 quae
1397 2096 1532 2140 supra
1555 2083 1751 2128 dicimus
1771 2083 1826 2128 de
1847 2084 2028 2140 dispen-

249 2170 486 2211 sationum
520 2169 798 2221 eaeecutione,
826 2167 881 2210 de
902 2167 1140 2221 clausulis,
1167 2166 1222 2210 de
1241 2169 1459 2223 petitione
1481 2172 1568 2211 etc.
1605 2171 1753 2220 Quare
1791 2167 1827 2223 1)
1856 2166 2027 2211 nullam

252 2248 347 2292 vim
382 2248 519 2293 habet
550 2247 829 2306 dispensatio
877 2248 911 2292 si
953 2249 1232 2294 concedatur
1263 2249 1320 2292 ab
1352 2249 1405 2293 iis
1437 2250 1518 2308 qui
1543 2254 1810 2306 potestatem
1847 2248 2028 2305 dispen-

249 2331 392 2375 sandi
422 2334 473 2376 in
506 2345 555 2375 eo
587 2344 699 2375 easu
732 2345 826 2374 non
860 2330 1044 2375 liabent.
1102 2335 1153 2375 Et
1194 2331 1255 2375 ita
1297 2331 1420 2376 nulla
1466 2330 1648 2375 videtur
1693 2330 1971 2389 dispensatio
2002 2343 2027 2374 a

252 2418 294 2460 S.
336 2414 691 2459 Poenitentiaria
725 2427 941 2459 concessa
964 2414 1010 2458 in
1035 2414 1194 2470 forma
1214 2428 1480 2472 pauperum
1514 2413 1549 2458 si
1573 2417 1777 2458 oratores
1808 2426 1902 2456 non
1934 2415 2029 2457 sint

246 2511 494 2554 pauperes,
531 2496 679 2555 prouti
713 2509 848 2554 supra
884 2496 1137 2541 retulimus.
1174 2500 1287 2540 Item
1322 2497 1459 2541 nulla
1491 2503 1554 2540 est
1585 2496 1865 2552 dispensatio
1911 2508 2028 2554 quae

249 2579 307 2623 ab
340 2579 559 2638 Episcopo
591 2580 871 2624 concedatur
903 2579 975 2623 vel
1016 2581 1068 2623 in
1108 2579 1449 2637 impedimentis
1495 2578 1833 2632 dirimentibus,
1871 2576 1943 2622 vel
1974 2579 2027 2621 in

253 2660 597 2718 impedimentis
620 2662 882 2714 reservatis,
910 2659 1020 2704 iuris
1042 2658 1389 2717 exceptionibus
1421 2658 1632 2713 servatis,
1660 2657 1732 2702 vel
1754 2658 1908 2716 quoad
1929 2670 2024 2702 non

247 2757 352 2788 suos
382 2744 597 2788 subditos.
645 2747 759 2787 ltem
810 2742 932 2787 nulla
980 2742 1256 2800 dispensatio
1306 2741 1350 2786 in
1391 2741 1570 2786 casibus
1601 2740 1656 2786 ad
1689 2754 1802 2800 quos
1837 2738 2025 2785 extendi

250 2827 444 2886 nequit„
469 2827 512 2884 Ξ)
548 2827 680 2871 Nulla
712 2830 782 2870 est
814 2825 1093 2884 dispensatio
1124 2828 1165 2869 si
1195 2828 1245 2869 in
1284 2827 1502 2883 petitione
1548 2826 1716 2868 omissa
1750 2829 1861 2867 sunt
1906 2836 2026 2882 quae

249 2914 512 2957 neeessare'a
544 2917 654 2955 sunt
686 2911 749 2955 ad
780 2910 1139 2967 dispensationis
1170 2909 1461 2955 validitatem
1494 2908 1623 2954 iuxta
1655 2909 1863 2968 superius
1902 2907 2024 2953 dicta

249 2993 297 3038 in
330 2998 416 3039 art.
454 2995 497 3049 2,
533 3007 631 3052 cap.
672 2996 711 3048 1,
746 2993 801 3037 de
834 2991 1055 3051 petitione
1087 2990 1201 3050 disp.
1262 2992 1304 3048 5)
1343 2992 1485 3037 Nulla
1531 2998 1641 3036 esset
1671 2992 1952 3049 dispensatio
1984 2990 2026 3035 si
2079 2974 2082 2978 ⁵

248 3093 303 3123 ex
334 3076 572 3136 hypothesi
601 3077 718 3122 data
749 3075 897 3133 fuerit
929 3075 985 3119 ab
1019 3075 1360 3132 impedimentis
1391 3077 1511 3119 iuris
1542 3080 1763 3130 naturae,
1794 3078 1875 3119 aut
1906 3056 2064 3126 iuris,
