2176 3386
5 58 29 70 l*
67 65 74 68 ν
103 47 118 62 .*
351 60 354 62 “
528 42 534 48 ⁸

42 110 54 119 .

792 190 921 218 Lmen
951 190 977 218 1.
1011 190 1067 218 DE
1097 189 1292 218 ‹uA-:mers
1884 180 1936 219 33

267 294 309 340 Si
340 309 451 340 vero
485 295 530 339 in
567 299 762 339 vacante
794 293 993 339 dioecesi
1016 294 1278 353 Capitulum
1301 298 1510 340 erectum
1535 294 1690 351 fuerit,
1728 295 1938 340 Vicarius

137 377 414 436 Capitularis
447 377 762 436 Praepositum
796 381 843 422 et
874 377 1131 424 Canonicos
1163 377 1458 434 convocabit,
1497 377 1582 438 qui
1618 378 1936 436 capitulariter

139 461 409 517 coadunati,
445 467 491 506 et
524 461 734 520 precibus
766 461 820 506 de
855 475 983 506 more
1017 461 1295 520 praemissis,
1329 461 1475 506 tribus
1511 461 1688 507 vicibus
1720 461 1936 519 suffragia
1989 491 1997 499 -

146 544 298 589 ferent
329 545 450 589 circa
486 558 702 604 personas
735 548 776 589 S.
815 544 915 590 Sedi
953 545 1080 588 velut
1112 544 1347 603 digniores
1380 545 1789 590 commendandas.
1822 548 1937 588 'sum

138 627 404 685 Capitulum
438 627 626 672 nomina
659 627 949 685 alphabetico
982 627 1142 672 ordine
1176 627 1394 685 disposita
1419 631 1586 672 eorum
1612 626 1753 672 trium
1788 640 1937 671 sacer-

141 711 324 766 dotum,
360 710 407 755 in
440 724 552 770 quos
587 710 733 755 maior
766 724 988 755 numerus
1021 710 1344 768 suffragiorum
1370 710 1663 764 convenerit,
1686 711 1742 754 ad
1768 714 1935 755 Metro-

145 793 403 851 politanum
437 794 510 838 vel
546 794 590 837 in
624 793 722 837 eius
754 793 936 838 defectu
971 793 1027 838 ad
1060 793 1290 838 seniorem
1332 793 1674 850 suffraganeum
1698 791 1940 837 transmit-

146 881 230 933 tet,
268 882 318 921 ut
350 876 514 921 ceteris
550 876 795 935 Episcopis,
832 881 884 920 ut
915 890 1050 934 supra
1085 876 1262 920 dictum
1286 880 1371 930 est,
1399 875 1444 919 in
1483 889 1628 920 unum
1651 875 1936 919 convenien-

148 959 271 1004 tibus
302 959 726 1015 communicentur,
761 959 838 1019 qui
871 959 1058 1019 quidem
1093 973 1145 1004 ea
1181 959 1440 1014 excutient,
1479 963 1529 1005 ut
1565 958 1730 1003 deinde
1765 961 1805 1002 S.
1835 958 1936 1003 Sedi

147 1044 352 1088 referant
384 1045 611 1102 quomodo
646 1043 775 1087 iuxta
809 1056 941 1087 suam
976 1042 1259 1087 sententiam
1293 1042 1576 1099 disponenda
1610 1041 1720 1098 sint,
1756 1046 1937 1086 attento

142 1126 307 1170 ordine
342 1126 630 1181 meritorum,
667 1130 713 1170 et
744 1126 799 1170 de
833 1125 1024 1182 singulis
1058 1126 1314 1171 candidatis
1341 1126 1529 1170 notitias
1553 1126 1728 1170 dabunt
1751 1125 1806 1170 ad
1834 1139 1938 1170 nor·

145 1222 273 1253 -mam
306 1209 648 1268 quaestionum,
685 1208 739 1252 de
772 1208 936 1268 quibus
970 1222 1104 1267 supra
1141 1209 1317 1253 dictum
1353 1214 1436 1254 est.
1481 1210 1710 1268 Episcopis
1744 1224 1854 1254 vero
1888 1209 1938 1253 li-

147 1294 312 1336 berum
347 1293 434 1337 erit
466 1293 553 1336 alia
587 1292 726 1336 etiam
764 1292 953 1337 nomina
988 1292 1172 1347 addere,
1208 1306 1326 1351 quae
1362 1292 1506 1350 magis
1540 1297 1796 1351 opportuna
1836 1307 1940 1345 cen-

146 1376 343 1431 suerint,
379 1390 432 1421 ac
465 1376 629 1420 deiude
663 1375 812 1434 ipsum
853 1376 1177 1420 authenticum
1224 1380 1381 1420 actum
1426 1376 1746 1434 capitularem,
1783 1390 1836 1421 ac
1875 1391 1940 1420 re-

151 1458 369 1504 lationem
406 1459 665 1504 senlentiae
699 1459 746 1503 in
781 1473 919 1518 quam
958 1459 1163 1517 Episcopi
1200 1465 1431 1503 venerunt
1470 1459 1525 1504 ad
1575 1462 1617 1504 S.
1655 1460 1813 1504 Sedem
1862 1473 1944 1518 per

150 1542 270 1586 hanc
303 1547 344 1587 S.
372 1542 782 1600 Congregationem
810 1542 1146 1587 transmittent.
1186 1544 1321 1586 Sacra
1347 1556 1480 1600 porro
1501 1542 1615 1587 haec
1639 1543 1941 1600 Congregatio

145 1625 367 1670 declarari
404 1626 551 1670 voluit
584 1626 773 1670 nomina
808 1625 1179 1679 candidatorum,
1216 1624 1314 1669 sive
1348 1639 1440 1668 uno
1474 1626 1572 1669 sive
1608 1625 1750 1669 altero
1786 1639 1844 1670 ex
1869 1638 1941 1670 su-

150 1709 367 1767 pradictis
402 1709 546 1754 modis
578 1723 658 1767 pro
692 1723 847 1752 rerum
881 1708 1246 1752 circumstantiis
1271 1709 1543 1764 innuantur,
1581 1723 1660 1766 per
1682 1709 1939 1767 simplicem

150 1793 605 1838 commendationem
641 1791 832 1850 proponi
867 1796 917 1835 ut
953 1792 1165 1836 notitiam
1205 1796 1387 1836 tantum
1423 1806 1476 1836 ac
1501 1792 1657 1835 lumen
1675 1791 1838 1836 afferre
1863 1806 1940 1835 va-

151 1877 243 1921 leat
275 1876 320 1920 in
354 1877 579 1921 electione
614 1874 888 1933 perficienda
925 1888 1059 1933 quae,
1097 1878 1147 1917 ut
1181 1874 1292 1918 iuris
1325 1879 1410 1929 est,
1446 1875 1501 1918 ad
1540 1875 1846 1932 Apostolicam
1869 1877 1941 1919 Se-

150 1960 254 2004 dem
289 1959 480 2005 omnino
515 1957 732 2017 pertinet,
770 1957 842 2002 cui
869 1958 1002 2015 plena
1028 1958 1213 2002 libertas
1237 1962 1452 2002 servatur
1474 1957 1616 2002 alium
1643 1959 1783 2002 etiam
1808 1962 1941 2002 extra

151 2044 420 2103 propositos,
456 2043 491 2088 si
525 2043 586 2086 ita
623 2042 703 2099 ipsi
743 2042 982 2100 placuerit,
1029 2042 1083 2085 ad
1129 2046 1376 2085 vacantem
1423 2041 1583 2085 Sedem
1635 2040 1939 2098 episcopalem

154 2127 423 2172 nominandi
454 2146 491 2170 v.
1009 2103 1016 2114 .

276 2215 472 2254 Pronum
516 2213 586 2253 est
622 2213 778 2253 autem
817 2208 1069 2265 intelligere
1119 2208 1238 2267 quod
1274 2208 1358 2252 hoc
1394 2207 1461 2252 ius
1495 2222 1573 2252 seu
1620 2207 1941 2265 praerogativa

152 2292 570 2338 commendationis
604 2292 728 2336 nullo
769 2292 902 2335 modo
940 2291 1224 2349 Apostolicae
1250 2291 1374 2335 Sedis
1413 2291 1672 2335 libertatern
1705 2290 1943 2335 imminuit

155 2377 202 2421 in
240 2376 466 2435 Episcopis
499 2375 765 2433 deligendis,
794 2375 1064 2432 nullumque
1090 2374 1157 2418 ius
1180 2388 1204 2418 a
1234 2374 1559 2418 commendato
1598 2373 1853 2432 acquiritur
1886 2373 1941 2417 ad

147 2460 453 2506 vobtinendam
489 2458 871 2503 iurisdictionem.

276 2545 345 2588 52.
382 2543 537 2596 Quoad
574 2556 683 2586 vero
716 2543 815 2586 loca
849 2555 965 2600 quae
999 2556 1023 2585 a
1065 2540 1253 2585 Vicariis
1287 2540 1557 2599 Apostolicis
1583 2543 1804 2597 reguntur
1829 2544 1942 2585 Can-

146 2627 412 2672 didatorum
438 2626 685 2685 propositio
708 2625 758 2669 fit
781 2639 806 2669 a
831 2624 1069 2682 Super-iore
1093 2623 1278 2667 Ordinis
1304 2623 1513 2681 Religiosi
1540 2623 1612 2667 vel
1641 2622 1941 2667 ecclesiastici

158 2711 359 2756 instituti
393 2711 464 2756 cui
500 2709 656 2754 missio
693 2709 784 2767 ipsa
820 2707 1086 2753 concredita
1121 2712 1204 2751 est.
1241 2707 1369 2760 Quod
1404 2706 1438 2749 si
1477 2707 1585 2749 nulli
1635 2705 1794 2749 ordini
1843 2705 1942 2749 reli-

153 2794 279 2850 gioso
299 2796 371 2839 vel
393 2794 604 2839 lnstituto
630 2791 859 2837 missionis
884 2790 1089 2848 regimen
1115 2791 1172 2833 sit
1196 2789 1544 2844 demandatum,
1567 2788 1732 2832 Vicarii
1754 2792 1941 2845 Aposto-

157 2876 231 2922 lici
265 2878 427 2922 electio
461 2876 647 2935 praevio
681 2879 722 2921 S.
749 2879 911 2932 Congr.
954 2874 1074 2918 Fidei
1110 2878 1296 2929 Propag.
1337 2876 1445 2915 voto
1479 2886 1503 2915 a
1541 2875 1590 2915 R.
1622 2869 1839 2915 pontifice
1873 2869 1938 2913 lit.

158 2961 419 3005 Praefectus
451 2964 605 3004 autern
633 2958 917 3017 Apostolicus
949 2972 973 3000 a
1008 2955 1235 3002 Cardinali
1273 2955 1509 2999 Praefecto
1533 2957 1574 2999 S.
1602 2958 1647 2998 C.
1677 2958 1806 3011 Prop.
1845 2951 1938 2996 Fid.

154 3042 225 3099 fit,
250 3043 360 3102 quin
386 3055 570 3087 necesse
594 3043 653 3086 sit
671 3046 722 3085 ut
745 3040 1030 3085 interveniat
1049 3039 1270 3083 iudiciuin
1289 3037 1666 3095 Congregationis
1685 3036 1938 3081 Generalis.

282 3126 595 3156 Zl'rfflAA-Somrnu.
1799 3121 1819 3150 3
