2176 3386
783 285 911 314 Lusi-:n
941 285 967 312 1.
1001 284 1057 312 DE
1087 283 1283 312 CLi-:mcxs
1476 322 1483 329 ,
1847 272 1926 312 417

135 399 303 442 Sacrae
335 385 686 453 congregationi
718 392 914 439 subsunt
948 391 1156 451 regiones
1189 392 1385 451 Imperio
1417 392 1635 439 Russiaco
1674 392 1924 449 subiectae,

134 468 188 525 et
218 493 336 540 quae
369 481 619 523 versantur
647 476 694 522 in
731 476 939 522 America
967 475 1268 522 Meridionali.

393 596 410 643 ἓ
438 598 493 634 10.
513 616 557 622 -
575 596 844 643 Conyreqalio
862 596 1216 643 Indulyentiarum
1237 598 1272 632 el
1290 595 1357 632 SS.
1377 596 1668 643 Reliquiarum.

263 692 363 737 559.
403 696 522 736 Haec
555 694 594 736 S.
627 690 926 748 congregatio
959 704 984 735 a
1018 692 1208 736 Summo
1246 690 1462 736 Pontifice
1496 691 1736 736 Clemente
1769 694 1825 736 lx
1859 691 1925 736 in-

136 776 303 822 stituta
337 778 406 820 est
430 775 455 819 ¹.
496 773 599 819 Eius
631 777 700 818 est
732 787 929 818 examen
973 773 1027 817 de
1070 772 1426 818 authenticitate
1470 775 1539 819 SS.
1583 773 1924 833 Reliquiarum,

136 859 385 904 dubiorum
431 857 648 903 resolutio
682 856 802 901 circa
837 855 1144 914 indulgentias
1177 870 1444 912 concessas,
1483 859 1555 902 vel
1600 858 1741 902 etiam
1781 872 1928 903 novas

140 941 451 1000 indulgentias
484 939 735 986 concedere
769 939 1054 984 cumulative
1087 945 1243 985 tamen
1278 954 1384 985 cum
1420 941 1671 986 Secretaria
1715 941 1926 986 Brevium

138 1039 197 1070 ac
237 1024 590 1071 Memorialium.
635 1026 824 1069 Constat
856 1038 914 1068 ex
947 1023 1173 1070 Cardinali
1218 1024 1471 1080 Praefecto,
1508 1024 1777 1080 Secretario,
1812 1029 1926 1071 Con-

137 1107 392 1153 sultoribus
414 1121 467 1152 ac
492 1105 693 1165 pluribus
715 1105 1041 1151 cardinalibus.
1067 1110 1188 1150 Haec
1207 1106 1504 1164 congregatio
1522 1121 1580 1152 ex
1601 1110 1728 1153 Motu
1748 1108 1928 1166 proprio

146 1194 196 1236 R.
223 1193 266 1235 Ρ.
295 1190 359 1235 Pii
386 1194 419 1234 Χ
444 1189 459 1212 ‘²
493 1203 597 1233 cum
623 1190 693 1233 SS.
722 1188 911 1233 Rituum
935 1187 1297 1246 Congregatione
1323 1193 1543 1247 perpetuo
1567 1188 1816 1234 coniuncta
1840 1194 1924 1234 est.

414 1297 431 1343 ἓ
459 1298 515 1334 11.
542 1318 583 1322 —
610 1297 647 1333 S.
675 1296 943 1343 Conyreyatio
967 1307 1087 1343 super
1112 1296 1330 1332 residentia
1357 1296 1660 1344 Episcoporum.

266 1393 365 1438 540.
403 1397 525 1437 Haec
559 1396 599 1435 S.
637 1391 936 1449 Congregatio
982 1392 1038 1435 ab
1074 1393 1252 1435 [rbano
1291 1394 1384 1436 Vlll
1409 1391 1423 1414 ³
1459 1390 1669 1436 instituta
1719 1392 1805 1436 fuit
1852 1393 1928 1451 qui

139 1477 292 1523 eidem
327 1475 613 1521 Cardinalem
649 1474 778 1519 Urbis
814 1474 1046 1519 vicarium
1083 1489 1161 1533 pro
1195 1479 1401 1533 tempore
1437 1475 1672 1532 praefecit,
1698 1475 1830 1535 eique
1863 1477 1929 1521 uti

141 1560 451 1606 Secretarium
485 1559 635 1618 ipsum
670 1562 710 1603 S.
748 1557 935 1604 Concilii
969 1558 1344 1616 Congregationis
1384 1558 1689 1604 Secretarium
1729 1560 1929 1619 assigna-

147 1644 215 1688 xit
243 1644 274 1688 ⁶.
325 1643 428 1687 Eius
467 1642 667 1686 officium
705 1646 775 1686 est
812 1640 1126 1686 'tridentinam
1171 1642 1225 1686 de
1270 1642 1513 1687 residentia
1556 1643 1701 1701 legem
1749 1657 1928 1702 urgere,

143 1727 254 1772 hinc
276 1731 436 1772 contra
470 1725 790 1784 delinquentes
823 1725 1083 1783 procedere,
1119 1725 1355 1770 absentiae
1388 1726 1599 1771 licentias
1621 1727 1873 1773 concedere
1898 1728 1926 1772 ⁵.

447 1846 464 1891 ᾗ
492 1846 547 1882 12.
574 1866 618 1870 -
643 1845 681 1882 S.
708 1844 975 1891 Conqregjatio
1002 1845 1275 1881 Imnuznitalis
1311 1845 1628 1882 Ecclesiasticae.

267 1942 366 1987 541.
405 1941 470 1985 Ab
503 1942 682 1985 Urbano
705 1943 798 1986 Vlll
824 1940 935 1984 haec
969 1943 1010 1984 S.
1048 1939 1346 1998 Congregalio
1380 1939 1590 1985 instituta
1626 1940 1712 1985 fuit
1735 1940 1766 1986 ⁶.
1805 1942 1931 1987 Anti-

140 2025 302 2086 quitus
331 2024 511 2083 negotia
545 2025 665 2069 circa
699 2023 1017 2069 immunitates
1051 2025 1194 2068 reales
1228 2025 1488 2083 personales
1520 2039 1573 2069 ac
1606 2025 1771 2071 locales
1803 2041 1930 2085 prae·

140 2108 304 2154 sertim
338 2107 458 2152 circa
492 2107 606 2166 asyli
642 2106 710 2152 ius
738 2107 1062 2166 pertractabat,
1085 2120 1247 2151 verum
1284 2107 1416 2152 hodie
1451 2112 1635 2166 propter
1670 2113 1931 2167 temporum

140 2205 200 2236 ac
244 2190 485 2235 nationum
518 2189 822 2245 conditiones,
857 2190 975 2244 silet,
1010 2189 1198 2250 eiusque
1234 2191 1415 2248 negotia
1448 2205 1473 2236 a
1508 2195 1550 2237 S.
1590 2194 1635 2237 C.
1677 2196 1722 2237 C.
1761 2198 1931 2252 pertra-

141 2278 350 2319 ctantur.

590 2358 607 2403 ᾗ
635 2358 690 2393 13.
718 2378 763 2381 -
787 2357 825 2393 S.
857 2357 1125 2404 Conyreyatio
1153 2358 1481 2396 Caeremonialis.

267 2440 366 2484 542.
406 2444 526 2485 Haec
559 2443 600 2484 S.
627 2439 926 2498 congregatio
952 2440 1093 2485 veluti
1119 2441 1349 2499 appendix
1381 2445 1422 2487 S.
1451 2443 1825 2502 congregationis
1860 2446 1931 2492 Ri-

148 2526 281 2566 tuum
317 2537 342 2567 a
376 2526 417 2567 S.
458 2522 674 2568 Pontifice
718 2523 844 2568 Sixto
881 2526 915 2565 V
950 2523 1159 2568 instituta
1194 2528 1264 2569 est
1288 2525 1317 2569 ⁷.
1372 2524 1580 2570 Pluribus
1621 2526 1935 2573 cardinalibus

141 2610 346 2662 constat,
381 2606 568 2666 eiusque
618 2607 880 2651 Praefectus
927 2609 967 2651 S.
1006 2606 1188 2664 Collegii
1222 2607 1473 2653 Cardinalis
1519 2609 1720 2654 decanus
1766 2615 1930 2669 extat;

270 2736 281 2757 ¹
309 2737 431 2774 Const.
458 2737 502 2774 Ιη
524 2738 611 2785 ipsis
640 2738 865 2784 Pontificatus
890 2739 1006 2775 nostri
1032 2738 1053 2774 6
1080 2738 1162 2775 Iulii
1192 2738 1298 2776 1669.

269 2809 282 2827 ²
310 2810 375 2845 Die
401 2808 447 2846 28
472 2809 632 2846 Ianuarii
662 2809 764 2846 1904.

271 2879 283 2898 ³
311 2880 430 2917 Const.
458 2881 492 2918 S.
517 2881 681 2928 synodus
709 2881 752 2918 12
779 2883 864 2919 Dec.
893 2881 996 2919 1654.

267 2950 282 2970 ⁸
308 2952 490 2989 Benedict.
518 2952 615 2996 XIV,
643 2953 796 2990 constit.
824 2953 879 2989 Ad
903 2954 1091 2990 universae
1117 2954 1189 2991 diei
1217 2955 1237 2990 5
1265 2955 1359 3001 Sept.
1392 2955 1504 2994 1746.

267 3021 282 3041 ³
309 3022 404 3060 Trid.
432 3023 528 3060 Sess.
554 3023 612 3067 25,
638 3034 668 3062 c.
698 3024 728 3067 1,
756 3024 800 3061 de
827 3024 1027 3062 Reformat.

265 3093 284 3113 θ
311 3093 415 3130 Card.
441 3094 494 3130 Dr.
520 3095 622 3131 Lucx
646 3095 691 3131 de
717 3095 832 3133 Relat.
859 3095 940 3133 Cur.
967 3106 1002 3142 p.
1028 3096 1061 3139 2,
1087 3096 1176 3134 disc.
1204 3097 1259 3141 17,
1288 3107 1323 3134 n.
1354 3098 1385 3135 1.

264 3163 283 3182 ’7
309 3163 431 3201 Const.
458 3165 651 3202 Immensa.

268 3247 587 3280 ZiTELLi-Souizni.
1773 3255 1812 3287 27
