<?xml version="1.0" encoding="UTF-8"?>
<!DOCTYPE html PUBLIC "-//W3C//DTD XHTML 1.0 Transitional//EN"
    "http://www.w3.org/TR/xhtml1/DTD/xhtml1-transitional.dtd">
<html xmlns="http://www.w3.org/1999/xhtml" xml:lang="en" lang="en">
 <head>
  <title>
</title>
<meta http-equiv="Content-Type" content="text/html;charset=utf-8" />
  <meta name='ocr-system' content='tesseract 3.04.00' />
  <meta name='ocr-capabilities' content='ocr_page ocr_carea ocr_par ocr_line ocrx_word'/>
</head>
<body>
  <div class='ocr_page' id='page_1' title='image "apparatus00ziteuoft_0611.png"; bbox 0 0 2176 3386; ppageno 0'>
   <div class='ocr_carea' id='block_1_1' title="bbox 0 0 920 179">
    <p class='ocr_par' dir='ltr' id='par_1_1' title="bbox 0 0 920 179">
     <span class='ocr_line' id='line_1_1' title="bbox 0 0 920 179; baseline 0 3207"><span class='ocrx_word' id='word_1_1' title='bbox 0 0 920 179; x_wconf 95' lang='lat' dir='ltr'> </span> 
     </span>
    </p>
   </div>
   <div class='ocr_carea' id='block_1_2' title="bbox 487 217 1909 258">
    <p class='ocr_par' dir='ltr' id='par_1_2' title="bbox 487 217 1909 258">
     <span class='ocr_line' id='line_1_2' title="bbox 487 217 1909 258; baseline -0.002 0"><span class='ocrx_word' id='word_1_2' title='bbox 487 229 615 258; x_wconf 66' lang='lat' dir='ltr'>Lmen</span> <span class='ocrx_word' id='word_1_3' title='bbox 643 230 667 257; x_wconf 87' lang='lat'>1.</span> <span class='ocrx_word' id='word_1_4' title='bbox 702 229 760 257; x_wconf 82' lang='lat' dir='ltr'>DE</span> <span class='ocrx_word' id='word_1_5' title='bbox 789 227 927 257; x_wconf 63' lang='lat' dir='ltr'>nanus</span> <span class='ocrx_word' id='word_1_6' title='bbox 957 227 1190 257; x_wconf 61' lang='lat' dir='ltr'>memsuis</span> <span class='ocrx_word' id='word_1_7' title='bbox 1219 227 1545 256; x_wconf 75' lang='lat' dir='ltr'>SPIRITUALIBUS</span> <span class='ocrx_word' id='word_1_8' title='bbox 1830 217 1909 256; x_wconf 91' lang='lat'>115</span> 
     </span>
    </p>
   </div>
   <div class='ocr_carea' id='block_1_3' title="bbox 878 433 1157 462">
    <p class='ocr_par' dir='ltr' id='par_1_3' title="bbox 878 433 1157 462">
     <span class='ocr_line' id='line_1_3' title="bbox 878 433 1157 462; baseline 0 0"><span class='ocrx_word' id='word_1_9' title='bbox 878 433 1107 462; x_wconf 74' lang='lat' dir='ltr'>Au&#39;ricULus</span> <span class='ocrx_word' id='word_1_10' title='bbox 1132 434 1157 462; x_wconf 93' lang='lat' dir='ltr'>l.</span> 
     </span>
    </p>
   </div>
   <div class='ocr_carea' id='block_1_4' title="bbox 808 539 1219 596">
    <p class='ocr_par' dir='ltr' id='par_1_4' title="bbox 808 539 1219 596">
     <span class='ocr_line' id='line_1_4' title="bbox 808 539 1219 596; baseline 0 -13"><span class='ocrx_word' id='word_1_11' title='bbox 808 542 872 584; x_wconf 84' lang='lat' dir='ltr'>De</span> <span class='ocrx_word' id='word_1_12' title='bbox 906 539 1219 596; x_wconf 74' lang='lat' dir='ltr'>Sponsalibas.</span> 
     </span>
    </p>
   </div>
   <div class='ocr_carea' id='block_1_5' title="bbox 122 669 1912 2149">
    <p class='ocr_par' dir='ltr' id='par_1_5' title="bbox 124 669 1910 896">
     <span class='ocr_line' id='line_1_5' title="bbox 245 669 1907 729; baseline 0 -14"><span class='ocrx_word' id='word_1_13' title='bbox 245 672 348 717; x_wconf 73' lang='lat'>847.</span> <span class='ocrx_word' id='word_1_14' title='bbox 389 675 448 716; x_wconf 86' lang='lat' dir='ltr'>De</span> <span class='ocrx_word' id='word_1_15' title='bbox 481 670 772 729; x_wconf 79' lang='lat' dir='ltr'>sponsalibus</span> <span class='ocrx_word' id='word_1_16' title='bbox 804 673 1001 729; x_wconf 84' lang='lat' dir='ltr'>quatuor</span> <span class='ocrx_word' id='word_1_17' title='bbox 1032 669 1305 729; x_wconf 87' lang='lat' dir='ltr'>inquirenda</span> <span class='ocrx_word' id='word_1_18' title='bbox 1340 674 1473 714; x_wconf 89' lang='lat' dir='ltr'>sunt:</span> <span class='ocrx_word' id='word_1_19' title='bbox 1513 671 1551 726; x_wconf 85' lang='lat'>1)</span> <span class='ocrx_word' id='word_1_20' title='bbox 1588 669 1694 729; x_wconf 82' lang='lat' dir='ltr'>quid</span> <span class='ocrx_word' id='word_1_21' title='bbox 1720 684 1772 715; x_wconf 89' lang='lat' dir='ltr'>ea</span> <span class='ocrx_word' id='word_1_22' title='bbox 1796 671 1907 726; x_wconf 89' lang='lat' dir='ltr'>sint,</span> 
     </span>
     <span class='ocr_line' id='line_1_6' title="bbox 124 752 1910 816; baseline -0.002 -14"><span class='ocrx_word' id='word_1_23' title='bbox 124 761 170 802; x_wconf 85' lang='lat' dir='ltr'>et</span> <span class='ocrx_word' id='word_1_24' title='bbox 200 770 316 816; x_wconf 88' lang='lat' dir='ltr'>quae</span> <span class='ocrx_word' id='word_1_25' title='bbox 353 754 511 799; x_wconf 91' lang='lat' dir='ltr'>iisdem</span> <span class='ocrx_word' id='word_1_26' title='bbox 546 752 833 810; x_wconf 88' lang='lat' dir='ltr'>essentialia;</span> <span class='ocrx_word' id='word_1_27' title='bbox 869 754 912 810; x_wconf 76' lang='lat'>2)</span> <span class='ocrx_word' id='word_1_28' title='bbox 946 766 1062 811; x_wconf 82' lang='lat' dir='ltr'>quae</span> <span class='ocrx_word' id='word_1_29' title='bbox 1095 752 1420 810; x_wconf 84' lang='lat' dir='ltr'>accidentalia;</span> <span class='ocrx_word' id='word_1_30' title='bbox 1463 753 1505 809; x_wconf 81' lang='lat'>5)</span> <span class='ocrx_word' id='word_1_31' title='bbox 1543 753 1618 812; x_wconf 88' lang='lat' dir='ltr'>qui</span> <span class='ocrx_word' id='word_1_32' title='bbox 1651 767 1812 799; x_wconf 91' lang='lat' dir='ltr'>eorum</span> <span class='ocrx_word' id='word_1_33' title='bbox 1847 755 1910 799; x_wconf 86' lang='lat' dir='ltr'>ef·</span> 
     </span>
     <span class='ocr_line' id='line_1_7' title="bbox 126 834 1787 896; baseline -0.002 -13"><span class='ocrx_word' id='word_1_34' title='bbox 126 840 298 895; x_wconf 87' lang='lat' dir='ltr'>fectus;</span> <span class='ocrx_word' id='word_1_35' title='bbox 333 837 377 894; x_wconf 73' lang='lat'>4)</span> <span class='ocrx_word' id='word_1_36' title='bbox 414 836 610 896; x_wconf 90' lang='lat' dir='ltr'>denique</span> <span class='ocrx_word' id='word_1_37' title='bbox 643 849 700 880; x_wconf 90' lang='lat' dir='ltr'>an</span> <span class='ocrx_word' id='word_1_38' title='bbox 735 840 781 880; x_wconf 92' lang='lat' dir='ltr'>et</span> <span class='ocrx_word' id='word_1_39' title='bbox 814 839 999 894; x_wconf 90' lang='lat' dir='ltr'>propter</span> <span class='ocrx_word' id='word_1_40' title='bbox 1029 849 1144 895; x_wconf 88' lang='lat' dir='ltr'>quas</span> <span class='ocrx_word' id='word_1_41' title='bbox 1176 849 1336 881; x_wconf 83' lang='lat' dir='ltr'>causas</span> <span class='ocrx_word' id='word_1_42' title='bbox 1374 834 1561 880; x_wconf 91' lang='lat' dir='ltr'>dissolvi</span> <span class='ocrx_word' id='word_1_43' title='bbox 1596 835 1787 893; x_wconf 82' lang='lat' dir='ltr'><strong>possint.</strong></span> 
     </span>
    </p>

    <p class='ocr_par' dir='ltr' id='par_1_6' title="bbox 122 917 1912 2149">
     <span class='ocr_line' id='line_1_8' title="bbox 250 917 1910 978; baseline -0.002 -13"><span class='ocrx_word' id='word_1_44' title='bbox 250 921 287 965; x_wconf 87' lang='lat' dir='ltr'>l.</span> <span class='ocrx_word' id='word_1_45' title='bbox 327 918 560 978; x_wconf 88' lang='lat' dir='ltr'>Sponsalia</span> <span class='ocrx_word' id='word_1_46' title='bbox 593 921 701 963; x_wconf 89' lang='lat' dir='ltr'>sunt</span> <span class='ocrx_word' id='word_1_47' title='bbox 738 938 757 958; x_wconf 80' lang='grc' dir='ltr'><strong><em>α</em></strong></span> <span class='ocrx_word' id='word_1_48' title='bbox 784 917 1023 976; x_wconf 81' lang='lat' dir='ltr'>promissio</span> <span class='ocrx_word' id='word_1_49' title='bbox 1063 917 1343 973; x_wconf 87' lang='lat' dir='ltr'>deliberata,</span> <span class='ocrx_word' id='word_1_50' title='bbox 1379 923 1572 972; x_wconf 87' lang='lat' dir='ltr'>mutua,</span> <span class='ocrx_word' id='word_1_51' title='bbox 1608 922 1654 962; x_wconf 91' lang='lat' dir='ltr'>et</span> <span class='ocrx_word' id='word_1_52' title='bbox 1688 932 1820 973; x_wconf 82' lang='lat' dir='ltr'>vera,</span> <span class='ocrx_word' id='word_1_53' title='bbox 1858 917 1910 962; x_wconf 87' lang='lat' dir='ltr'>ac</span> 
     </span>
     <span class='ocr_line' id='line_1_9' title="bbox 124 1001 1910 1063; baseline -0.002 -14"><span class='ocrx_word' id='word_1_54' title='bbox 124 1004 256 1063; x_wconf 86' lang='lat' dir='ltr'>signo</span> <span class='ocrx_word' id='word_1_55' title='bbox 287 1002 490 1048; x_wconf 83' lang='lat' dir='ltr'>sensibili</span> <span class='ocrx_word' id='word_1_56' title='bbox 524 1015 757 1060; x_wconf 86' lang='lat' dir='ltr'>expressa,</span> <span class='ocrx_word' id='word_1_57' title='bbox 795 1002 936 1046; x_wconf 82' lang='lat' dir='ltr'>futuri</span> <span class='ocrx_word' id='word_1_58' title='bbox 973 1001 1255 1046; x_wconf 74' lang='lat' dir='ltr'>matrimonii</span> <span class='ocrx_word' id='word_1_59' title='bbox 1293 1001 1412 1046; x_wconf 86' lang='lat' dir='ltr'>inter</span> <span class='ocrx_word' id='word_1_60' title='bbox 1445 1014 1661 1059; x_wconf 79' lang='lat' dir='ltr'>personas</span> <span class='ocrx_word' id='word_1_61' title='bbox 1693 1002 1910 1046; x_wconf 88' lang='lat' dir='ltr'>determi-</span> 
     </span>
     <span class='ocr_line' id='line_1_10' title="bbox 128 1085 1908 1142; baseline -0.001 -10"><span class='ocrx_word' id='word_1_62' title='bbox 128 1091 286 1142; x_wconf 88' lang='lat' dir='ltr'>natas,</span> <span class='ocrx_word' id='word_1_63' title='bbox 322 1100 375 1131; x_wconf 90' lang='lat' dir='ltr'>ac</span> <span class='ocrx_word' id='word_1_64' title='bbox 408 1087 463 1131; x_wconf 92' lang='lat' dir='ltr'>de</span> <span class='ocrx_word' id='word_1_65' title='bbox 496 1085 594 1129; x_wconf 90' lang='lat' dir='ltr'>iure</span> <span class='ocrx_word' id='word_1_66' title='bbox 627 1085 799 1129; x_wconf 88' lang='lat' dir='ltr'>habiles</span> <span class='ocrx_word' id='word_1_67' title='bbox 824 1086 836 1108; x_wconf 77' lang='lat'>²</span> <span class='ocrx_word' id='word_1_68' title='bbox 865 1103 903 1127; x_wconf 79' lang='lat' dir='ltr'>n.</span> <span class='ocrx_word' id='word_1_69' title='bbox 956 1085 1196 1130; x_wconf 78' lang='lat' dir='ltr'>promissio</span> <span class='ocrx_word' id='word_1_70' title='bbox 1234 1085 1368 1130; x_wconf 88' lang='lat' dir='ltr'>dehet</span> <span class='ocrx_word' id='word_1_71' title='bbox 1400 1098 1497 1130; x_wconf 90' lang='lat' dir='ltr'>esse</span> <span class='ocrx_word' id='word_1_72' title='bbox 1532 1091 1728 1142; x_wconf 68' lang='lat' dir='ltr'>naama,</span> <span class='ocrx_word' id='word_1_73' title='bbox 1766 1085 1809 1130; x_wconf 92' lang='lat' dir='ltr'>id</span> <span class='ocrx_word' id='word_1_74' title='bbox 1842 1090 1908 1130; x_wconf 84' lang='lat' dir='ltr'>est</span> 
     </span>
     <span class='ocr_line' id='line_1_11' title="bbox 127 1168 1910 1229; baseline -0.001 -13"><span class='ocrx_word' id='word_1_75' title='bbox 127 1169 367 1229; x_wconf 85' lang='lat' dir='ltr'>promissio</span> <span class='ocrx_word' id='word_1_76' title='bbox 399 1183 453 1215; x_wconf 90' lang='lat' dir='ltr'>ac</span> <span class='ocrx_word' id='word_1_77' title='bbox 487 1168 778 1228; x_wconf 84' lang='lat' dir='ltr'>repromissio</span> <span class='ocrx_word' id='word_1_78' title='bbox 811 1183 866 1213; x_wconf 89' lang='lat' dir='ltr'>ex</span> <span class='ocrx_word' id='word_1_79' title='bbox 903 1173 1096 1228; x_wconf 85' lang='lat' dir='ltr'>utraque</span> <span class='ocrx_word' id='word_1_80' title='bbox 1131 1172 1259 1227; x_wconf 90' lang='lat' dir='ltr'>parte</span> <span class='ocrx_word' id='word_1_81' title='bbox 1291 1175 1555 1228; x_wconf 88' lang='lat' dir='ltr'>acceptata,</span> <span class='ocrx_word' id='word_1_82' title='bbox 1600 1170 1661 1214; x_wconf 87' lang='lat' dir='ltr'>ita</span> <span class='ocrx_word' id='word_1_83' title='bbox 1694 1174 1745 1214; x_wconf 89' lang='lat' dir='ltr'>ut</span> <span class='ocrx_word' id='word_1_84' title='bbox 1777 1183 1910 1229; x_wconf 88' lang='lat' dir='ltr'>spon-</span> 
     </span>
     <span class='ocr_line' id='line_1_12' title="bbox 124 1238 1909 1314; baseline 0 -15"><span class='ocrx_word' id='word_1_85' title='bbox 124 1254 235 1299; x_wconf 81' lang='lat' dir='ltr'>salia</span> <span class='ocrx_word' id='word_1_86' title='bbox 271 1267 364 1298; x_wconf 92' lang='lat' dir='ltr'>non</span> <span class='ocrx_word' id='word_1_87' title='bbox 399 1238 675 1310; x_wconf 87' lang='lat' dir='ltr'>coalescant,</span> <span class='ocrx_word' id='word_1_88' title='bbox 711 1252 747 1297; x_wconf 92' lang='lat' dir='ltr'>si</span> <span class='ocrx_word' id='word_1_89' title='bbox 781 1267 871 1297; x_wconf 92' lang='lat' dir='ltr'>una</span> <span class='ocrx_word' id='word_1_90' title='bbox 907 1266 1010 1311; x_wconf 89' lang='lat' dir='ltr'>pars</span> <span class='ocrx_word' id='word_1_91' title='bbox 1045 1253 1298 1311; x_wconf 83' lang='lat' dir='ltr'>promittat,</span> <span class='ocrx_word' id='word_1_92' title='bbox 1334 1258 1379 1297; x_wconf 90' lang='lat' dir='ltr'>et</span> <span class='ocrx_word' id='word_1_93' title='bbox 1411 1254 1497 1298; x_wconf 87' lang='lat' dir='ltr'>alia</span> <span class='ocrx_word' id='word_1_94' title='bbox 1536 1259 1762 1312; x_wconf 89' lang='lat' dir='ltr'>acceptet,</span> <span class='ocrx_word' id='word_1_95' title='bbox 1797 1254 1909 1314; x_wconf 86' lang='lat' dir='ltr'>quin</span> 
     </span>
     <span class='ocr_line' id='line_1_13' title="bbox 125 1319 1910 1395; baseline 0.001 -14"><span class='ocrx_word' id='word_1_96' title='bbox 125 1342 283 1382; x_wconf 86' lang='lat' dir='ltr'>tamen</span> <span class='ocrx_word' id='word_1_97' title='bbox 318 1336 454 1381; x_wconf 91' lang='lat' dir='ltr'>simul</span> <span class='ocrx_word' id='word_1_98' title='bbox 488 1337 740 1395; x_wconf 83' lang='lat' dir='ltr'>promittat.</span> <span class='ocrx_word' id='word_1_99' title='bbox 794 1336 934 1382; x_wconf 87' lang='lat' dir='ltr'>Debet</span> <span class='ocrx_word' id='word_1_100' title='bbox 965 1350 1062 1381; x_wconf 91' lang='lat' dir='ltr'>esse</span> <span class='ocrx_word' id='word_1_101' title='bbox 1095 1351 1224 1393; x_wconf 83' lang='lat' dir='ltr'>vera,</span> <span class='ocrx_word' id='word_1_102' title='bbox 1262 1337 1370 1382; x_wconf 91' lang='lat' dir='ltr'>hinc</span> <span class='ocrx_word' id='word_1_103' title='bbox 1404 1351 1493 1382; x_wconf 89' lang='lat' dir='ltr'>non</span> <span class='ocrx_word' id='word_1_104' title='bbox 1529 1337 1696 1382; x_wconf 85' lang='lat' dir='ltr'>sufficit</span> <span class='ocrx_word' id='word_1_105' title='bbox 1720 1319 1910 1382; x_wconf 12' lang='lat' dir='ltr'>*merum</span> 
     </span>
     <span class='ocr_line' id='line_1_14' title="bbox 126 1420 1910 1480; baseline -0.001 -14"><span class='ocrx_word' id='word_1_106' title='bbox 126 1421 430 1480; x_wconf 88' lang='lat' dir='ltr'>propositum,</span> <span class='ocrx_word' id='word_1_107' title='bbox 467 1434 553 1465; x_wconf 91' lang='lat' dir='ltr'>nec</span> <span class='ocrx_word' id='word_1_108' title='bbox 586 1420 824 1478; x_wconf 85' lang='lat' dir='ltr'>promissio</span> <span class='ocrx_word' id='word_1_109' title='bbox 857 1420 1160 1465; x_wconf 87' lang='lat' dir='ltr'>contrahendi</span> <span class='ocrx_word' id='word_1_110' title='bbox 1194 1420 1437 1478; x_wconf 79' lang='lat' dir='ltr'>sponsalia,</span> <span class='ocrx_word' id='word_1_111' title='bbox 1476 1435 1562 1465; x_wconf 88' lang='lat' dir='ltr'>nec</span> <span class='ocrx_word' id='word_1_112' title='bbox 1595 1420 1762 1465; x_wconf 88' lang='lat' dir='ltr'>sufficit</span> <span class='ocrx_word' id='word_1_113' title='bbox 1811 1435 1910 1480; x_wconf 89' lang='lat' dir='ltr'>pro·</span> 
     </span>
     <span class='ocr_line' id='line_1_15' title="bbox 128 1504 1910 1564; baseline -0.001 -15"><span class='ocrx_word' id='word_1_114' title='bbox 128 1504 281 1550; x_wconf 91' lang='lat' dir='ltr'>missio</span> <span class='ocrx_word' id='word_1_115' title='bbox 314 1505 425 1563; x_wconf 77' lang='lat' dir='ltr'>ficta</span> <span class='ocrx_word' id='word_1_116' title='bbox 458 1509 538 1549; x_wconf 90' lang='lat' dir='ltr'>aut</span> <span class='ocrx_word' id='word_1_117' title='bbox 572 1507 733 1560; x_wconf 80' lang='lat' dir='ltr'>iocosa,</span> <span class='ocrx_word' id='word_1_118' title='bbox 760 1518 875 1563; x_wconf 90' lang='lat' dir='ltr'>quae</span> <span class='ocrx_word' id='word_1_119' title='bbox 910 1508 1066 1549; x_wconf 91' lang='lat' dir='ltr'>tamen</span> <span class='ocrx_word' id='word_1_120' title='bbox 1091 1504 1139 1549; x_wconf 91' lang='lat' dir='ltr'>in</span> <span class='ocrx_word' id='word_1_121' title='bbox 1165 1506 1263 1549; x_wconf 83' lang='lat' dir='ltr'>foro</span> <span class='ocrx_word' id='word_1_122' title='bbox 1296 1509 1491 1549; x_wconf 85' lang='lat' dir='ltr'>externo</span> <span class='ocrx_word' id='word_1_123' title='bbox 1517 1518 1752 1564; x_wconf 89' lang='lat' dir='ltr'>nunquam</span> <span class='ocrx_word' id='word_1_124' title='bbox 1784 1518 1910 1563; x_wconf 88' lang='lat' dir='ltr'>prae-</span> 
     </span>
     <span class='ocr_line' id='line_1_16' title="bbox 125 1587 1907 1646; baseline -0.001 -13"><span class='ocrx_word' id='word_1_125' title='bbox 125 1588 349 1645; x_wconf 87' lang='lat' dir='ltr'>sumitur,</span> <span class='ocrx_word' id='word_1_126' title='bbox 385 1588 462 1632; x_wconf 91' lang='lat' dir='ltr'>sed</span> <span class='ocrx_word' id='word_1_127' title='bbox 496 1587 727 1646; x_wconf 90' lang='lat' dir='ltr'>probanda</span> <span class='ocrx_word' id='word_1_128' title='bbox 762 1591 844 1632; x_wconf 91' lang='lat' dir='ltr'>est.</span> <span class='ocrx_word' id='word_1_129' title='bbox 895 1588 1037 1632; x_wconf 88' lang='lat' dir='ltr'>Debet</span> <span class='ocrx_word' id='word_1_130' title='bbox 1070 1601 1167 1632; x_wconf 90' lang='lat' dir='ltr'>esse</span> <span class='ocrx_word' id='word_1_131' title='bbox 1201 1588 1371 1642; x_wconf 80' lang='lat' dir='ltr'>libera,</span> <span class='ocrx_word' id='word_1_132' title='bbox 1410 1587 1528 1632; x_wconf 90' lang='lat' dir='ltr'>unde</span> <span class='ocrx_word' id='word_1_133' title='bbox 1563 1601 1648 1631; x_wconf 90' lang='lat' dir='ltr'>nec</span> <span class='ocrx_word' id='word_1_134' title='bbox 1681 1591 1907 1643; x_wconf 86' lang='lat' dir='ltr'>amenteS,</span> 
     </span>
     <span class='ocr_line' id='line_1_17' title="bbox 126 1671 1912 1736; baseline -0.001 -19"><span class='ocrx_word' id='word_1_135' title='bbox 126 1687 211 1718; x_wconf 90' lang='lat' dir='ltr'>nec</span> <span class='ocrx_word' id='word_1_136' title='bbox 234 1672 364 1729; x_wconf 90' lang='lat' dir='ltr'>ebrii,</span> <span class='ocrx_word' id='word_1_137' title='bbox 392 1686 540 1731; x_wconf 90' lang='lat' dir='ltr'>neque</span> <span class='ocrx_word' id='word_1_138' title='bbox 564 1671 755 1716; x_wconf 87' lang='lat' dir='ltr'>rationis</span> <span class='ocrx_word' id='word_1_139' title='bbox 783 1685 865 1716; x_wconf 91' lang='lat' dir='ltr'>usu</span> <span class='ocrx_word' id='word_1_140' title='bbox 890 1677 1116 1736; x_wconf 78' lang='lat' dir='ltr'>carenteS,</span> <span class='ocrx_word' id='word_1_141' title='bbox 1144 1672 1417 1716; x_wconf 86' lang='lat' dir='ltr'>contrahere</span> <span class='ocrx_word' id='word_1_142' title='bbox 1448 1686 1500 1716; x_wconf 92' lang='lat' dir='ltr'>ea</span> <span class='ocrx_word' id='word_1_143' title='bbox 1527 1676 1729 1730; x_wconf 84' lang='lat' dir='ltr'>possunt.</span> <span class='ocrx_word' id='word_1_144' title='bbox 1772 1672 1912 1716; x_wconf 87' lang='lat' dir='ltr'>Debet</span> 
     </span>
     <span class='ocr_line' id='line_1_18' title="bbox 124 1755 1907 1814; baseline -0.002 -12"><span class='ocrx_word' id='word_1_145' title='bbox 124 1770 222 1802; x_wconf 90' lang='lat' dir='ltr'>esse</span> <span class='ocrx_word' id='word_1_146' title='bbox 255 1756 462 1801; x_wconf 87' lang='lat' dir='ltr'>exterius</span> <span class='ocrx_word' id='word_1_147' title='bbox 495 1755 789 1800; x_wconf 83' lang='lat' dir='ltr'>manifestata</span> <span class='ocrx_word' id='word_1_148' title='bbox 824 1756 894 1800; x_wconf 89' lang='lat' dir='ltr'>vel</span> <span class='ocrx_word' id='word_1_149' title='bbox 932 1755 1113 1812; x_wconf 91' lang='lat' dir='ltr'>verbis,</span> <span class='ocrx_word' id='word_1_150' title='bbox 1152 1756 1222 1800; x_wconf 92' lang='lat' dir='ltr'>vel</span> <span class='ocrx_word' id='word_1_151' title='bbox 1258 1756 1457 1814; x_wconf 88' lang='lat' dir='ltr'>scripto,</span> <span class='ocrx_word' id='word_1_152' title='bbox 1498 1755 1570 1800; x_wconf 89' lang='lat' dir='ltr'>vel</span> <span class='ocrx_word' id='word_1_153' title='bbox 1603 1755 1702 1800; x_wconf 90' lang='lat' dir='ltr'>aliis</span> <span class='ocrx_word' id='word_1_154' title='bbox 1735 1755 1907 1813; x_wconf 83' lang='lat' dir='ltr'>signis,</span> 
     </span>
     <span class='ocr_line' id='line_1_19' title="bbox 125 1838 1909 1900; baseline -0.001 -16"><span class='ocrx_word' id='word_1_155' title='bbox 125 1854 243 1900; x_wconf 91' lang='lat' dir='ltr'>quae</span> <span class='ocrx_word' id='word_1_156' title='bbox 277 1840 405 1884; x_wconf 88' lang='lat' dir='ltr'>iuxta</span> <span class='ocrx_word' id='word_1_157' title='bbox 441 1853 737 1884; x_wconf 86' lang='lat' dir='ltr'>communem</span> <span class='ocrx_word' id='word_1_158' title='bbox 762 1838 1113 1897; x_wconf 84' lang='lat' dir='ltr'>intelligentiam</span> <span class='ocrx_word' id='word_1_159' title='bbox 1149 1844 1193 1883; x_wconf 91' lang='lat' dir='ltr'>et</span> <span class='ocrx_word' id='word_1_160' title='bbox 1228 1839 1311 1885; x_wconf 91' lang='lat' dir='ltr'>loci</span> <span class='ocrx_word' id='word_1_161' title='bbox 1336 1839 1738 1896; x_wconf 87' lang='lat' dir='ltr'>consuetudinem,</span> <span class='ocrx_word' id='word_1_162' title='bbox 1766 1838 1909 1883; x_wconf 76' lang='lat' dir='ltr'>futuri</span> 
     </span>
     <span class='ocr_line' id='line_1_20' title="bbox 127 1922 1912 1981; baseline -0.001 -13"><span class='ocrx_word' id='word_1_163' title='bbox 127 1922 414 1968; x_wconf 87' lang='lat' dir='ltr'>matrimonii</span> <span class='ocrx_word' id='word_1_164' title='bbox 437 1922 787 1981; x_wconf 90' lang='lat' dir='ltr'>promissionem</span> <span class='ocrx_word' id='word_1_165' title='bbox 820 1922 1099 1981; x_wconf 86' lang='lat' dir='ltr'>exprimant.</span> <span class='ocrx_word' id='word_1_166' title='bbox 1141 1923 1282 1968; x_wconf 89' lang='lat' dir='ltr'>Debet</span> <span class='ocrx_word' id='word_1_167' title='bbox 1304 1936 1400 1967; x_wconf 91' lang='lat' dir='ltr'>esse</span> <span class='ocrx_word' id='word_1_168' title='bbox 1426 1923 1548 1967; x_wconf 87' lang='lat' dir='ltr'>inter</span> <span class='ocrx_word' id='word_1_169' title='bbox 1570 1923 1912 1967; x_wconf 66' lang='lat' dir='ltr'>detern‘tinatas</span> 
     </span>
     <span class='ocr_line' id='line_1_21' title="bbox 122 2005 1910 2066; baseline -0.001 -14"><span class='ocrx_word' id='word_1_170' title='bbox 122 2020 379 2065; x_wconf 81' lang='lat' dir='ltr'>personas,</span> <span class='ocrx_word' id='word_1_171' title='bbox 415 2020 468 2051; x_wconf 90' lang='lat' dir='ltr'>ac</span> <span class='ocrx_word' id='word_1_172' title='bbox 501 2005 623 2050; x_wconf 90' lang='lat' dir='ltr'>inter</span> <span class='ocrx_word' id='word_1_173' title='bbox 666 2017 881 2065; x_wconf 86' lang='lat' dir='ltr'>personas</span> <span class='ocrx_word' id='word_1_174' title='bbox 913 2007 968 2051; x_wconf 93' lang='lat' dir='ltr'>de</span> <span class='ocrx_word' id='word_1_175' title='bbox 1002 2009 1106 2051; x_wconf 73' lang='lat' dir='ltr'>iem-e</span> <span class='ocrx_word' id='word_1_176' title='bbox 1140 2007 1342 2062; x_wconf 77' lang='lat' dir='ltr'>habiles,</span> <span class='ocrx_word' id='word_1_177' title='bbox 1379 2008 1435 2052; x_wconf 91' lang='lat' dir='ltr'>ad</span> <span class='ocrx_word' id='word_1_178' title='bbox 1468 2008 1588 2066; x_wconf 88' lang='lat' dir='ltr'>quod</span> <span class='ocrx_word' id='word_1_179' title='bbox 1626 2007 1715 2051; x_wconf 93' lang='lat' dir='ltr'>duo</span> <span class='ocrx_word' id='word_1_180' title='bbox 1763 2006 1910 2066; x_wconf 88' lang='lat' dir='ltr'>requi-</span> 
     </span>
     <span class='ocr_line' id='line_1_22' title="bbox 127 2087 1910 2149; baseline 0.001 -16"><span class='ocrx_word' id='word_1_181' title='bbox 127 2094 308 2147; x_wconf 90' lang='lat' dir='ltr'>runtur,</span> <span class='ocrx_word' id='word_1_182' title='bbox 333 2092 461 2133; x_wconf 89' lang='lat' dir='ltr'>aetas</span> <span class='ocrx_word' id='word_1_183' title='bbox 483 2087 658 2133; x_wconf 90' lang='lat' dir='ltr'>scilicet</span> <span class='ocrx_word' id='word_1_184' title='bbox 680 2094 965 2147; x_wconf 91' lang='lat' dir='ltr'>competens,</span> <span class='ocrx_word' id='word_1_185' title='bbox 995 2104 1111 2149; x_wconf 86' lang='lat' dir='ltr'>quae</span> <span class='ocrx_word' id='word_1_186' title='bbox 1140 2094 1209 2135; x_wconf 88' lang='lat' dir='ltr'>est</span> <span class='ocrx_word' id='word_1_187' title='bbox 1231 2089 1523 2148; x_wconf 90' lang='lat' dir='ltr'>septennium</span> <span class='ocrx_word' id='word_1_188' title='bbox 1549 2091 1581 2147; x_wconf 76' lang='lat'>²,</span> <span class='ocrx_word' id='word_1_189' title='bbox 1618 2104 1671 2135; x_wconf 88' lang='lat' dir='ltr'>ac</span> <span class='ocrx_word' id='word_1_190' title='bbox 1704 2089 1910 2135; x_wconf 89' lang='lat' dir='ltr'>absentia</span> 
     </span>
    </p>
   </div>
   <div class='ocr_carea' id='block_1_6' title="bbox 123 2244 1914 3150">
    <p class='ocr_par' dir='ltr' id='par_1_7' title="bbox 123 2244 1914 3007">
     <span class='ocr_line' id='line_1_23' title="bbox 248 2244 1906 2292; baseline 0 -11"><span class='ocrx_word' id='word_1_191' title='bbox 248 2244 258 2263; x_wconf 92' lang='lat'>¹</span> <span class='ocrx_word' id='word_1_192' title='bbox 286 2244 397 2282; x_wconf 89' lang='lat' dir='ltr'>Nulla</span> <span class='ocrx_word' id='word_1_193' title='bbox 422 2249 477 2281; x_wconf 87' lang='lat' dir='ltr'>est</span> <span class='ocrx_word' id='word_1_194' title='bbox 506 2245 734 2291; x_wconf 87' lang='lat' dir='ltr'>sponsalium</span> <span class='ocrx_word' id='word_1_195' title='bbox 774 2246 1110 2282; x_wconf 85' lang='lat' dir='ltr'>contrahendorum</span> <span class='ocrx_word' id='word_1_196' title='bbox 1141 2246 1254 2282; x_wconf 86' lang='lat' dir='ltr'>forma</span> <span class='ocrx_word' id='word_1_197' title='bbox 1283 2255 1304 2281; x_wconf 92' lang='lat' dir='ltr'>a</span> <span class='ocrx_word' id='word_1_198' title='bbox 1330 2246 1405 2282; x_wconf 85' lang='lat' dir='ltr'>iure</span> <span class='ocrx_word' id='word_1_199' title='bbox 1432 2245 1619 2282; x_wconf 88' lang='lat' dir='ltr'>communi</span> <span class='ocrx_word' id='word_1_200' title='bbox 1660 2246 1906 2292; x_wconf 86' lang='lat' dir='ltr'>p1·aescripta;</span> 
     </span>
     <span class='ocr_line' id='line_1_24' title="bbox 127 2315 1911 2360; baseline 0.001 -8"><span class='ocrx_word' id='word_1_201' title='bbox 127 2315 215 2353; x_wconf 88' lang='lat' dir='ltr'>hine</span> <span class='ocrx_word' id='word_1_202' title='bbox 242 2316 364 2352; x_wconf 86' lang='lat' dir='ltr'>valida</span> <span class='ocrx_word' id='word_1_203' title='bbox 389 2322 476 2353; x_wconf 91' lang='lat' dir='ltr'>sunt</span> <span class='ocrx_word' id='word_1_204' title='bbox 510 2317 634 2353; x_wconf 85' lang='lat' dir='ltr'>statim</span> <span class='ocrx_word' id='word_1_205' title='bbox 660 2326 701 2353; x_wconf 86' lang='lat' dir='ltr'>ac</span> <span class='ocrx_word' id='word_1_206' title='bbox 729 2318 783 2354; x_wconf 91' lang='lat' dir='ltr'>vir</span> <span class='ocrx_word' id='word_1_207' title='bbox 808 2321 844 2353; x_wconf 90' lang='lat' dir='ltr'>et</span> <span class='ocrx_word' id='word_1_208' title='bbox 870 2318 1004 2355; x_wconf 81' lang='lat' dir='ltr'>mulier</span> <span class='ocrx_word' id='word_1_209' title='bbox 1028 2318 1075 2354; x_wconf 88' lang='lat' dir='ltr'>ad</span> <span class='ocrx_word' id='word_1_210' title='bbox 1101 2318 1396 2355; x_wconf 86' lang='lat' dir='ltr'>contrahendum</span> <span class='ocrx_word' id='word_1_211' title='bbox 1432 2317 1599 2360; x_wconf 86' lang='lat' dir='ltr'>habiles,</span> <span class='ocrx_word' id='word_1_212' title='bbox 1627 2318 1725 2353; x_wconf 86' lang='lat' dir='ltr'>serio</span> <span class='ocrx_word' id='word_1_213' title='bbox 1752 2327 1795 2353; x_wconf 89' lang='lat' dir='ltr'>ac</span> <span class='ocrx_word' id='word_1_214' title='bbox 1821 2317 1911 2354; x_wconf 88' lang='lat' dir='ltr'>deli-</span> 
     </span>
     <span class='ocr_line' id='line_1_25' title="bbox 127 2388 1908 2436; baseline 0.001 -11"><span class='ocrx_word' id='word_1_215' title='bbox 127 2388 251 2426; x_wconf 86' lang='lat' dir='ltr'>berate</span> <span class='ocrx_word' id='word_1_216' title='bbox 278 2389 418 2425; x_wconf 85' lang='lat' dir='ltr'>futuras</span> <span class='ocrx_word' id='word_1_217' title='bbox 444 2388 593 2435; x_wconf 86' lang='lat' dir='ltr'>nuptias</span> <span class='ocrx_word' id='word_1_218' title='bbox 618 2393 747 2426; x_wconf 90' lang='lat' dir='ltr'>mutuo</span> <span class='ocrx_word' id='word_1_219' title='bbox 774 2390 998 2435; x_wconf 87' lang='lat' dir='ltr'>promittant.</span> <span class='ocrx_word' id='word_1_220' title='bbox 1025 2390 1134 2436; x_wconf 88' lang='lat' dir='ltr'>Apud</span> <span class='ocrx_word' id='word_1_221' title='bbox 1161 2390 1296 2426; x_wconf 87' lang='lat' dir='ltr'>latinos</span> <span class='ocrx_word' id='word_1_222' title='bbox 1321 2390 1499 2436; x_wconf 83' lang='lat' dir='ltr'>obligatio</span> <span class='ocrx_word' id='word_1_223' title='bbox 1521 2389 1761 2426; x_wconf 81' lang='lat' dir='ltr'>contrahendi</span> <span class='ocrx_word' id='word_1_224' title='bbox 1790 2389 1908 2426; x_wconf 85' lang='lat' dir='ltr'>eccle-</span> 
     </span>
     <span class='ocr_line' id='line_1_26' title="bbox 127 2459 1910 2506; baseline 0.001 -11"><span class='ocrx_word' id='word_1_225' title='bbox 127 2459 278 2496; x_wconf 87' lang='lat' dir='ltr'>siastica</span> <span class='ocrx_word' id='word_1_226' title='bbox 303 2459 502 2505; x_wconf 84' lang='lat' dir='ltr'>sponsalia,</span> <span class='ocrx_word' id='word_1_227' title='bbox 521 2470 584 2497; x_wconf 90' lang='lat' dir='ltr'>seu</span> <span class='ocrx_word' id='word_1_228' title='bbox 604 2470 698 2506; x_wconf 88' lang='lat' dir='ltr'>quae</span> <span class='ocrx_word' id='word_1_229' title='bbox 718 2461 922 2506; x_wconf 87' lang='lat' dir='ltr'>antiquitus</span> <span class='ocrx_word' id='word_1_230' title='bbox 940 2471 1045 2497; x_wconf 86' lang='lat' dir='ltr'>sacro</span> <span class='ocrx_word' id='word_1_231' title='bbox 1073 2461 1355 2497; x_wconf 83' lang='lat' dir='ltr'>celebrabantur</span> <span class='ocrx_word' id='word_1_232' title='bbox 1381 2461 1466 2503; x_wconf 84' lang='lat' dir='ltr'>ritu,</span> <span class='ocrx_word' id='word_1_233' title='bbox 1485 2460 1631 2497; x_wconf 86' lang='lat' dir='ltr'>sublata</span> <span class='ocrx_word' id='word_1_234' title='bbox 1648 2464 1713 2502; x_wconf 84' lang='lat' dir='ltr'>est,</span> <span class='ocrx_word' id='word_1_235' title='bbox 1734 2460 1910 2506; x_wconf 82' lang='lat' dir='ltr'>gravibus</span> 
     </span>
     <span class='ocr_line' id='line_1_27' title="bbox 127 2531 1909 2579; baseline 0.001 -12"><span class='ocrx_word' id='word_1_236' title='bbox 127 2531 164 2567; x_wconf 88' lang='lat' dir='ltr'>id</span> <span class='ocrx_word' id='word_1_237' title='bbox 187 2531 428 2577; x_wconf 83' lang='lat' dir='ltr'>exigentibus</span> <span class='ocrx_word' id='word_1_238' title='bbox 455 2532 576 2569; x_wconf 87' lang='lat' dir='ltr'>causis</span> <span class='ocrx_word' id='word_1_239' title='bbox 594 2538 631 2569; x_wconf 90' lang='lat' dir='ltr'>et</span> <span class='ocrx_word' id='word_1_240' title='bbox 648 2532 772 2569; x_wconf 85' lang='lat' dir='ltr'>civilia</span> <span class='ocrx_word' id='word_1_241' title='bbox 797 2537 939 2570; x_wconf 81' lang='lat' dir='ltr'>tantum</span> <span class='ocrx_word' id='word_1_242' title='bbox 958 2532 1148 2579; x_wconf 85' lang='lat' dir='ltr'>sponsalia</span> <span class='ocrx_word' id='word_1_243' title='bbox 1164 2533 1341 2578; x_wconf 79' lang='lat' dir='ltr'>coniugio</span> <span class='ocrx_word' id='word_1_244' title='bbox 1370 2533 1553 2579; x_wconf 80' lang='lat' dir='ltr'>praemitti</span> <span class='ocrx_word' id='word_1_245' title='bbox 1581 2532 1711 2569; x_wconf 86' lang='lat' dir='ltr'>solent.</span> <span class='ocrx_word' id='word_1_246' title='bbox 1739 2533 1785 2569; x_wconf 86' lang='lat' dir='ltr'>At</span> <span class='ocrx_word' id='word_1_247' title='bbox 1812 2533 1909 2578; x_wconf 83' lang='lat' dir='ltr'>apud</span> 
     </span>
     <span class='ocr_line' id='line_1_28' title="bbox 128 2602 1911 2650; baseline 0.001 -12"><span class='ocrx_word' id='word_1_248' title='bbox 128 2602 354 2646; x_wconf 79' lang='lat' dir='ltr'>orientales,</span> <span class='ocrx_word' id='word_1_249' title='bbox 380 2612 474 2648; x_wconf 87' lang='lat' dir='ltr'>quae</span> <span class='ocrx_word' id='word_1_250' title='bbox 508 2603 735 2649; x_wconf 88' lang='lat' dir='ltr'>antiquitus,</span> <span class='ocrx_word' id='word_1_251' title='bbox 762 2604 892 2640; x_wconf 89' lang='lat' dir='ltr'>eadem</span> <span class='ocrx_word' id='word_1_252' title='bbox 930 2614 1078 2650; x_wconf 88' lang='lat' dir='ltr'>quoque</span> <span class='ocrx_word' id='word_1_253' title='bbox 1118 2605 1228 2641; x_wconf 90' lang='lat' dir='ltr'>hodie</span> <span class='ocrx_word' id='word_1_254' title='bbox 1266 2603 1462 2650; x_wconf 88' lang='lat' dir='ltr'>disciplina</span> <span class='ocrx_word' id='word_1_255' title='bbox 1488 2609 1680 2647; x_wconf 55' lang='lat' dir='ltr'>servatum</span> <span class='ocrx_word' id='word_1_256' title='bbox 1720 2603 1911 2649; x_wconf 83' lang='lat' dir='ltr'>sponsalia</span> 
     </span>
     <span class='ocr_line' id='line_1_29' title="bbox 126 2675 1908 2722; baseline 0 -11"><span class='ocrx_word' id='word_1_257' title='bbox 126 2675 226 2711; x_wconf 92' lang='lat' dir='ltr'>enim</span> <span class='ocrx_word' id='word_1_258' title='bbox 253 2675 404 2721; x_wconf 87' lang='lat' dir='ltr'>scripto,</span> <span class='ocrx_word' id='word_1_259' title='bbox 433 2675 603 2721; x_wconf 86' lang='lat' dir='ltr'>precibus</span> <span class='ocrx_word' id='word_1_260' title='bbox 629 2675 861 2722; x_wconf 84' lang='lat' dir='ltr'>Euchologio</span> <span class='ocrx_word' id='word_1_261' title='bbox 887 2677 1083 2721; x_wconf 88' lang='lat' dir='ltr'>contentis,</span> <span class='ocrx_word' id='word_1_262' title='bbox 1114 2676 1302 2714; x_wconf 87' lang='lat' dir='ltr'>Ecclesiae</span> <span class='ocrx_word' id='word_1_263' title='bbox 1328 2675 1596 2718; x_wconf 88' lang='lat' dir='ltr'>benedictione,</span> <span class='ocrx_word' id='word_1_264' title='bbox 1616 2675 1768 2720; x_wconf 84' lang='lat' dir='ltr'>annulo,</span> <span class='ocrx_word' id='word_1_265' title='bbox 1789 2676 1908 2718; x_wconf 84' lang='lat' dir='ltr'>arrha,</span> 
     </span>
     <span class='ocr_line' id='line_1_30' title="bbox 123 2746 1914 2793; baseline -0.001 -10"><span class='ocrx_word' id='word_1_266' title='bbox 123 2746 325 2793; x_wconf 87' lang='lat' dir='ltr'>osculoque</span> <span class='ocrx_word' id='word_1_267' title='bbox 357 2746 535 2790; x_wconf 87' lang='lat' dir='ltr'>adhibito,</span> <span class='ocrx_word' id='word_1_268' title='bbox 561 2747 718 2793; x_wconf 87' lang='lat' dir='ltr'>aliisque</span> <span class='ocrx_word' id='word_1_269' title='bbox 744 2747 978 2784; x_wconf 86' lang='lat' dir='ltr'>celebrantur</span> <span class='ocrx_word' id='word_1_270' title='bbox 1003 2748 1271 2785; x_wconf 86' lang='lat' dir='ltr'>caeremoniis:</span> <span class='ocrx_word' id='word_1_271' title='bbox 1311 2757 1405 2793; x_wconf 85' lang='lat' dir='ltr'>quae</span> <span class='ocrx_word' id='word_1_272' title='bbox 1432 2747 1582 2793; x_wconf 87' lang='lat' dir='ltr'>quidem</span> <span class='ocrx_word' id='word_1_273' title='bbox 1613 2746 1830 2783; x_wconf 85' lang='lat' dir='ltr'>solemnitas</span> <span class='ocrx_word' id='word_1_274' title='bbox 1855 2752 1914 2783; x_wconf 90' lang='lat' dir='ltr'>est</span> 
     </span>
     <span class='ocr_line' id='line_1_31' title="bbox 127 2807 1910 2865; baseline 0.001 -12"><span class='ocrx_word' id='word_1_275' title='bbox 127 2817 223 2863; x_wconf 86' lang='lat' dir='ltr'>apud</span> <span class='ocrx_word' id='word_1_276' title='bbox 249 2827 314 2854; x_wconf 90' lang='lat' dir='ltr'>eos</span> <span class='ocrx_word' id='word_1_277' title='bbox 351 2817 583 2860; x_wconf 88' lang='lat' dir='ltr'>necessaria,</span> <span class='ocrx_word' id='word_1_278' title='bbox 609 2818 655 2854; x_wconf 88' lang='lat' dir='ltr'>ad</span> <span class='ocrx_word' id='word_1_279' title='bbox 681 2816 835 2855; x_wconf 80' lang='lat' dir='ltr'>effectus</span> <span class='ocrx_word' id='word_1_280' title='bbox 860 2819 923 2864; x_wconf 88' lang='lat' dir='ltr'>qui</span> <span class='ocrx_word' id='word_1_281' title='bbox 950 2828 995 2854; x_wconf 88' lang='lat' dir='ltr'>ex</span> <span class='ocrx_word' id='word_1_282' title='bbox 1022 2818 1099 2856; x_wconf 88' lang='lat' dir='ltr'>iure</span> <span class='ocrx_word' id='word_1_283' title='bbox 1140 2819 1299 2865; x_wconf 84' lang='lat' dir='ltr'>positivo</span> <span class='ocrx_word' id='word_1_284' title='bbox 1338 2818 1528 2857; x_wconf 84' lang='lat' dir='ltr'>dimanant</span> <span class='ocrx_word' id='word_1_285' title='bbox 1560 2807 1910 2864; x_wconf 77' lang='lat' dir='ltr'>consequendos&#39;ir&#39;i</span> 
     </span>
     <span class='ocr_line' id='line_1_32' title="bbox 123 2888 1910 2936; baseline 0.001 -12"><span class='ocrx_word' id='word_1_286' title='bbox 123 2888 201 2926; x_wconf 84' lang='lat' dir='ltr'>foro</span> <span class='ocrx_word' id='word_1_287' title='bbox 227 2889 500 2932; x_wconf 87' lang='lat' dir='ltr'>ecclesiastico,</span> <span class='ocrx_word' id='word_1_288' title='bbox 525 2898 620 2935; x_wconf 84' lang='lat' dir='ltr'>quae</span> <span class='ocrx_word' id='word_1_289' title='bbox 646 2890 850 2927; x_wconf 83' lang='lat' dir='ltr'>necessitas</span> <span class='ocrx_word' id='word_1_290' title='bbox 876 2899 898 2926; x_wconf 88' lang='lat' dir='ltr'>a</span> <span class='ocrx_word' id='word_1_291' title='bbox 922 2890 1022 2926; x_wconf 86' lang='lat' dir='ltr'>civili</span> <span class='ocrx_word' id='word_1_292' title='bbox 1050 2894 1231 2936; x_wconf 85' lang='lat' dir='ltr'>potestate</span> <span class='ocrx_word' id='word_1_293' title='bbox 1257 2890 1428 2936; x_wconf 88' lang='lat' dir='ltr'>primitus</span> <span class='ocrx_word' id='word_1_294' title='bbox 1459 2891 1614 2926; x_wconf 85' lang='lat' dir='ltr'>fortasse</span> <span class='ocrx_word' id='word_1_295' title='bbox 1642 2891 1809 2933; x_wconf 86' lang='lat' dir='ltr'>sancita,</span> <span class='ocrx_word' id='word_1_296' title='bbox 1836 2890 1910 2927; x_wconf 92' lang='lat' dir='ltr'>vim</span> 
     </span>
     <span class='ocr_line' id='line_1_33' title="bbox 128 2959 1816 3007; baseline 0.001 -11"><span class='ocrx_word' id='word_1_297' title='bbox 128 2959 220 3006; x_wconf 82' lang='lat' dir='ltr'>legis</span> <span class='ocrx_word' id='word_1_298' title='bbox 247 2968 323 2996; x_wconf 92' lang='lat' dir='ltr'>non</span> <span class='ocrx_word' id='word_1_299' title='bbox 349 2959 582 3005; x_wconf 85' lang='lat' dir='ltr'>obtinuisset,</span> <span class='ocrx_word' id='word_1_300' title='bbox 609 2960 681 2996; x_wconf 87' lang='lat' dir='ltr'>nisi</span> <span class='ocrx_word' id='word_1_301' title='bbox 707 2960 754 2997; x_wconf 89' lang='lat' dir='ltr'>ab</span> <span class='ocrx_word' id='word_1_302' title='bbox 780 2961 1032 2998; x_wconf 84' lang='lat' dir='ltr'>ecclesiastica</span> <span class='ocrx_word' id='word_1_303' title='bbox 1056 2962 1275 2999; x_wconf 85' lang='lat' dir='ltr'>auctoritate</span> <span class='ocrx_word' id='word_1_304' title='bbox 1300 2961 1517 2998; x_wconf 83' lang='lat' dir='ltr'>confirmata</span> <span class='ocrx_word' id='word_1_305' title='bbox 1543 2961 1684 2998; x_wconf 87' lang='lat' dir='ltr'>fuisset.</span> <span class='ocrx_word' id='word_1_306' title='bbox 1782 2960 1816 3007; x_wconf 72' lang='grc' dir='ltr'>ξ]</span> 
     </span>
    </p>

    <p class='ocr_par' dir='ltr' id='par_1_8' title="bbox 126 3029 1912 3150">
     <span class='ocr_line' id='line_1_34' title="bbox 245 3029 1911 3076; baseline 0.001 -10"><span class='ocrx_word' id='word_1_307' title='bbox 245 3030 258 3049; x_wconf 83' lang='grc'><strong><em>’</em></strong></span> <span class='ocrx_word' id='word_1_308' title='bbox 287 3029 486 3076; x_wconf 88' lang='lat' dir='ltr'>Sponsalia</span> <span class='ocrx_word' id='word_1_309' title='bbox 512 3030 591 3067; x_wconf 88' lang='lat' dir='ltr'>sive</span> <span class='ocrx_word' id='word_1_310' title='bbox 617 3030 713 3067; x_wconf 83' lang='lat' dir='ltr'>inter</span> <span class='ocrx_word' id='word_1_311' title='bbox 738 3030 897 3067; x_wconf 85' lang='lat' dir='ltr'>infantes</span> <span class='ocrx_word' id='word_1_312' title='bbox 920 3035 1132 3074; x_wconf 87' lang='lat' dir='ltr'>contracta,</span> <span class='ocrx_word' id='word_1_313' title='bbox 1160 3031 1237 3068; x_wconf 84' lang='lat' dir='ltr'>sive</span> <span class='ocrx_word' id='word_1_314' title='bbox 1263 3040 1285 3068; x_wconf 88' lang='lat' dir='ltr'>a</span> <span class='ocrx_word' id='word_1_315' title='bbox 1310 3031 1440 3068; x_wconf 88' lang='lat' dir='ltr'>maiori</span> <span class='ocrx_word' id='word_1_316' title='bbox 1471 3041 1555 3067; x_wconf 90' lang='lat' dir='ltr'>cum</span> <span class='ocrx_word' id='word_1_317' title='bbox 1583 3031 1732 3074; x_wconf 84' lang='lat' dir='ltr'>infante,</span> <span class='ocrx_word' id='word_1_318' title='bbox 1762 3041 1825 3076; x_wconf 85' lang='lat' dir='ltr'>pro</span> <span class='ocrx_word' id='word_1_319' title='bbox 1853 3031 1911 3067; x_wconf 91' lang='lat' dir='ltr'>in-</span> 
     </span>
     <span class='ocr_line' id='line_1_35' title="bbox 126 3102 1912 3150; baseline 0.001 -11"><span class='ocrx_word' id='word_1_320' title='bbox 126 3102 231 3140; x_wconf 83' lang='lat' dir='ltr'>fectis</span> <span class='ocrx_word' id='word_1_321' title='bbox 258 3102 387 3140; x_wconf 87' lang='lat' dir='ltr'>haberi</span> <span class='ocrx_word' id='word_1_322' title='bbox 413 3102 571 3147; x_wconf 88' lang='lat' dir='ltr'>debent,</span> <span class='ocrx_word' id='word_1_323' title='bbox 597 3103 689 3140; x_wconf 88' lang='lat' dir='ltr'>adeo</span> <span class='ocrx_word' id='word_1_324' title='bbox 715 3106 755 3140; x_wconf 88' lang='lat' dir='ltr'>ut</span> <span class='ocrx_word' id='word_1_325' title='bbox 778 3113 848 3140; x_wconf 86' lang='lat' dir='ltr'>nec</span> <span class='ocrx_word' id='word_1_326' title='bbox 875 3103 1046 3149; x_wconf 86' lang='lat' dir='ltr'>publicae</span> <span class='ocrx_word' id='word_1_327' title='bbox 1084 3103 1289 3141; x_wconf 86' lang='lat' dir='ltr'>honestatis</span> <span class='ocrx_word' id='word_1_328' title='bbox 1319 3103 1625 3150; x_wconf 83' lang='lat' dir='ltr'>impedimentum</span> <span class='ocrx_word' id='word_1_329' title='bbox 1662 3104 1819 3150; x_wconf 85' lang='lat' dir='ltr'>pariant.</span> <span class='ocrx_word' id='word_1_330' title='bbox 1858 3103 1912 3140; x_wconf 86' lang='lat' dir='ltr'>Ea</span> 
     </span>
    </p>
   </div>
  </div>
 </body>
</html>
