2176 3386
528 162 658 192 LIBER
686 163 711 191 1.
741 163 798 191 DE
829 161 966 191 REBUS
994 161 1232 191 ECCLESIAE
1261 147 1589 191 SP1R1TUAL113US
1898 150 1951 191 97

166 270 246 314 'vel
277 267 505 324 abfuerit,
541 261 616 312 vel
653 267 802 312 nullas
833 267 1072 313 habiturus
1115 267 1174 312 sit
1205 267 1518 313 ordinationes
1542 268 1573 312 ¹.
1619 271 1670 312 In
1703 267 1764 312 iis·
1792 272 1949 314 autem

167 350 335 397 'litteris
381 350 756 396 dimissorialibus
803 350 1064 396 huiusmodi
1091 356 1243 396 ‘causa
1281 350 1518 396 absentiae
1557 349 1817 395 dioecesani
1855 350 1952 410 Epi·

163 435 320 493 scopi,
357 434 431 478 vel
463 434 805 479 ordinationum
840 448 934 478 non
968 434 1312 486 habendarum,
1346 433 1649 492 exprimenda
1682 438 1766 478 est.
1823 435 1950 487 Quod

163 519 203 563 si
237 521 468 576 regulares
509 517 750 563 ordinandi
801 524 1040 562 morentur
1081 517 1128 562 in
1172 518 1451 562 monasterio
1495 518 1676 562 nullius
1721 518 1948 573 dioecesis,

167 603 429 648 huiusmodi
462 602 743 647 dimissoriae
777 601 966 647 concedi
1000 602 1170 646 debent
1202 602 1259 647 ad
1297 602 1567 660 Episcopum
1602 602 1888 647 viciniorem.

288 686 392 730 808.
430 690 479 730 ln
514 699 745 744 praesens,
780 685 975 729 durante
1009 684 1210 729 triennio
1245 685 1528 743 probationis
1561 690 1607 730 et
1638 690 1747 730 ante
1782 687 1951 743 profes-

166 769 344 813 sionem
380 770 651 824 solemnem‚
687 782 779 812 non
816 768 936 822 licet,
974 772 1109 826 prout
1141 768 1361 823 diximus,
1387 769 1668 814 dimissorias
1700 769 1952 814 concedere

170 851 406 910 religiosis,
442 851 527 896 nisi
559 852 615 895 ad
651 855 884 895 tonsuram
920 856 966 895 et
999 851 1199 895 minores
1232 851 1415 896 ordines
1439 851 1470 896 ².

289 935 391 980 809.
430 937 544 979 Sunt
574 939 730 979 autem
755 934 951 978 Ordines
974 934 1222 992 regulares,
1248 934 1323 994 qui
1349 934 1533 993 speciali
1558 935 1797 993 privilegio
1824 950 1951 994 prae-

168 1017 251 1062 diti
285 1022 409 1072 sunt,
446 1022 497 1061 nt
529 1032 553 1062 a
588 1017 789 1076 quolibet
823 1017 1048 1061 catholico
1077 1017 1295 1075 Episcopo
1323 1018 1590 1062 eorumdem
1625 1018 1803 1062 alumni
1836 1019 1952 1064 ordi-

168 1101 270 1145 nari
304 1101 494 1158 possint.

288 1184 389 1228 810.
429 1184 689 1228 Notandum
714 1184 832 1243 quod
864 1184 1211 1241 suspensionem
1237 1198 1515 1242 perannum
1541 1185 1567 1228 l.
1596 1199 1631 1229 s.
1662 1189 1790 1230 Rom.
1819 1189 1950 1230 Pont.

168 1272 451 1312 reserxatam
502 1267 748 1311 incurrunt
789 1270 846 1312 ab
888 1268 1101 1312 ordinum
1146 1269 1390 1314 collatione
1439 1269 1707 1315 ordinantes
1748 1270 1952 1315 alienum

169 1350 399 1394 subditum
435 1350 573 1394 etiam
609 1352 691 1394 sub
724 1356 967 1408 praetextu
1002 1351 1210 1396 beneficii
1246 1352 1400 1396 statim
1437 1352 1722 1407 conferendi,
1748 1357 1829 1397 aut
1862 1353 1952 1398 iam

168 1432 340 1487 collati,
376 1433 452 1477 sed
489 1433 678 1477 minime
714 1434 998 1488 sufficientis,
1033 1435 1204 1494 absque
1238 1435 1336 1480 eius
1373 1435 1577 1494 Episcopi
1612 1436 1776 1481 litteris
1799 1437 1952 1481 dimis—

171 1515 439 1572 sorialibus,
477 1517 546 1561 vel
582 1516 721 1561 eliam
771 1517 1002 1562 subditum
1039 1518 1272 1576 proprium
1307 1519 1383 1577 qui
1422 1519 1528 1563 alibi
1579 1525 1708 1564 tanto
1746 1525 1954 1578 tempore

172 1604 375 1645 moratus
417 1600 473 1644 sit
507 1606 556 1644 ut
590 1601 863 1646 canonicum
908 1601 1292 1660 impedimentum
1335 1603 1393 1646 ibi
1437 1605 1711 1649 contrahere
1756 1604 1956 1663 potuerit

167 1683 340 1743 absque
374 1683 601 1728 ordinarii
635 1684 732 1728 eius
766 1684 851 1728 loci
885 1685 1047 1729 litteris
1082 1685 1466 1731 testimonialibus
1501 1686 1533 1728 ³.

905 1926 1136 1954 Ammonos
1172 1928 1214 1955 n.

739 2040 798 2082 De
832 2041 1061 2097 requisitis
1099 2041 1386 2085 Ordinandc'.

288 2167 389 2210 811.
431 2166 674 2225 Episcopus
705 2168 837 2212 debet
861 2169 1072 2213 ordinare¹
1097 2183 1230 2214 suum
1267 2170 1501 2215 subditum
1537 2170 1701 2215 debitis
1723 2171 1956 2230 requisitis

168 2248 442 2306 praeditum.
497 2254 633 2294 Porro
669 2251 779 2295 baec
814 2250 1030 2310 requisita
1064 2251 1152 2296 alia
1190 2258 1298 2296 suut
1331 2256 1551 2310 positiva,
1587 2254 1674 2298 alia
1712 2258 1950 2312 messalina.

170 2331 369 2377 Positiva
402 2337 703 2377 recensentur
735 2338 859 2378 certa
893 2341 1036 2390 aetas,
1072 2338 1284 2391 sciencia,
1319 2338 1483 2392 [n'etas.

289 2416 388 2460 819..
429 2416 491 2460 Ad
524 2421 726 2461 aetatem
761 2417 879 2476 quod
915 2418 1146 2475 pertinet,
1184 2424 1310 2464 tanta
1346 2435 1397 2464 ea
1432 2434 1529 2464 esse
1579 2420 1744 2474 debet,
1780 2426 1954 2480 quanta

170 2498 401 2543 sufficiens
434 2500 492 2543 sit
523 2500 579 2545 ad
614 2500 875 2546 iniunctum
909 2502 1108 2547 officium
1144 2508 1268 2547 recte
1302 2503 1630 2562 peragendum.
1668 2508 1955 2562 Quapropter

126 2610 128 2612 ψ
170 2580 417 2639 requiritur
451 2596 530 2639 pro
563 2582 710 2640 prima
746 2587 931 2629 tonsura
965 2598 1117 2629 annus
1150 2585 1389 2643 septimus,
1428 2599 1506 2643 pro
1543 2586 1796 2631 minoribus
1838 2587 1956 2631 ordi-

172 2665 305 2710 nibus
336 2670 462 2711 aetas
495 2667 799 2712 determinata
843 2682 933 2713 nou
968 2674 1062 2725 est,
1098 2684 1179 2727 pro
1222 2669 1555 2714 subdiaconatu
1601 2670 1850 2728 vigesimus
1887 2685 1956 2716 se—

164 2748 359 2792 cundus.
397 2749 512 2794 Hinc
545 2750 621 2809 qui
655 2750 908 2808 ingreditur
940 2753 994 2796 22
1017 2752 1182 2797 aetatis
1205 2766 1381 2797 annum
1419 2766 1607 2810 vespere
1635 2753 1828 2808 sabbati,
1856 2767 1951 2799 non

290 2891 297 2909 ¹
330 2892 463 2928 Bened.
490 2893 588 2934 XIV,
615 2894 738 2930 Consi..
767 2894 930 2940 Impositi
955 2897 1057 2932 nobis
1084 2895 1126 2931 27
1157 2895 1247 2931 febr.
1279 2896 1382 2932 1747.

290 2961 302 2979 ¹
330 2962 364 2998 S.
391 2962 428 2998 C.
456 2973 568 3008 super
595 2968 689 3000 statu
719 2965 891 3010 Regular.
920 2965 963 3001 12
991 2966 1063 3002 ian.
1094 2966 1197 3002 1858.

291 3037 304 3055 ³
329 3036 453 3073 Const.
482 3037 547 3083 Ap.
576 3037 683 3074 Sedis.

292 3118 606 3151 ZirssLm-Sommu.
640 3138 674 3141 —
707 3120 757 3153 11.
1811 3122 1830 3153 7
