2176 3386
612 185 967 222 SUPPLE'MENTUM
996 192 1273 228 QUORUMDAM
1302 193 1670 224 DOCUMENTORUM
1955 187 2035 227 325

252 299 481 344 cationem
517 299 685 345 habere
707 313 814 345 cum
836 300 1106 359 presbytero
1129 300 1215 346 nisi
1239 300 1526 346 intermediis
1549 302 1771 360 personis,
1795 306 1842 347 et
1875 305 2030 348 tamen

252 383 446 441 cupiunt
492 382 745 440 practicare
793 382 838 427 in
887 385 1022 429 corde
1054 383 1340 442 religionem.
1392 385 1508 438 Quid
1557 385 1622 429 eis
1670 385 2035 431 insinuandum?

252 465 295 509 6.
333 466 602 524 Neophytus
634 469 743 510 ante
778 471 1030 524 tyrannum
1064 467 1248 511 ducitur
1278 468 1353 526 qui
1389 482 1495 512 eum
1528 469 1699 513 acriter
1741 468 1949 527 increpat
1979 483 2034 514 eo

253 548 372 607 quod
406 548 670 606 religionem
707 553 803 594 lesu
838 550 1002 595 Christi
1044 551 1286 609 amplexus
1326 551 1385 595 sit
1417 556 1464 596 et
1495 551 1620 597 addit
1658 566 1705 597 se
1740 553 1823 597 hac
1860 552 1959 597 vice
1991 551 2033 597 ei

253 631 531 687 condonare,
566 637 614 677 at
646 633 681 676 si
716 646 820 678 euni
851 633 1007 678 videat
1042 634 1202 691 pedem
1225 634 1397 679 inferre
1421 635 1467 679 in
1492 636 1680 680 domum
1716 636 2030 692 Saevi-dotum,

252 712 345 770 igni
379 728 485 758 eum
520 715 683 760 tradet.
721 716 1006 762 Christianus
1039 698 1149 761 nihil
1187 718 1445 775 respondet,
1480 722 1528 762 at
1551 718 1742 776 genibus
1775 718 2035 776 procumbit

253 801 299 842 et
331 798 500 855 gratias
530 799 623 856 agit
658 798 852 843 Praesidi
891 813 944 844 eo
978 802 1096 859 quod
1132 800 1172 845 ei
1206 801 1462 846 indulserit.
1515 802 1657 847 Aliter
1705 803 1855 848 facere
1903 801 2033 846 iuxta

253 894 383 925 usum
435 881 630 939 regionis
661 886 781 926 esset
813 882 1079 927 insolencia.
1131 887 1226 927 Hoc
1266 883 1502 929 silentium
1545 890 1590 929 et
1623 885 1735 930 haec
1783 885 2032 943 gratiarum

251 963 372 1008 actio
407 968 596 1021 possunt
628 964 806 1009 censeri
840 969 1076 1024 tamquam
1113 969 1347 1023 apostasia
1380 971 1603 1022 ememor,
1643 972 1688 1012 et
1721 969 1939 1013 debemus
1978 981 2034 1012 ne

251 1047 449 1105 obligare
481 1047 756 1092 christianos
788 1047 834 1092 in
870 1048 1094 1093 similibus
1127 1049 1307 1094 casibus
1338 1050 1394 1094 ad
1429 1051 1706 1108 loquendum
1732 1055 1778 1096 et
1799 1051 2034 1096 declaran-

249 1129 358 1174 dum
385 1135 585 1187 tyranno
617 1131 736 1190 quod
773 1131 865 1189 ipse
901 1136 1047 1188 potest
1080 1131 1145 1176 eis
1178 1133 1466 1188 condonare,
1503 1133 1538 1177 si
1575 1133 1701 1189 velit,
1739 1138 2032 1192 praetensum

250 1213 442 1258 crimen:
479 1214 554 1258 sed
590 1215 709 1273 quod
734 1214 815 1272 ipsi
851 1215 1194 1260 continuabunt
1226 1229 1359 1273 agere
1393 1222 1527 1274 prout
1560 1217 1606 1261 in
1644 1217 1926 1275 praeterito?

371 1301 506 1341 Porro
531 1299 633 1355 Sup.
674 1296 806 1341 Univ.
847 1301 942 1357 lnq.
980 1301 1079 1342 For.
1118 1301 1170 1353 V,
1207 1298 1306 1343 loco
1340 1302 1414 1355 IV,
1443 1299 1515 1344 die
1535 1301 1589 1344 22
1622 1300 1878 1345 decembris
1904 1300 2030 1356 1887,

252 1381 619 1438 respondendum
657 1380 923 1425 mandavit:

372 1463 432 1506 Ad
472 1463 535 1507 1¹¹¹.
575 1467 621 1507 In
659 1463 781 1508 hisce
815 1463 994 1508 casibus
1028 1464 1270 1522 diligenter
1319 1466 1602 1521 curandum,
1639 1471 1689 1510 ut
1724 1467 1887 1512 mulier
1934 1467 2034 1512 infi-

250 1548 361 1593 delis
395 1548 652 1592 instruatur
684 1552 730 1592 et
763 1547 1019 1606 baptizetur
1052 1553 1098 1592 et
1133 1548 1482 1593 matrimonium
1516 1549 1603 1594 rite
1637 1555 1938 1596 contrahatur
1961 1565 2033 1596 co-

251 1646 349 1676 ram
388 1631 690 1686 Missionario,
728 1631 795 1676 sin
834 1631 985 1676 minus
1019 1646 1110 1676 non
1145 1637 1252 1676 ante
1286 1633 1566 1678 concedatur
1597 1633 1876 1691 dispensatio
1899 1648 2035 1693 super

249 1715 580 1772 impedimento
628 1715 906 1773 disparitatis
940 1716 1122 1770 cultus,
1159 1731 1262 1761 cuni
1299 1717 1444 1762 iustae
1483 1723 1734 1776 suppetunt
1780 1733 1945 1764 causae
1977 1719 2033 1764 ad

249 1799 605 1857 dispensandum
641 1803 687 1843 et
723 1798 885 1843 mulier
918 1812 1052 1857 super
1085 1799 1340 1844 necessaria
1392 1800 1602 1846 libertate
1646 1801 1926 1846 matrimonii
1971 1802 2035 1847 in-

249 1887 422 1927 structa
456 1882 513 1927 sit
546 1887 592 1927 et
627 1887 817 1942 uterque
851 1896 1043 1940 sponsus
1076 1896 1123 1927 se
1158 1882 1298 1927 libere
1334 1897 1640 1929 consensuros
1681 1885 1952 1943 spondeant,
1988 1890 2034 1930 et

249 1965 296 2010 in
331 1971 429 2011 tuto
462 1965 555 2010 sint
587 1965 759 2024 positae
803 1965 1090 2011 conditiones
1123 1967 1169 2010 in
1208 1967 1516 2012 matrimoniis
1563 1967 1754 2026 disparis
1796 1969 1946 2014 cultus
1977 1970 2035 2013 ab

251 2048 504 2106 Apostolica
540 2049 651 2093 Sede
686 2048 946 2107 requisitae,
982 2063 1153 2108 eaeque
1188 2049 1454 2107 praesertim
1480 2064 1596 2109 quae
1619 2050 1716 2095 iure
1753 2051 1948 2095 naturali
1982 2065 2035 2097 ac

249 2131 408 2175 divino
443 2132 801 2189 prescribuntur.

372 2215 432 2260 Ad
468 2216 520 2260 2¹¹²
560 2215 808 2273 Negatixe,
846 2215 930 2259 nisi
964 2215 1178 2260 adhibitis
1222 2217 1490 2274 opportunis
1526 2217 1957 2275 investigationibus
1989 2223 2035 2263 et

250 2297 376 2341 salva
409 2296 569 2341 saltem
621 2296 666 2341 in
711 2297 1087 2341 substantialibus
1134 2301 1285 2342 Const.
1330 2298 1560 2343 Benedicti
1597 2302 1690 2343 xtv
1730 2302 1810 2344 Dei
1842 2302 2034 2345 Misera·

251 2382 372 2423 tione
405 2384 586 2424 constet
618 2380 814 2425 defuisse
848 2394 1142 2438 consensum,
1180 2386 1226 2425 et
1258 2382 1294 2426 si
1327 2396 1415 2441 qua
1439 2382 1635 2440 supersit
1657 2382 1929 2438 difficultaS,
1967 2398 2033 2429 re-

251 2461 527 2505 currendum
563 2461 618 2505 ad
654 2461 957 2520 Apostolicam
994 2464 1172 2508 Sedeni.

371 2545 433 2589 Ad
467 2545 540 2589 5¹²¹.
579 2545 832 2602 Negative,
868 2546 955 2590 nisi
1004 2547 1138 2591 aliter
1185 2551 1366 2591 constet
1396 2549 1450 2592 de
1484 2547 1607 2592 obitu
1661 2548 1863 2594 mulieris
1904 2548 2034 2593 iuxta

251 2627 604 2673 instructionem
640 2631 680 2673 S.
717 2629 863 2673 Officii
897 2644 1014 2686 quae
1047 2630 1405 2675 transmittetur.

372 2710 435 2755 Ad
467 2712 538 2755 4¹¹¹.
578 2712 881 2767 Affirmatixe,
918 2713 1166 2758 dummodo
1200 2714 1454 2758 secundum
1482 2714 1830 2759 matrimonium
1856 2715 1940 2759 rite
1964 2730 2035 2761 ce—

249 2795 475 2838 lebratum
511 2794 674 2849 fuerit,
712 2809 861 2854 neque
906 2795 1028 2840 aliud
1062 2795 1179 2840 adsit
1215 2796 1597 2853 impedimentum
1642 2811 1777 2856 snper
1808 2799 1925 2857 quod
1963 2798 2034 2843 vi-

249 2876 400 2922 carius
436 2877 720 2935 Apostolicus
753 2879 948 2936 gaudeat
982 2880 1199 2945 facultate
1232 2879 1542 2938 dispensandi,
1579 2885 1624 2924 et
1658 2885 1808 2937 partes
1848 2882 2031 2926 hortan-

250 2960 332 3004 dae
366 2964 417 3004 ut
448 2959 617 3004 adeant
653 2960 966 3006 Missionarios
998 2976 1077 3020 pro
1110 2961 1444 3007 benedictione.

2006 0 2020 7 „
2028 0 2068 14 1.-
2076 0 2176 43 „7:72¹
