2176 3386
771 269 899 297 Lmen
928 269 955 296 1.
988 268 1044 296 DE
1073 267 1267 319 cci-:megs
1833 255 1910 298 321

126 380 294 428 rancis.
345 382 513 425 Verum
548 377 760 423 Pontifex
795 377 898 421 Pius
924 379 958 421 V
983 377 995 400 ²
1031 375 1178 421 voluit
1210 374 1432 421 limitibus
1466 360 1711 421 arbitrium
1734 377 1911 436 Episco-

118 464 192 523 pis
238 460 615 509 circumscribere
663 460 726 504 ita
773 462 825 503 ut
870 457 1016 516 portio
1063 456 1255 502 Vicariis
1299 457 1574 515 assignanda
1621 457 1773 503 minor
1814 473 1912 506 esse

123 560 219 592 non
254 544 392 604 possit
429 542 580 588 aureis
626 541 818 588 scutatis
851 542 932 597 50,
968 554 1022 585 ac
1065 554 1158 585 non
1206 539 1403 585 excedat
1438 553 1581 584 aurea
1613 545 1793 586 scutata
1831 543 1914 587 100

122 627 404 687 computatis
435 625 650 672 omnibus
684 625 871 670 incertis
904 622 1248 678 emolumentis,
1297 627 1343 668 et
1392 623 1751 669 obventionibus
1797 639 1914 684 quae

123 711 278 771 aliquo
313 710 446 755 modo
479 708 735 768 computari
772 711 974 770 possunt.
1013 710 1180 751 Verum
1214 721 1272 751 ex
1323 706 1450 764 praxi
1494 711 1541 751 et
1581 721 1639 752 ex
1672 707 1914 754 doctorum

123 794 366 840 sententia
402 793 553 837 visum
586 795 657 836 est
691 805 782 836 non
817 803 946 848 posse
980 791 1064 835 bac
1101 789 1147 833 in
1183 804 1230 834 re
1264 789 1431 849 ubique
1465 791 1676 836 eamdem
1712 792 1915 849 regulam

126 876 321 923 servari.
359 881 508 931 Quare
535 874 802 920 Benedictus
828 876 923 918 xlv
948 874 962 898 ²
999 887 1078 932 pro
1103 873 1228 918 ltalia
1255 873 1493 931 pristinam
1518 868 1707 919 Concilii
1731 875 1916 920 Triden-

123 959 216 1004 tini
253 958 598 1017 dispositionem
634 956 894 1012 renovavit,
930 961 1067 1015 atque
1101 955 1290 1001 arbitrio
1339 955 1542 1015 Episcopi
1588 957 1820 1015 assignare
1846 957 1917 1003 vi-

128 1042 265 1089 cariis
298 1055 524 1099 congruas
575 1041 764 1085 remisit.
826 1044 997 1085 Romae
1045 1044 1259 1084 servatur
1311 1040 1464 1098 regula
1506 1055 1645 1100 quam
1678 1041 1919 1087 constituit

133 1130 219 1171 Leo
257 1128 332 1170 xli
367 1124 380 1147 ³
417 1124 460 1169 vi
495 1123 624 1168 cuius
657 1123 960 1168 obventiones
993 1123 1040 1166 in
1075 1122 1322 1167 medietate
1355 1123 1627 1168 dividuntur
1649 1124 1771 1169 inter
1793 1125 1918 1183 Capi-

130 1209 226 1253 tula
259 1213 304 1253 et
355 1207 555 1252 Vicarios
604 1212 846 1266 perpetuos
877 1207 1084 1265 exceptis
1134 1206 1438 1264 peculiaribus
1472 1207 1862 1254 conventionibus
1894 1223 1919 1254 a

135 1296 223 1338 RR.
250 1291 543 1337 Pontificibus
565 1290 884 1349 adprobandis.
923 1294 1163 1336 Coeterurn
1190 1291 1331 1335 semel
1354 1305 1407 1335 ac
1431 1291 1579 1349 portio
1601 1291 1790 1336 Vicariis
1812 1292 1920 1336 assi·

128 1380 269 1434 gnata
304 1375 389 1419 l'uit
420 1389 446 1419 a
474 1375 739 1420 Rectoribus
774 1374 1079 1419 liabitualibus
1114 1374 1259 1419 minui
1285 1388 1377 1419 non
1404 1378 1570 1433 potest,
1593 1375 1680 1419 nisi
1708 1375 1922 1420 notabilis

130 1458 198 1503 rei
242 1458 436 1503 mutatio
484 1457 728 1516 contigerit
756 1443 828 1502 'ac
878 1457 1060 1515 praevia
1110 1457 1338 1502 Ordinarii
1382 1457 1726 1516 adprobatione.

254 1542 354 1586 596.
382 1541 509 1595 Quod
532 1541 567 1585 si
593 1555 676 1585 nec
702 1555 779 1597 per
800 1540 1031 1585 Vicarium
1056 1544 1327 1598 perpetuum
1351 1540 1545 1585 satisliat
1565 1541 1922 1587 necessitatibus

130 1625 389 1683 paroeciae,
414 1625 468 1668 ad
495 1623 953 1669 dismembrationem
980 1623 1119 1682 ipsius
1142 1623 1486 1669 deveniendum
1511 1630 1596 1681 est,
1624 1631 1669 1670 et
1692 1625 1748 1670 ad
1774 1639 1922 1670 novae

136 1706 373 1765 paroeciae
395 1708 693 1753 erectionem.
734 1711 870 1752 Porro
904 1707 959 1751 ad
984 1708 1102 1751 hanc
1125 1707 1584 1753 dismembrationem
1605 1708 1922 1767 paroeciarum

127 1792 255 1849 quod
287 1790 471 1845 attinet,
515 1793 880 1848 praenotandum
920 1796 1004 1846 est,
1026 1805 1129 1835 eam
1161 1795 1397 1850 tamquam
1421 1791 1627 1837 odiosam
1654 1792 1699 1837 in
1724 1793 1821 1837 iure
1846 1794 1923 1838 ha-

134 1871 232 1917 beri
255 1878 301 1918 et
326 1873 509 1917 nonnisi
545 1873 589 1917 in
623 1873 875 1918 subsidium
899 1873 1236 1918 admittendam
1261 1887 1358 1918 esse
1382 1892 1390 1918 :
1429 1875 1755 1920 accedentibus
1790 1876 1924 1921 nimi-

136 1970 242 2000 rum
261 1956 543 2014 gravissimis
561 1956 788 2001 evidentis
807 1955 1017 2001 utilitatis
1035 1962 1081 2001 et
1097 1957 1383 2002 necessitatis
1400 1958 1564 2014 causis,
1579 1958 1802 2004 eiusmodi
1817 1966 1926 2004 sunt

132 2040 289 2098 populi
323 2045 641 2098 augmentum,
668 2041 801 2098 longa
826 2041 1042 2086 distantia
1065 2045 1151 2085 etc.
1191 2045 1237 2086 ln
1264 2042 1348 2087 hac
1374 2056 1482 2087 vero
1515 2042 1925 2090 dismembratione

136 2123 367 2178 facienda,
403 2124 437 2167 si
471 2124 525 2168 de
562 2138 669 2168 vera
706 2125 973 2182 proprieque
996 2124 1117 2169 dicta
1142 2124 1355 2169 Paroecia
1380 2130 1557 2183 agatur,
1587 2128 1762 2172 servari
1793 2128 1928 2173 debet

138 2208 289 2252 forma
323 2223 347 2252 a
381 2207 582 2252 Concilio
617 2207 734 2252 ‘ri-id.
774 2207 1051 2266 praescripta
1086 2208 1099 2231 '⁴
1134 2222 1213 2252 seu
1252 2209 1438 2253 Parochi
1473 2215 1519 2254 et
1569 2210 1764 2256 aliorum
1812 2211 1926 2257 inte-

136 2303 261 2335 resse
296 2290 563 2335 habentium
598 2303 848 2335 consensus
881 2290 1194 2349 exquirendus
1227 2296 1310 2347 est,
1347 2293 1561 2351 quamvis
1596 2306 1783 2339 necesse
1833 2309 1924 2339 non

135 2371 198 2416 sit
230 2386 389 2416 eorum
426 2367 787 2417 irrationabilem
821 2372 1078 2417 dissensum
1112 2374 1365 2418 attendere.
1427 2374 1467 2419 Si
1523 2390 1631 2420 vero
1676 2381 1839 2434 agatur
1872 2379 1926 2422 de

140 2453 335 2511 simplici
370 2454 604 2510 missione,
640 2469 692 2499 ea
727 2455 837 2499 iuris
878 2455 1100 2500 solemnia
1145 2457 1372 2502 servanda
1418 2472 1511 2503 non
1557 2464 1681 2515 sunt,
1733 2465 1780 2504 et
1835 2475 1926 2506 non

135 2536 352 2582 obstante
386 2539 576 2583 rectoris
610 2538 886 2583 missionarii
919 2538 1234 2597 deputatione,
1269 2540 1424 2585 licebit
1461 2542 1677 2600 Episcopo
1711 2543 1765 2587 de
1817 2557 1925 2588 con-

136 2620 242 2666 silio
274 2620 465 2679 Capituli
500 2621 621 2666 intra
655 2621 824 2667 limites
859 2622 1088 2667 missionis
1120 2622 1191 2667 cui
1218 2624 1514 2681 praeponitur·
1537 2639 1681 2670 novas
1704 2626 1925 2671 ecclesias

138 2703 342 2749 condere
373 2717 427 2748 ac
461 2703 718 2762 portionem
750 2704 984 2749 districtus
1018 2705 1071 2749 iis
1103 2706 1372 2762 attribuere,
1398 2707 1434 2751 si
1460 2708 1712 2753 necessitas
1735 2713 1816 2754 aut
1842 2709 1928 2754 uti-

139 2785 248 2832 {itas
283 2787 433 2846 populi
465 2786 608 2833 fidelis
641 2787 684 2833 id
719 2788 934 2848 requirat.
971 2794 1068 2844 Quo
1103 2789 1266 2835 melius
1298 2794 1454 2835 autem
1491 2791 1697 2837 missioni
1722 2808 1838 2852 quae
1865 2795 1930 2838 di-

267 2944 279 2964 ¹
307 2944 458 2981 Constit.
486 2945 541 2981 Ad
567 2945 773 2992 exequenda
801 2945 904 2982 1567.

267 3015 279 3033 ²
306 3015 526 3052 Benedictus
552 3015 651 3059 xiv,
677 3015 869 3052 Constitui.
897 3015 988 3052 Cum
1014 3027 1153 3063 semper
1178 3019 1316 3055 oblatas
1345 3019 1448 3056 1744.

269 3086 282 3106 ³
307 3087 460 3124 Constit.
487 3089 602 3134 Super
633 3088 847 3125 Universum
884 3088 987 3125 1824.

276 3157 290 3178 ¹·
317 3158 404 3204 Cap.
431 3158 491 3202 IV,
520 3157 616 3195 Sess.
643 3158 731 3195 XXI
759 3159 801 3195 de
817 3159 894 3205 Res.

272 3246 591 3279 Zi‘rssnu-Somssm.
1774 3256 1811 3288 21
