2176 3386
458 0 924 41 .W-‘r··¹v·v;2=··2²w
955 0 1013 18 22<
1035 0 1040 11 -
1078 0 1234 17 ww„-
1436 0 1439 2 -

539 201 669 230 [ABER
697 201 733 229 1.·
754 201 810 229 DE
842 200 981 230 m-:Bus
1010 200 1244 230 Eccm-:smss
1273 201 1601 232 SPIRITUALIBUS
1854 180 1859 188 ’
1883 194 1961 233 277

185 313 354 352 ventus
387 307 668 353 sufficientes
701 307 904 352 redditus
938 307 1136 353 habeant
1157 308 1482 353 sustentationi
1508 308 1838 367 religiosorum,
1863 310 1961 356 sive

183 391 510 448 provenientes
540 405 598 436 ex
631 390 763 436 bonis
797 391 1004 450 propriis,
1039 390 1138 436 sive
1169 405 1227 436 ex
1260 392 1494 436 consuetis
1526 374 1727 437 lid‘elium
1767 393 1959 439 eleemo-

182 473 326 531 synis.
361 475 404 529 4)
435 473 695 533 Requiritur
727 474 958 519 sufficiens
1004 473 1320 532 religiosorum
1370 488 1616 535 numerus,
1653 475 1875 535 siquidem
1911 482 1961 522 ut

182 555 344 600 domus
377 557 595 614 regularis
629 556 714 602 rite
748 557 997 602 constituta
1033 562 1292 612 censeatur,
1328 563 1374 602 et
1407 562 1456 602 ut
1488 559 1682 621 gaudeat
1726 561 1960 621 privilegio

182 640 516 698 exemptionis,
552 640 790 686 duodecim
828 642 901 686 vel
939 641 1102 686 saltem
1150 655 1228 686 sex
1281 641 1475 700 religiosi
1518 643 1578 687 ibi
1624 643 1716 687 sint
1763 649 1956 701 oportet.

182 722 296 790 Sunt
327 727 482 768 autem
515 736 663 779 casus,
700 723 746 768 in
780 724 946 783 quibus
979 724 1130 769 minor
1162 738 1383 769 numerus
1415 726 1597 771 sufficit.
1643 727 1709 772 Cf.
1738 741 1855 786 quae
1887 741 1959 772 su·

181 819 258 863 pra
292 806 506 851 diximus.
560 807 601 861 5)
632 806 892 866 Requiritur
925 807 1146 863 parochi,
1182 813 1243 852 et'
1264 808 1554 866 Regularium
1587 810 1663 869 qni
1698 815 1806 854 sunt
1838 810 1959 856 intra

179 895 376 949 quatuor
408 889 641 945 milliaria,
677 904 953 947 consensus3
992 891 1091 936 ideo
1123 892 1242 951 quod
1276 896 1536 936 conventus
1568 892 1856 949 fundatione,
1886 895 1960 939 de-

177 971 450 1018 trimentum
499 972 658 1018 inferri
708 978 856 1032 potest
889 975 961 1019 vel
1011 973 1185 1019 iuribus
1234 974 1504 1030 Parochiae,
1549 976 1618 1020 vel
1668 977 1957 1034 Regularium

179 1057 588 1114 praeexistentiam
642 1058 1002 1115 sustentationi3
1052 1073 1211 1103 eorum
1262 1063 1417 1104 tamen
1468 1073 1720 1105 consensus
1761 1060 1958 1119 suppleri

178 1144 341 1198 potest,
377 1140 413 1185 si
447 1140 615 1186 iniuste
651 1141 930 1199 denegetur,
968 1144 1040 1187 vel
1076 1143 1266 1187 minime
1303 1144 1602 1203 requirendus
1635 1150 1727 1200 est,
1763 1145 1799 1190 si
1833 1150 1958 1192 certo

177 1227 356 1270 constet
390 1225 566 1270 nullum
602 1240 659 1270 ex
695 1240 815 1271 nova
851 1226 1084 1271 erectione
1118 1227 1450 1273 detrimentum
1485 1229 1539 1273 iis
1566 1230 1894 1275 obventurum.

301 1307 426 1351 1257.
463 1312 586 1353 Haec
621 1308 657 1352 si
681 1314 844 1367 agatur
866 1311 921 1354 de
944 1311 1176 1356 erectione
1212 1312 1387 1371 proprie
1411 1312 1548 1368 dicta,
1575 1314 1678 1358 talis
1705 1314 1827 1358 enim
1863 1328 1955 1360 non

177 1394 407 1446 censetur,
445 1391 480 1435 si
516 1392 849 1437 monasterium
887 1407 976 1438 non
1013 1394 1151 1438 fuerit
1174 1395 1308 1453 plane
1331 1395 1561 1441 desertum
1588 1400 1634 1441 et
1658 1403 1955 1452 restauretur,

178 1474 249 1518 vel
283 1474 318 1519 si
355 1476 659 1520 transferatur
692 1476 739 1520 in
774 1476 914 1521 alium
948 1477 1086 1522 situm
1122 1478 1325 1523 eiusdem
1359 1478 1460 1524 loci.

299 1558 423 1603 1258.
461 1559 619 1612 Quoad
656 1560 934 1605 monasteria
970 1561 1238 1606 monialium
1274 1562 1521 1622 requiritur
1554 1564 1688 1608 venia
1727 1565 1954 1610 Ordinarii

174 1643 220 1684 et
252 1640 482 1684 sulliciens
519 1641 731 1686 redditus.

300 1725 423 1770 1259,
464 1726 630 1770 Eadem
683 1726 898 1786 requisita
947 1741 1037 1772 non
1088 1728 1338 1787 exiguntur
1375 1730 1420 1774 in
1457 1731 1702 1775 fundandis
1750 1731 1956 1789 hospitiis

175 1808 467 1865 regularium,
506 1810 578 1853 vel
613 1809 824 1855 domibus
857 1811 1223 1869 congregationis
1255 1813 1531 1859 Clericorum
1565 1815 1886 1860 saecularium.

297 1891 422 1935 1240.
460 1893 726 1938 Conventus
760 1895 830 1938 vel
867 1895 1197 1940 Monasterium
1232 1897 1469 1942 clausurae
1501 1898 1585 1956 legi
1610 1898 1863 1954 subiicitur,
1900 1900 1954 1944 de

172 1987 259 2032 qua
293 1976 451 2019 confer
488 1989 563 2032 ea,
609 1990 725 2034 quae
764 1977 972 2035 superius
1014 1980 1311 2037 exposuimus
1348 1981 1402 2024 (le
1437 1982 1763 2039 Reyularibus.

905 2230 1084 2286 CAPUT
1124 2232 1214 2273 vn.

779 2398 848 2433 DE
888 2399 1340 2437 HOSPITALIBUS.

293 2555 417 2600 1241.
455 2558 701 2616 Hospitalis
737 2574 905 2607 nomen
942 2566 1154 2620 generale
1187 2569 1255 2609 est
1290 2567 1523 2623 pertinens
1556 2567 1610 2611 ad
1644 2582 1830 2612 omnem
1875 2569 1952 2613 ho-

168 2635 428 2693 spitalitatis
461 2639 676 2698 speciem,
713 2642 1041 2705 cuiuscumque
1075 2649 1255 2705 generis
1286 2662 1336 2693 ea
1371 2648 1444 2693 sit.
1481 2650 1598 2695 Hinc
1632 2655 1702 2695 est
1722 2652 1949 2710 quoddam

170 2718 403 2778 hospitalis
435 2735 579 2780 genus
611 2725 729 2783 quod
762 2726 930 2772 dicitur
965 2730 1323 2786 xenodochium,
1349 2732 1421 2775 ubi
1457 2733 1681 2791 peregrini
1716 2735 1855 2791 gratis
1885 2749 1951 2779 re·

168 2802 418 2861 cipiuntur,
456 2806 564 2851 item
604 2811 938 2866 nosocomium,
976 2812 1019 2856 in
1054 2827 1143 2872 quo
1176 2814 1347 2872 aegroti
1394 2821 1631 2860 curantur.
1684 2818 1949 2875 Brc‘photro-

169 2885 326 2943 phium
367 2893 523 2934 autem
557 2895 626 2936 est
659 2893 785 2938 locus
819 2894 895 2938 ubi
931 2895 1134 2940 infantes
1175 2897 1363 2942 aluntur
1403 2902 1448 2943 et
1481 2899 1759 2956 educantur,
1796 2915 1949 2959 proco-

167 2970 398 3029 trophium
433 2971 602 3018 dicitur
636 2974 778 3031 locus,
815 2976 861 3021 in
895 2992 984 3037 quo
1018 2993 1238 3038 pauperes
1270 2981 1473 3037 aluntur,
1508 2983 1947 3043 orphanotrophium

165 3052 241 3096 ubi
275 3054 466 3114 orphani
500 3057 802 3117 recipiuntur,
840 3065 928 3106 etc.
