2176 3386
617 231 967 261 SUPPLEMENTUM
997 230 1274 266 QUORUMDAM
1303 231 1674 262 DocuMENTonum
1959 224 2039 264 323

1074 473 1215 525 XIII.

895 615 973 668 De
1014 614 1389 670 MatrimoniO.

372 761 403 801 I.
444 777 463 797 u
491 762 539 802 ln
574 756 805 816 rescriptis
837 757 1233 815 dispensationum
1285 758 1697 804 matrimonialium
1747 774 1852 805 eum
1898 775 2033 807 causa

251 840 525 895 insamante,
562 842 602 884 S.
642 839 1016 894 Poenitentiaria,
1052 840 1307 898 suppressis
1345 842 1580 886 clausulis:
1635 844 1885 887 Interdieco
1928 859 2033 903 qao·

250 937 445 982 eumque
476 929 644 977 tractu,
683 930 724 967 ec
756 923 958 969 exhibita
1001 923 1092 981 fide
1120 930 1343 980 peractae
1379 927 1745 971 sacramentalis
1790 926 2033 984 consessio-

251 1009 344 1061 nis,
381 1020 506 1051 nunc
540 1020 665 1050 more
701 1008 780 1065 Ap.
821 1007 1059 1062 Datariae,
1098 1006 1243 1052 utitur
1275 1008 1502 1052 clausula:
1553 1012 1754 1054 Praevia
1788 1016 2032 1054 oratoriim

245 1091 544 1146 separatione
576 1091 639 1135 ad
672 1096 851 1147 tempas
888 1091 1147 1136 ordinario
1194 1091 1474 1135 benevisum.
1528 1093 1583 1135 [ft
1623 1093 1745 1137 nulla
1794 1098 2033 1138 remaneat

247 1174 489 1219 haesitatio
522 1175 671 1233 quoad
706 1175 903 1232 praxim⁷
939 1175 1198 1234 quaesitum
1236 1176 1343 1220 fuit:
1394 1177 1431 1219 Ἰ.
1472 1178 1537 1220 An
1572 1177 1826 1222 conditioni
1862 1179 2030 1234 praeci-

248 1262 371 1302 tatae
394 1258 675 1302 sufficienter
697 1258 906 1313 satisfiat,
931 1258 964 1303 si
991 1263 1211 1315 oratores,
1239 1273 1318 1317 per
1354 1264 1533 1318 tempus
1555 1260 1612 1304 ab
1633 1260 1876 1305 Ordinario
1904 1275 2031 1318 prae·

246 1341 485 1398 scriptum,
521 1341 669 1400 quoad
705 1342 887 1386 thorum
921 1346 967 1386 et
990 1342 1322 1386 habitationem
1356 1343 1551 1401 separati
1588 1344 1920 1402 remanserint3
1959 1358 2032 1389 ve·

246 1438 350 1468 rum
384 1424 564 1483 aliquod
601 1429 774 1470 tractus
810 1425 1024 1470 honestos
1058 1425 1318 1481 habuerint,
1347 1440 1390 1470 v.
1418 1442 1481 1485 gr.
1506 1427 1717 1472 collocuti
1751 1442 1907 1473 seeum
1935 1430 2029 1473 sne-

248 1507 357 1561 rint,
394 1522 442 1552 se
475 1507 752 1564 inviserint,
788 1510 910 1553 etc.‘?
958 1510 997 1554 2.
1031 1509 1146 1562 Quid
1180 1510 1214 1554 si
1250 1510 1372 1555 inter
1405 1510 1695 1556 visitationes
1727 1517 1772 1556 et
1805 1512 2028 1571 colloquia

248 1590 506 1648 praedicta,
542 1596 716 1636 tractus
749 1591 952 1649 graviter
1000 1592 1293 1648 inhonestos,
1330 1607 1421 1637 non
1457 1597 1614 1638 tamen
1659 1593 1914 1650 incestum,
1952 1596 2029 1639 ha-

244 1673 463 1718 buerint?
510 1675 550 1718 5.
590 1676 751 1719 Utrum
785 1675 842 1719 ab
874 1675 1153 1732 iniungenda
1188 1677 1476 1735 separatione
1509 1678 1741 1722 abstinere
1776 1678 1915 1736 possit
1946 1682 2027 1723 Or-

243 1757 463 1813 dinarius,
499 1758 535 1802 si
567 1758 659 1803 iam
694 1764 874 1803 constet
907 1764 1112 1804 oratores
1146 1760 1190 1804 in
1225 1760 1496 1818 respectivis
1529 1766 1773 1820 parentum
1797 1762 2024 1818 domibus,

244 1846 294 1883 ut
328 1841 574 1899 plurimum
608 1842 665 1886 ab
700 1841 899 1886 invicem
947 1856 1037 1887 non
1073 1858 1234 1901 parum
1284 1843 1585 1900 distantibus,
1622 1850 1855 1903 separatos
1902 1845 2027 1890 habi-

245 1929 358 1979 tare,
393 1930 439 1969 et
474 1939 613 1984 usque
648 1926 702 1969 ad
735 1925 856 1970 diem
902 1926 1185 1971 matrimonii
1225 1926 1544 1972 habitaturos?
1592 1932 1632 1972 S.
1671 1928 1867 1983 Poenit.,
1904 1930 1930 1973 4
1964 1930 2025 1974 fe·

243 2010 395 2052 bruar.
435 2007 564 2063 1884,
599 2021 736 2065 resp:
778 2030 795 2048 a
826 2009 887 2053 Ad
926 2010 975 2053 1¹¹¹
1008 2014 1054 2054 et
1087 2010 1158 2064 2¹¹¹,
1195 2016 1395 2066 tractas,
1432 2012 1488 2055 de
1520 2013 1683 2070 qaibas
1723 2015 1774 2056 in
1814 2013 2027 2069 precibus

242 2105 337 2135 non
371 2093 549 2137 obstare
585 2096 834 2152 quominus
867 2097 1144 2151 rescriptum
1187 2095 1549 2152 dispensationis
1590 2100 1850 2141 executioni
1891 2111 2024 2142 man-

241 2174 403 2230 detar‚·
438 2175 491 2220 ad
527 2177 597 2231 5¹⁶,
635 2180 849 2235 neyative
874 2197 913 2222 n.

363 2431 413 2472 ll.
454 2428 658 2473 Vicarius
691 2428 915 2486 generalis
949 2430 1032 2474 loci
1069 2434 1122 2474 N.
1161 2433 1323 2475 Sacrae
1358 2432 1745 2478 Poenitentiariae
1788 2435 2023 2482 humiliter

240 2511 473 2569 exposuit:
513 2532 531 2551 a
557 2526 888 2571 saepenumero
921 2513 1189 2571 contingere
1225 2519 1273 2558 ut
1307 2514 1353 2559 in
1389 2515 1619 2574 rescriptis
1651 2519 1693 2561 S.
1726 2518 1896 2563 Poenit.
1931 2519 2018 2564 dis-

239 2594 531 2651 pensationes
556 2595 918 2641 matrimoniales
945 2597 1260 2655 spectantibus
1285 2598 1615 2656 praecipiatur:
1658 2602 1828 2645 Gravis
1854 2609 1894 2646 ec
1922 2604 2019 2647 lon·

237 2690 315 2732 qa,
354 2677 424 2720 vel
456 2677 690 2723 diuturna
733 2681 1047 2735 poenitenlia;
1098 2693 1196 2725 esse
1241 2684 1396 2725 autem
1441 2686 1653 2727 auctores
1689 2698 1884 2742 quorum
1919 2699 2019 2730 sen—

238 2759 381 2804 tentia
416 2763 624 2805 recitatio
656 2774 856 2807 coronae
877 2763 1079 2819 sinyalis
1101 2762 1461 2808 hebdomadibus
1489 2779 1577 2822 per
1606 2779 1806 2821 annam,
1836 2775 1899 2812 est
1917 2783 2020 2826 poe-

236 2845 436 2887 nitentia
468 2846 630 2901 pravis
651 2851 692 2888 et
714 2845 857 2902 lonqa
885 2864 922 2889 v.
976 2845 1091 2890 Hinc
1122 2847 1373 2905 quaesivit:
1427 2849 1587 2893 Utrum
1630 2849 1900 2895 Ordinarius
1940 2865 2020 2909 pro

236 2927 558 2973 adiunctorum
594 2929 817 2974 varietate
852 2929 1109 2974 huiusmodi
1162 2932 1471 2989 poenitentiae
1520 2938 1700 2991 tempus
1743 2935 2019 2979 contrahere

237 3012 400 3070 possit;
441 3027 500 3057 an
535 3027 646 3058 vero
679 3013 733 3057 ad
768 3027 968 3071 unguem
1002 3027 1050 3059 se
1083 3028 1240 3071 gerere
1273 3015 1438 3060 debeat
1471 3016 1599 3061 iuxta
1634 3017 1826 3062 relatam
1861 3022 2017 3062 aucto-

235 3108 337 3140 rum
369 3095 686 3141 sententiam?
718 3099 760 3141 S.
791 3095 1165 3151 poenitentiaria,
1201 3097 1255 3142 ad
1292 3097 1572 3156 propositum
1596 3098 1804 3155 dubium,
1831 3112 2017 3157 respon-
