2176 3386
58 3144 71 3180 i

59 3194 69 3208 l

0 3211 106 3386 't

773 237 906 275 Lmen
931 238 956 266 1.
991 237 1048 266 DE
1077 236 1274 266 CLERICIS
1838 226 1920 267 209

132 360 238 392 nem
271 359 296 390 a
333 344 601 391 Rectoribus
624 344 912 390 missionum.
948 344 1151 389 Omnino
1174 343 1444 402 prohibendi
1467 344 1728 390 sacerdotes
1757 359 1815 389 ne
1838 359 1918 390 no·

131 430 256 476 mine
289 442 399 475 suae
431 428 799 487 congregationis
831 427 1073 473 ecclesiam
1106 441 1236 473 suam
1271 442 1375 472 aere
1408 427 1559 472 alieno
1591 432 1787 486 gravent
1819 428 1917 473 sine

130 526 344 571 expressa
378 516 425 556 et
458 511 504 556 in
538 512 719 570 scriptis
750 515 939 556 exarata
975 510 1159 556 licentia
1201 510 1451 564 ordinarii,
1495 510 1630 569 idque
1674 510 1750 555 ubi
1793 525 1917 557 com-

132 596 359 650 miserint,
397 609 478 654 pro
513 595 575 639 rei
610 597 856 653 gravitate,
891 594 1087 640 servatis
1117 595 1374 650 servandis,
1399 595 1457 640 ab
1482 595 1700 654 Episcopo
1723 595 1917 653 punian-

133 685 220 725 tur.
260 684 446 725 Moneat
477 684 633 744 autem
671 679 916 737 Episcopus
948 679 1209 723 sacerdotes
1242 692 1300 723 ne
1350 678 1536 723 maioris
1583 678 1808 723 momenti
1842 679 1917 723 de—

130 764 222 809 bita
257 763 535 808 contrahant
569 763 757 807 nomine
791 762 931 806 etiam
967 761 1163 819 proprio,
1199 775 1253 806 ac
1286 761 1534 806 efficaciter
1566 761 1823 819 provideat,
1860 775 1918 805 ne

129 845 349 892 ecclesiae
383 860 488 890 aere
523 846 672 890 alieno
705 844 1054 902 obstringamur
1085 851 1128 889 et
1182 851 1231 888 ut
1280 844 1515 889 securitati
1562 845 1845 899 consulatur,
1881 844 1917 889 si

130 932 247 975 forte
281 930 539 974 sacerdotes
572 929 885 988 dent-aliquid
919 929 1068 974 mutui
1102 929 1195 973 suis
1228 929 1447 973 ecclesiis.
1510 928 1713 987 Denique
1746 928 1918 986 praeci«

132 1014 258 1073 piant
294 1013 498 1072 Episcopi
535 1018 584 1058 ut
626 1013 805 1073 quoties
852 1013 1064 1058 sacerdos
1108 1013 1442 1071 possessionem
1491 1011 1681 1070 suscipit
1725 1011 1918 1056 alicuius

131 1096 375 1150 missionis,
413 1096 728 1141 inventarium
763 1096 995 1153 redigatur
1027 1097 1251 1141 bonorum
1288 1096 1520 1156 missionis
1552 1101 1598 1141 et
1638 1096 1694 1141 ad
1738 1096 1916 1141 curiam

128 1180 430 1239 episcopalem
477 1180 702 1235 mittatur,
754 1185 803 1222 ut
837 1178 1068 1224 missionis
1116 1179 1233 1223 bona
1288 1193 1543 1238 numquam
1595 1179 1776 1224 misceri
1810 1194 1916 1225 cum

131 1264 336 1310 Rectoris
368 1263 499 1308 bonis
532 1264 787 1320 contingat.

247 1347 348 1392 268.
386 1347 450 1391 Ad
489 1347 604 1391 bona
645 1361 756 1391 vero
789 1348 993 1391 locorum
1029 1352 1075 1391 ct
1107 1361 1297 1405 operum
1334 1348 1511 1405 piorum
1550 1347 1916 1392 administranda

129 1431 299 1476 efficiat
336 1431 581 1490 Episcopus
604 1437 654 1474 nt
677 1431 906 1489 eligantur
940 1430 1083 1489 probi,
1112 1431 1360 1488 prudentes
1383 1444 1435 1475 ac
1460 1430 1672 1475 industrii
1699 1431 1803 1487 viri,
1839 1430 1917 1491 qui

129 1514 578 1560 administrationem
604 1528 695 1558 non
721 1514 1054 1572 ingrediantur,
1082 1514 1167 1558 nisi
1195 1514 1318 1571 prius
1340 1513 1495 1558 iurent
1516 1528 1563 1559 se
1584 1528 1754 1559 munus
1777 1515 1916 1560 [ideli-

130 1603 200 1644 ter
230 1600 635 1645 administraturos
667 1603 805 1658 atque
840 1598 886 1643 in
922 1598 1012 1643 fine
1046 1598 1156 1643 anni
1192 1598 1420 1642 rationem
1447 1598 1703 1644 reddituros
1728 1600 1756 1643 ¹.
1795 1600 1918 1643 Sciat

131 1683 316 1741 insuper
348 1684 648 1741 pecuniarum
683 1695 887 1726 summas
920 1695 1234 1741 quascumque
1269 1687 1430 1727 mutuo
1462 1683 1587 1737 dare,
1624 1684 1695 1727 vel
1736 1683 1822 1727 illis
1860 1683 1916 1727 ad

130 1765 360 1823 proprium
395 1765 688 1809 commodum
724 1764 806 1820 uti,
843 1764 1022 1810 etiamsi
1056 1764 1321 1823 aliquandiu
1355 1765 1448 1809 sint
1481 1766 1670 1821 otiosae,
1720 1766 1914 1810 admini-

129 1847 400 1892 stratoribus
432 1846 611 1905 piorum
646 1847 851 1892 locorum
878 1847 1075 1892 vetitum
1110 1862 1207 1893 esse
1242 1847 1287 1891 in
1311 1851 1418 1906 Cap.
1450 1850 1559 1892 Cam
1585 1849 1718 1893 laicis
1741 1849 1794 1893 de
1820 1850 1910 1894 reb.

131 1930 248 1974 Eccl.
274 1943 366 1974 non
401 1929 537 1974 alien.
574 1934 699 1984 Quae
735 1943 845 1974 vero
878 1931 1072 1988 pecunia
1107 1944 1199 1975 non
1235 1930 1379 1975 otiosa
1415 1930 1713 1986 relinquenda
1747 1936 1815 1976 est
1837 1932 1916 1977 sed

129 2012 410 2070 occupanda,
446 2026 498 2056 ea
531 2027 670 2072 quam
704 2013 934 2057 tutissime
967 2013 1224 2071 deponatur
1255 2015 1478 2073 deturque
1512 2028 1648 2072 opera
1683 2019 1732 2059 ut
1759 2029 1915 2060 emen·

128 2094 196 2140 dis
228 2095 359 2140 bonis
391 2095 644 2152 stabilibus,
681 2096 818 2141 certis
851 2098 1064 2142 censibus
1095 2098 1285 2158 aliisque
1320 2100 1466 2144 modis
1487 2106 1740 2158 occupetur
1763 2102 1794 2145 ².
1835 2107 1915 2147 De-

130 2178 268 2237 nique
300 2185 466 2224 caveat
501 2182 746 2239 Episcopus
781 2195 837 2224 ne
874 2181 1280 2228 Administratores
1327 2184 1531 2228 locorum
1582 2185 1760 2241 piorum
1796 2186 1913 2231 bona

130 2266 176 2306 et
207 2262 409 2307 redditus
442 2263 643 2322 ipsorum
679 2265 724 2310 in
758 2265 870 2310 alios
903 2280 1012 2311 usus
1046 2271 1227 2324 praeter
1259 2281 1336 2311 eos
1369 2267 1445 2327 qui
1470 2283 1494 2313 a
1518 2270 1816 2315 testatoribus
1840 2271 1915 2315 vel

132 2346 447 2392 fundatoribus
481 2349 669 2392 fuerunt
702 2350 966 2408 praescripti
1001 2355 1298 2406 convertant,
1334 2351 1419 2396 sub
1450 2352 1607 2409 poenis
1629 2367 1653 2397 a
1678 2354 1818 2399 sacris
1841 2369 1913 2399 ca-

131 2429 326 2475 nonibus
358 2436 403 2476 et
435 2435 570 2477 Conc.
609 2432 726 2477 Trid.
762 2433 931 2478 taxatis
954 2433 987 2489 ³,
1024 2448 1172 2493 neque
1205 2435 1457 2479 conniveat
1490 2436 1628 2480 nimis
1651 2435 1697 2480 in
1721 2438 1913 2492 sumpti-

130 2513 212 2557 bus
242 2527 355 2572 quos
388 2514 542 2560 minus
573 2516 856 2561 necessarios
899 2517 1096 2562 noverit.
1146 2518 1363 2577 Episcopo
1406 2519 1666 2564 subduntur
1701 2521 1799 2566 loca
1840 2521 1912 2580 pia

129 2594 388 2642 dioeceseos
424 2597 522 2643 sive
560 2603 711 2668 erecta
756 2600 930 2644 fuerint
971 2614 1078 2646 cum
1116 2602 1393 2646 auctoritate
1439 2602 1670 2661 Episcopi,
1705 2618 1911 2663 quaeque

132 2677 336 2736 religiosa
373 2694 398 2724 a
438 2681 671 2727 nonnullis
716 2683 956 2740 (licuntur,
993 2684 1091 2729 sive
1122 2685 1292 2744 absque
1325 2687 1423 2730 cius
1456 2687 1748 2732 auctoritate.
1795 2693 1911 2733 Loca

131 2761 335 2820 religiosa
374 2765 585 2822 potestati
623 2766 824 2826 Episcopi
860 2768 1119 2812 subduntur
1152 2769 1198 2813 in
1233 2769 1362 2814 cuius
1399 2770 1631 2815 territorio
1666 2776 1913 2816 versantur

249 2940 257 2960 ¹
286 2942 462 2980 Clement.
490 2945 584 2988 Quia
609 2946 780 2992 continyz't
806 2946 849 2982 de
879 2946 982 2992 relig.
1009 2947 1159 2990 domib.‚
1187 2952 1201 2988 5
1232 2948 1276 2984 Ut
1302 2951 1436 2984 autem.

248 3012 260 3031 ²
287 3013 322 3050 S.
348 3014 437 3052 Pius
464 3015 507 3051 V.
532 3015 656 3053 Const.
682 3017 773 3054 Cum
795 3019 971 3064 primum.

249 3085 262 3105 ⁸
288 3087 385 3124 Sess.
411 3089 528 3132 XXII,
554 3099 632 3136 cap.
660 3091 723 3134 XI,
750 3091 794 3127 de
815 3092 973 3129 Reform.

253 3157 566 3192 erELu—Soussm.
1746 3165 1785 3196 14
