2176 3386
255 170 332 210 176
896 181 1006 210 PARS
1035 181 1060 210 1.
1095 181 1152 210 DE
1180 181 1392 211 Pnnsoms
1463 178 1467 179 ’

255 286 441 334 nicandi
474 287 791 345 subdelegatas
813 287 1055 332 facultates
1076 286 1243 333 ceteris
1265 287 1565 332 missionariis
1589 289 1619 332 ¹.
1645 275 1935 347 Oportunum
1963 295 2034 336 est

253 374 409 415 autem
444 373 496 414 ut
528 369 830 415 missionariis
862 370 910 414 in
943 369 1124 427 scriptis
1158 370 1399 414 facultates
1431 370 1837 416 communicentur
1858 372 1892 418 ².
1935 375 2032 419 Imo

254 452 527 512 rescriptum
561 457 631 498 est
661 453 782 512 quod
816 453 900 497 bae
934 453 1176 498 facultates
1199 452 1532 498 communicari
1554 457 1743 511 possunt
1760 453 1900 499 etiam
1925 455 2031 501 mis-

255 535 467 581 sionariis
498 535 575 595 qui
609 541 792 593 tempus
823 535 1132 579 constitutum
1166 547 1275 579 suae
1309 533 1539 579 missionis
1571 535 1878 594 expleverint,
1903 536 2030 581 dum-

255 618 389 663 modo
425 622 647 663 maneant
680 618 725 662 in
761 617 978 662 missione
1014 617 1043 660 ³.

343 703 444 746 250.
473 705 521 747 [Ι.
558 704 623 746 De
655 703 970 745 Renovatz'one
1005 700 1317 745 Facultatum.
1351 727 1408 732 —
1443 700 1730 758 Rescriptum
1757 705 1827 745 est
1851 702 1890 759 1)
1913 701 2032 761 quod

255 800 346 830 non
383 789 671 830 renovantur
703 785 945 829 facultates
979 783 1066 828 nisi
1101 783 1317 828 exhibitis
1341 783 1605 828 novissimis
1628 783 1831 829 Decretis
1853 798 2032 829 eorum·

253 869 356 913 dem
381 867 691 913 concessionis
713 868 744 911 ¹⁴.
773 867 1027 926 Aliquando
1052 870 1207 910 tamen
1233 866 1329 924 ipso
1353 865 1449 911 iure
1470 871 1756 911 renovantur
1772 867 2029 923 facultates,

252 951 431 1011 quoties
463 951 637 996 scilicet
669 951 839 1010 absque
872 950 1004 1007 culpa
1039 949 1315 994 missionarii
1347 949 1424 1008 qui
1459 953 1664 1007 tempore
1686 954 1943 1007 opportuno
1965 964 2032 994 re—

254 1037 554 1081 novationem
589 1034 736 1093 petiit,
771 1033 989 1092 antiquae
1027 1033 1268 1077 facultates
1301 1037 1603 1077 cessaverunt
1635 1047 1675 1076 e.
1698 1047 1738 1090 g.
1766 1032 1823 1077 oh
1855 1031 2031 1091 lapsum

253 1118 473 1181 temporis
504 1118 615 1177 quin
651 1131 800 1162 novae
833 1116 1053 1161 obtentae
1085 1115 1193 1160 sint.
1245 1119 1341 1160 Hoc
1383 1115 1508 1159 enim
1549 1115 1594 1159 in
1639 1128 1747 1159 casu
1791 1116 2033 1160 facultates

253 1202 554 1248 confirmatae
587 1201 909 1258 intelliguntur
945 1200 972 1244 ⁵.
1008 1204 1103 1244 Imo
1136 1211 1349 1257 expresse
1372 1199 1657 1243 declaratum
1681 1199 1890 1256 estquod
1913 1202 2032 1256 post-

251 1300 445 1345 eaquam
483 1284 640 1343 petitio
674 1284 991 1329 renovationis
1024 1284 1146 1327 facta
1179 1287 1266 1338 est,
1303 1282 1548 1326 facultates
1582 1285 1832 1326 renovatae
1866 1280 2032 1325 intelli-

253 1373 435 1428 guntur.
471 1374 593 1413 Haec
628 1367 869 1412 renovatio
902 1365 1199 1424 intelligenda
1234 1369 1319 1420 est,
1356 1369 1455 1409 tum
1494 1364 1643 1424 quoad
1685 1364 1927 1409 facultates
1959 1378 2028 1409 or-

252 1453 470 1508 dinarias,
506 1456 606 1496 tum
639 1452 786 1510 quoad
821 1449 1228 1495 extraordinarias.
1269 1453 1456 1507 Insuper
1488 1448 1730 1492 renovatio
1764 1446 2034 1504 intelligitur

255 1538 374 1580 facta
409 1550 487 1594 pro
521 1536 682 1580 eodem
716 1549 912 1579 numero
946 1547 1135 1579 casuum
1163 1533 1194 1577 ὃ.

340 1621 443 1666 251.
468 1623 539 1664 111.
566 1622 631 1662 De
661 1621 750 1662 Usu
775 1618 1076 1662 Facultatum
1102 1617 1457 1660 Formularmn.
1486 1614 1527 1660 Si
1553 1614 1598 1658 in
1625 1613 1847 1658 Formulis
1871 1612 2025 1658 Facul-

254 1708 401 1747 tatum
427 1703 624 1761 positum
649 1703 707 1746 sit
731 1707 781 1746 ut
803 1702 929 1746 nullo
954 1701 1088 1746 modo
1113 1700 1177 1744 uti
1197 1699 1339 1758 possit
1360 1703 1491 1743 extra
1517 1698 1632 1743 fines
1653 1711 1762 1742 suae
1787 1696 2029 1752 Dioecesis‚

253 1786 338 1831 hoc
372 1791 441 1831 est
474 1786 535 1830 ita
570 1785 921 1842 intelligendum
956 1788 1007 1828 ut
1039 1784 1283 1828 facultates
1316 1781 1520 1827 exerceri
1558 1780 1732 1839 possint
1754 1794 1859 1824 cum
1883 1779 2032 1824 subdi·

254 1871 312 1915 tis
346 1871 391 1914 in
425 1870 619 1914 dioecesi
653 1867 961 1913 existentibus
993 1870 1102 1912 actu
1134 1880 1224 1925 quo
1259 1864 1526 1910 conceditur
1558 1863 1718 1922 gratia.
1756 1868 1878 1908 Haec
1911 1863 2031 1907 clau·

252 1955 348 1999 sula
383 1968 474 1998 non
510 1952 869 2009 subintelligitur
892 1950 978 1995 nisi
1012 1963 1229 2013 expressa
1259 1949 1319 1993 sit
1342 1948 1415 1993 vel
1438 1948 1571 1992 aliter
1593 1951 1777 1992 constet
1798 1946 1853 1990 de
1878 1948 2033 1990 mente

253 2037 430 2081 Summi
466 2036 699 2081 Pontificis
732 2035 806 2079 vel
839 2034 924 2079 nisi
959 2033 1164 2078 subiecta
1202 2032 1395 2076 materia
1428 2031 1551 2075 illam
1585 2030 1741 2088 exigat
1762 2031 1792 2074 ⁷.
1832 2032 1925 2074 Nec
1957 2027 2032 2073 ob·

251 2124 343 2165 stat
374 2121 493 2179 quod
530 2120 775 2177 Episcopus
806 2123 913 2163 actu
947 2131 1036 2176 quo
1069 2117 1304 2175 dispensat
1338 2115 1396 2160 sit
1428 2118 1560 2159 extra
1603 2112 1866 2167 dioecesim,
1902 2111 2032 2156 dum-

253 2204 387 2249 modo
422 2204 467 2247 in
500 2202 696 2248 dioecesi
731 2201 883 2246 adsint
915 2200 1083 2246 subditi
1117 2199 1194 2259 qui
1228 2196 1604 2257 dispensantur⁸.
1647 2201 1759 2241 Cum
1795 2194 2031 2239 missiona-

253 2286 306 2330 rii
341 2285 388 2330 in
422 2300 589 2344 genere
623 2285 866 2330 missiones
899 2283 1104 2342 proprias
1139 2294 1299 2327 versus
1331 2282 1418 2325 iter
1450 2285 1593 2338 agunt
1618 2279 1690 2323 vel
1714 2282 2029 2331 revertuntur,

252 2374 443 2428 possunt
476 2368 522 2413 in
555 2368 664 2413 locis
698 2382 776 2426 per
807 2380 921 2426 quos
953 2369 1199 2410 transeunt
1231 2368 1523 2409 sacramenta
1556 2362 1878 2407 administrare
1902 2373 2030 2418 paro·

373 2536 382 2554 ¹
411 2535 559 2572 Collect.
586 2545 620 2572 n.
649 2534 727 2576 155,
757 2533 837 2570 155.

373 2607 386 2625 ²
412 2607 560 2643 Collect.
587 2615 622 2641 n.
652 2605 730 2641 157.

372 2679 385 2697 ³
412 2678 558 2715 Collect.
586 2687 621 2714 n.
651 2677 729 2713 147.

371 2749 384 2769 a
410 2749 556 2786 Collect.
586 2759 620 2785 n.
650 2748 727 2784 144.

372 2821 384 2841 ⁶
411 2821 563 2858 Collect.
588 2830 622 2856 n.
653 2819 730 2856 148.

371 2893 385 2914 ⁶
412 2894 561 2931 Collect.
588 2903 622 2929 n.
652 2891 730 2929 154.

372 2966 385 2985 ⁷
411 2965 560 3002 Collect.
587 2974 623 3001 n.
652 2963 731 3000 176.

371 3038 385 3058 ⁸
411 3037 557 3074 Collecl,
584 3046 620 3072 n.
649 3035 727 3073 158.

2150 1877 2176 1989 {T

2143 1993 2176 2180 ξ
