2176 3386
771 194 900 224 Lmen
927 196 951 224 1.
987 196 1043 223 DE
1073 195 1268 225 CLEmcls
1833 188 1910 227 281

126 302 306 347 terdum
341 301 616 348 sacrificium
651 303 815 348 offerre
849 307 899 347 ut
932 304 1145 362 respiciat
1179 308 1298 349 Deus
1331 305 1549 353 miseram
1593 305 1819 352 Ecclesiae
1862 307 1912 351 il-

126 383 212 429 lius
243 384 577 441 conditionem,
613 385 743 430 cuius
775 386 909 430 titulo
941 390 988 430 et
1022 386 1210 432 nomine
1245 387 1327 446 ipsi
1362 388 1718 433 honestantur¹.
1756 392 1912 449 Neque

124 470 345 512 tenentur
375 471 514 513 one're
548 468 829 514 visitationis
862 482 1099 514 sacrorum
1135 470 1367 526 liminum,
1405 485 1554 531 neque
1589 472 1825 529 petitionis
1866 478 1914 518 et

124 564 233 595 usus
267 549 408 607 Pallii,
442 550 479 595 si
512 552 944 610 archiepiscopalem
982 553 1166 598 titulum
1201 554 1415 599 habeant.

247 638 381 679 Porro
415 649 519 680 cum
553 649 687 693 saepe
720 636 994 694 contingant
1027 641 1077 680 ut
1113 637 1357 695 Episcopus
1389 638 1602 684 'titularis
1635 639 1694 684 sit
1725 640 1913 685 alterius

126 717 331 775 Episcopi
367 719 688 777 Suffraganeus
722 719 792 763 vel
836 719 1095 764 canonicus
1139 719 1186 764 in
1229 720 1380 779 aliqua
1424 720 1702 777 cathedrali,
1747 736 1913 780 operae

126 802 323 860 pretium
358 807 427 846 est
460 802 684 860 inspicere
717 816 944 859 quaenam
973 804 1321 861 praerogativae
1349 803 1567 862 Episcopo
1591 804 1780 849 'l'itulari
1804 805 1912 850 talia

124 885 298 943 gerenti
334 899 523 929 munera
549 890 830 943 competant.

245 972 390 1028 Atque
424 968 476 1012 ad
514 983 682 1013 munus
716 969 997 1027 Suffraganei
1032 970 1152 1028 quod
1186 970 1373 1025 attinet,
1402 971 1656 1015 notandum
1681 970 1726 1015 in
1753 972 1914 1030 primis

123 1058 192 1097 est
226 1052 553 1110 assignandum
587 1066 684 1097 esse
718 1052 780 1096 illi
814 1067 1023 1097 annuum
1060 1066 1250 1097 censum
1293 1068 1383 1113 quo
1427 1054 1619 1099 honeste
1660 1055 1911 1101 sustentari

122 1135 309 1194 queat2.
348 1135 500 1179 Talem
535 1138 690 1179 autem
724 1148 913 1179 censum
949 1135 1097 1179 eidem
1132 1135 1284 1180 deberi
1319 1141 1548 1195 quatenus
1579 1136 1804 1182 inserviat
1838 1139 1911 1183 de-

122 1219 316 1264 claravit
335 1221 376 1263 S.
398 1222 560 1276 Congr,
583 1222 719 1263 Cone.
747 1220 791 1263 ll
818 1223 915 1263 lun.
940 1220 1066 1264 1592.
1104 1223 1295 1278 Insuper
1321 1220 1565 1279 Episcopus
1595 1222 1914 1280 suffraganeus

124 1301 307 1346 nonnisi
342 1302 396 1346 ‹le
430 1315 646 1359 expresso
669 1315 895 1347 consensu
931 1307 976 1346 et
1009 1302 1194 1347 licentia
1224 1302 1429 1361 Episcopi
1455 1310 1603 1362 potest
1634 1305 1911 1362 pontificalia

122 1387 267 1431 officia
303 1386 348 1430 in
383 1386 576 1430 dioecesi
612 1390 658 1430 et
689 1386 881 1431 onitate
915 1401 1132 1431 exercere
1157 1387 1186 1431 ³.
1226 1386 1344 1432 Hinc
1377 1389 1482 1432 sede
1517 1394 1716 1435 vacante
1749 1396 1795 1434 et
1833 1395 1910 1437 Ca—

124 1469 265 1528 pitulo
300 1470 404 1514 licet
437 1485 527 1514 non
564 1470 928 1525 contradicente,
967 1485 1059 1515 non
1094 1476 1246 1529 posset
1279 1473 1437 1516 eadem
1476 1473 1753 1530 pontificalia
1782 1489 1911 1520 exer-

122 1568 225 1599 cere
248 1554 275 1598 ².
313 1554 353 1597 Si
390 1553 571 1612 quando
609 1553 852 1611 Episcopus
885 1554 1202 1612 suffraganeus
1237 1554 1377 1599 choro
1412 1555 1609 1611 intersit,
1635 1557 1793 1602 sedere
1819 1573 1910 1603 non

121 1638 255 1682 debet
289 1638 333 1681 in
368 1637 472 1681 sede
504 1637 748 1695 episcopali
769 1637 799 1681 5.
842 1637 996 1681 Eidem
1038 1637 1093 1681 ad
1134 1638 1375 1683 ecclesiam
1423 1639 1629 1685 venienti
1677 1655 1756 1699 pro
1796 1642 1910 1686 cele-

122 1720 307 1765 brandis
342 1720 676 1777 pontificalibus
711 1735 802 1764 non
841 1724 1059 1765 tenentur
1092 1721 1308 1766 Canonici
1345 1722 1530 1768 obviam
1566 1723 1631 1768 ire
1670 1737 1814 1784 usque
1856 1726 1911 1770 ad

121 1804 402 1858 cubiculum,
438 1805 515 1848 scd
559 1804 669 1849 satis
711 1808 780 1849 est
821 1805 939 1863 quod
986 1804 1122 1864 aliqui
1169 1806 1380 1850 canonici
1425 1806 1610 1851 obviam
1662 1811 1913 1866 procedant

121 1901 263 1947 usque
296 1887 350 1932 ad
387 1891 564 1946 portam
603 1871 825 1933 Ecclesiae
846 1888 877 1932 ⁶.
918 1892 966 1932 ln
1003 1888 1096 1947 ipso
1120 1893 1224 1933 actu
1253 1889 1531 1947 pontilicalia
1556 1892 1800 1936 exercendi
1832 1906 1910 1937 no-

122 1970 245 2015 mine
282 1970 484 2028 Episcopi
518 1970 795 2026 dioecesani,
842 1985 914 2015 ex.
954 1986 1018 2028 gr.
1057 1974 1101 2016 in
1146 1985 1274 2016 sacra
1318 1972 1643 2028 ordinatione,
1690 1974 1909 2019 Canon1ci

120 2055 288 2100 debent
319 2055 529 2100 assistere
563 2055 607 2099 in
645 2057 801 2100 habitu
835 2060 990 2100 tamen
1026 2057 1257 2102 ordinario
1290 2058 1566 2113 canonicali,
1592 2060 1798 2117 exceptis
1823 2060 1910 2104 illis

120 2139 197 2198 qui
230 2138 357 2184 iuxta
393 2140 714 2184 necessitatem
749 2139 882 2185 officii
917 2141 1086 2185 debent
1109 2146 1378 2199 paramenta
1403 2142 1612 2200 accipere
1638 2144 1650 2165 ⁷
1687 2143 1909 2215 ‘Suffraga-

122 2235 235 2267 neus
267 2222 535 2267 solemniter
567 2223 804 2268 celebrans
838 2238 929 2268 non
965 2224 1100 2268 debet
1132 2225 1289 2269 sedere
1324 2224 1408 2269 nisi
1450 2227 1494 2270 in
1530 2225 1819 2282 faldistorio,
1865 2231 1911 2271 et

119 2307 333 2365 quamvis
366 2311 545 2363 praeter
576 2306 823 2351 diaconum
858 2311 904 2351 et
936 2306 1268 2357 subdiaconum
1305 2308 1469 2352 debeat
1515 2309 1682 2354 habere
1721 2309 1910 2354 canoni-

122 2403 227 2433 cum
261 2389 553 2434 assistentem
591 2404 670 2448 pro
703 2389 832 2445 libro,
870 2404 961 2434 non
1001 2391 1136 2435 debet
1178 2395 1334 2435 tamen
1385 2391 1553 2436 habere
1597 2392 1908 2437 assistentiam

121 2473 313 2519 duorum
350 2473 700 2528 canonicorum,
736 2473 855 2518 sicut
888 2475 1078 2519 haberet
1111 2475 1322 2533 proprius
1359 2476 1629 2535 Episcopus;
1682 2491 1767 2521 nec
1802 2477 1908 2535 poni

241 2628 249 2647 ¹
279 2629 351 2665 Leo
379 2629 466 2664 XIIl
493 2628 616 2665 Const.
643 2628 685 2664 Ιη
711 2639 883 2676 suprema
910 2630 971 2666 IV.
1001 2630 1050 2666 Id.
1078 2630 1173 2667 Iunii
1203 2630 1305 2666 1882.

239 2699 252 2717 ²
279 2699 482 2736 FAGNAsus
510 2700 548 2735 in
572 2709 652 2745 cap.
679 2700 910 2747 Episcopalia
937 2701 981 2738 de
1010 2701 1128 2746 privil.

241 2769 253 2788 ³
279 2770 455 2807 BAnssosA
482 2771 566 2806 Coll.
600 2772 701 2808 Doct.
728 2772 766 2808 in
792 2772 901 2808 Conc.
930 2772 1026 2808 Trid.
1054 2773 1151 2810 Sess.
1179 2772 1241 2815 VI,
1269 2782 1348 2818 cap.
1375 2773 1419 2809 V.

239 2840 253 2860 ¹·
279 2841 452 2878 BARBosA
479 2841 502 2877 l.
529 2851 559 2878 c.

240 2911 253 2931 ³
279 2913 440 2949 Caerem.
467 2914 590 2960 Episc.
620 2924 699 2960 cap.
726 2915 782 2957 55;
811 2916 1022 2959 QuAnm‘rA
1050 2917 1085 2952 in
1115 2915 1232 2953 Addit.
1259 2916 1302 2953 V.
1331 2915 1497 2962 Archiep.

239 2983 253 3003 ⁸
278 2984 358 3021 Sac.
388 2986 456 3022 Rit.
482 2985 616 3032 congr.
643 2989 681 3023 in
706 2988 926 3025 Bracharen.
957 2987 973 3023 1
1002 2988 1101 3033 Sept.
1130 2987 1232 3024 1607.

239 3055 252 3075 ⁷
279 3057 453 3093 BARBOSA
478 3057 501 3093 l.
529 3068 560 3095 c.

555 3147 563 3179 ι’
