2176 3386
847 190 976 219 LlnER
1004 191 1028 219 1.
1065 190 1123 219 DE
1153 189 1349 219 CLER1C1s
1917 179 2000 220 359

210 299 423 353 naretur3
459 295 595 356 idque
626 297 682 341 ad
715 297 1088 355 praecavendum
1124 301 1221 341 tum
1258 296 1601 353 confusionem,
1651 299 1751 342 tum
1796 297 2002 355 privatas

206 377 589 437 conspirationes,
619 383 719 423 tum
751 378 950 438 denique
972 378 1324 424 deliberationes
1348 360 1575 437 inopinas,
1601 393 1720 439 quae
1744 380 2000 426 turbulenti

206 461 466 519 cuiuspiam
499 461 670 520 ingenii
703 461 963 521 eloquentia
999 462 1262 521 extorqueri
1297 463 1489 507 fortasse
1524 466 1723 519 possent.

331 548 384 589 ΙΙ.
423 545 488 590 Ad
523 558 755 603 personas,
793 545 908 590 idest
939 545 996 590 ad
1028 545 1254 601 ordinem,
1290 560 1380 605 quo
1404 545 1503 590 illas
1525 546 1683 592 sedere
1705 559 1758 590 ac
1780 546 2002 606 deinceps

204 626 497 672 subscribere
532 631 728 687 oportet,
765 626 841 687 qui
875 642 1009 686 porro
1042 627 1265 673 eiusmodi
1299 642 1398 674 esse
1430 628 1582 684 debet,
1624 632 1675 673 ut
1727 630 1764 685 1)
1802 630 1997 674 sedeant

211 711 366 768 Legati
404 710 598 756 Romani
624 710 871 768 Pontificis;
908 713 949 769 2)
977 711 1238 756 Cardinales
1263 713 1293 769 ²3
1320 713 1361 769 5)
1401 712 1708 769 patriarchae3
1741 713 1784 769 4)
1813 712 1999 757 Archie-

211 793 413 853 piscopi;
462 794 502 850 5)
543 794 748 853 Episcopi
797 795 950 839 habita
1002 795 1179 840 ratione
1212 797 1432 854 temporis
1482 795 1784 854 promotionis
1821 796 1877 840 ad
1916 799 1995 841 Ec·

205 877 373 923 clesias
402 877 432 922 ‘·'.

971 1044 1150 1088 CAPUT
1184 1047 1236 1088 ΙΙ.

485 1163 546 1199 DE
574 1161 805 1199 CONCILIIS
831 1162 1186 1200 NATIONALIBUS
1223 1163 1284 1200 AC
1312 1162 1726 1200 PROVINCIALIBUS.

331 1302 433 1346 454.
471 1305 581 1347 Cum
619 1302 751 1347 bodie
783 1302 914 1347 sileat
946 1303 1138 1348 omnino
1172 1303 1218 1347 in
1247 1303 1443 1348 Ecclesia
1468 1318 1577 1348 vera
1617 1302 1871 1348 iurisdictio
1911 1303 1997 1348 Pri-

211 1390 392 1430 matum
426 1385 502 1444 qui
534 1385 718 1430 nonnisi
753 1386 939 1431 honoris
971 1399 1107 1431 causa
1141 1386 1367 1441 existunt,
1396 1386 1456 1431 ita
1481 1387 1674 1432 concilia
1710 1401 1817 1432 vere
1846 1387 2000 1432 Natio-

215 1469 335 1514 nalia
369 1468 533 1528 quibus
568 1469 740 1514 Primas
773 1474 981 1527 praeerat
1004 1469 1201 1527 amplius
1224 1483 1317 1514 non
1342 1470 1649 1514 celebrantur.
1687 1470 1729 1514 Si
1754 1470 2002 1527 aliquando

214 1552 422 1610 Episcopi
458 1552 593 1597 unius
625 1552 826 1597 nationis
860 1552 905 1596 in
940 1552 1192 1598 Concilium
1233 1553 1559 1598 celebrandum
1593 1553 1895 1609 convenient,
1921 1567 1995 1598 eo-

212 1648 317 1679 rum
353 1634 598 1680 concilium
637 1636 820 1680 nonnisi
854 1635 1099 1694 improprie
1135 1635 1376 1681 Nationale
1411 1640 1722 1695 nuncupatur,
1748 1636 1880 1696 eique
1905 1650 1998 1681 non

215 1723 396 1776 praeest
422 1719 595 1763 Primas
627 1723 707 1763 aut
739 1718 1106 1777 archiepiscopus
1134 1718 1448 1765 iurisdictione
1474 1719 1652 1778 propria
1676 1720 1754 1764 sed
1778 1723 2001 1779 tanquam

219 1801 411 1846 Romani
448 1801 678 1847 pontificis
710 1802 955 1860 delegatus.
1009 1806 1075 1847 lta
1126 1802 1378 1848 Concilium
1431 1804 1619 1849 tertium
1670 1803 2002 1849 Baltimorense

218 1884 458 1930 Nationale
491 1885 744 1931 Concilium
789 1889 1100 1944 nuncupatur,
1137 1887 1214 1931 sed
1258 1886 1319 1930 illi
1370 1891 1578 1945 praeerat
1623 1886 2003 1946 Archiepiscopus

213 1968 558 2014 Baltimorensis
591 1974 812 2028 tanquam
865 1970 1148 2028 Apostolicae
1198 1969 1322 2014 Sedis
1370 1971 1618 2028 delegatus.
1675 1974 1735 2014 De
1788 1969 2005 2015 Conciliis

214 2051 533 2097 Natioualibus
566 2053 755 2112 proinde
788 2053 834 2097 in
868 2066 1004 2098 sensu
1039 2053 1151 2098 iuris
1185 2068 1276 2099 non
1312 2059 1380 2098 est
1413 2058 1464 2098 ut
1497 2068 1700 2112 agamus,

334 2135 435 2180 455.
475 2135 538 2181 Ad
571 2134 825 2180 Concilium
861 2135 1144 2181 provinciale
1166 2137 1285 2196 quod
1310 2138 1493 2182 attinet:
1535 2138 1790 2183 Concilium
1816 2138 2002 2197 provin-

210 2217 329 2262 ciale
372 2222 441 2262 est
473 2223 630 2263 coetus
662 2217 868 2276 publicus
904 2219 1228 2278 Episcoporum
1265 2221 1322 2265 ad
1344 2222 1554 2265 eamdem
1590 2221 1877 2279 provinciam
1906 2236 2003 2280 per-

216 2301 501 2357 tinentium,
537 2303 612 2360 qui
660 2301 929 2360 regulariter
970 2303 1027 2347 ab
1059 2317 1219 2348 eorum
1256 2304 1545 2369 Metropolita
1579 2304 1788 2362 cogitur,
1827 2305 2003 2350 vocatis

217 2384 439 2429 vocandis
471 2385 525 2429 de
561 2385 658 2430 iure
692 2385 765 2430 vel
797 2387 1148 2442 consuetudine,
1183 2386 1352 2446 quique
1385 2387 1443 2432 ab
1465 2402 1624 2432 eorum
1650 2387 1861 2433 Praeside
1885 2388 2001 2433 cele-

214 2467 376 2512 bratur
406 2468 462 2513 ad
493 2468 837 2514 deliberandum
871 2469 926 2514 de
958 2469 1278 2515 ecclesiasticis
1323 2471 1593 2516 Provinciae
1636 2471 1845 2530 negotiis.
1885 2475 2005 2525 Qua-

215 2556 322 2597 tuor
353 2555 509 2597 autem
544 2553 747 2611 partibus
779 2553 902 2597 bunc
944 2553 999 2597 de
1032 2553 1234 2599 Concilio
1280 2554 1550 2612 provinciali
1593 2558 1846 2600 tractatum
1879 2569 2003 2600 com-

216 2636 501 2695 plectemur,
535 2650 728 2696 quarum
781 2637 820 2686 l)
862 2637 918 2680 de
962 2636 1188 2695 personis,
1230 2637 1395 2697 quibus
1433 2636 1541 2681 illud
1582 2637 1827 2695 coalescit;
1864 2639 1906 2695 2)
1949 2638 2004 2683 de

212 2719 419 2765 eiusdem
453 2720 682 2765 adiunctis
714 2734 768 2765 ac
800 2720 1000 2779 legibus;
1037 2722 1079 2779 5)
1113 2721 1168 2766 de
1201 2725 1429 2780 potestate
1457 2740 1465 2779 ;
1502 2722 1544 2779 4)
1580 2721 1635 2766 de
1672 2722 2002 2781 approbatione

212 2806 265 2846 et
298 2802 604 2861 publicatione
637 2808 810 2861 agetur.

339 2980 346 2999 ¹
370 2980 563 3026 Eugenius
589 2980 654 3024 IV,
682 2981 807 3018 Consi.
834 2981 916 3018 Non
941 2982 1113 3019 mediocri
1138 2991 1198 3019 an.
1227 2981 1332 3019 1458.

340 3052 352 3070 ¹
379 3052 467 3088 Pius
494 3052 555 3097 IV,
582 3052 705 3089 Const.
734 3053 831 3090 Sicut
857 3064 898 3089 ea
932 3053 947 3088 1
979 3053 1140 3090 Ianuarii
1170 3051 1271 3091 1500.
