2176 3386
227 191 307 232 382
864 199 983 230 ,ΡΑιιε
1010 201 1036 229 1.
1070 199 1128 229 DE
1155 199 1368 230 PERSONIS

227 314 279 354 ut
310 309 351 354 ii.
372 309 450 368 qui
482 308 769 354 substituunt
801 307 848 352 in
879 307 1070 353 civitate
1102 307 1260 352 eiusve
1292 307 1521 352 suburbiis
1553 310 1825 367 versentur;
1852 311 1905 353 ut
1924 311 2006 355 Ca-

227 392 382 439 nonici
415 391 703 437 coadjutores
735 391 822 437 hoc
854 389 1031 435 indulto
1064 389 1131 434 uti
1164 395 1414 450 nequeant,
1450 389 1583 450 idque
1617 390 1891 450 neupassive
1909 390 2008 452 qui·

226 477 348 532 dem,
384 476 504 521 haud
536 488 667 520 secus
699 489 752 520 ac
783 473 1002 520 Canonici
1036 473 1286 529 honorarii,
1321 487 1429 519 cum
1452 473 1633 534 utrique
1657 488 1751 520 non
1773 474 1869 520 sint
1896 489 2007 521 vere

227 563 498 622 proprieque
530 559 639 605 dicti
672 557 891 605 Canonici
915 559 947 602 ¹.
1979 550 1982 551 ⁷

347 644 553 689 Secunda
587 644 660 687 lex
693 646 776 698 est,
812 646 864 686 ut
896 642 971 687 fiat
1004 640 1211 699 legitimo
1245 642 1359 697 loco,
1394 640 1439 685 id
1470 645 1540 686 est
1572 640 1841 699 regulariter
1873 641 1919 686 in
1950 655 2005 687 eo

227 734 444 780 ecclesiae
477 735 592 788 loco,
628 731 703 791 qui
736 732 909 776 Chorus
941 729 1109 774 dicitur
1130 730 1170 785 ²,
1217 730 1279 774 ita
1321 733 1480 774 tamen
1523 733 1575 774 ut
1608 743 1687 787 per
1717 742 1765 774 se
1797 730 2005 788 Capitulo

227 817 525 863 interdictum
560 830 652 860 nou
687 814 745 859 sit
776 814 824 858 in
857 812 1021 873 quavis
1052 813 1140 857 alia
1173 812 1392 858 ecclesiae
1416 816 1560 871 parte,
1587 812 1722 857 modo
1745 811 1804 857 sit
1825 811 2004 870 publica

227 916 300 946 ex.
338 916 403 958 gr.
439 900 485 944 in
520 899 742 954 sacristia,
779 898 914 942 horas
946 898 1195 943 canonicas
1228 897 1440 949 recitare,
1463 894 1827 941 extraordinarie
1848 899 2006 940 tamen

228 988 274 1029 et
304 984 552 1029 accedente
595 982 711 1026 iusta
754 995 918 1036 causa,
962 995 1037 1026 cx.
1074 996 1138 1039 gr.
1177 980 1331 1039 magni
1365 979 1569 1037 frigoris,
1614 984 1752 1038 atque
1798 977 2003 1036 Episcopi

228 1067 428 1111 licentia.
1164 1063 1167 1065 ’

346 1149 495 1194 'sertia
530 1149 602 1193 lex
635 1153 720 1204 est,
758 1153 808 1192 ut
842 1148 919 1192 fiat
951 1147 1156 1205 legitimo
1190 1151 1412 1204 tempore,
1437 1146 1492 1190 de
1514 1159 1604 1205 quo
1626 1143 1712 1189 dici
1739 1144 1830 1188 iam
1857 1147 2007 1202 potest

230 1233 406 1291 propria
440 1233 643 1277 locorum
679 1231 1012 1276 consuetudine
1047 1229 1154 1274 illud
1187 1229 1384 1284 deliniri,
1411 1229 1474 1273 ita
1497 1233 1654 1273 tamen
1680 1231 1730 1271 ut
1752 1229 2003 1285 Vesperum

227 1332 251 1362 a
287 1317 493 1375 prandio,
533 1320 736 1373 tempore
769 1319 925 1358 autem
967 1312 1341 1372 quadragesimae
1383 1316 1491 1356 ante
1535 1309 1776 1369 prandium
1821 1307 2003 1354 recitari

227 1403 417 1459 debeat3
457 1400 738 1446 Matutinum
772 1413 900 1452 vero,
937 1398 1064 1443 salvo
1099 1396 1335 1455 privilegio
1369 1396 1441 1441 vel
1475 1392 1808 1440 consuetudine
1845 1391 2006 1435 imme-

232 1484 459 1538 morabili,
496 1483 784 1529 recitandum
818 1482 877 1527 sit
910 1495 1091 1525 summo
1126 1494 1289 1535 mane,
1334 1478 1516 1523 recitari
1560 1480 1716 1521 autem
1751 1477 1850 1533 post
1882 1487 2007 1519 com-

231 1568 473 1629 pletorium
515 1567 602 1612 diei
647 1566 962 1624 praecedentis
1004 1579 1096 1609 non
1142 1563 1306 1622 possit,
1352 1561 1556 1620 exceptis
1596 1559 1755 1604 diebus
1799 1561 2003 1603 Octavae

231 1652 348 1698 Festi
382 1651 600 1697 solemnis
637 1656 682 1694 D.
723 1654 774 1694 N.
812 1653 843 1694 Ι.
881 1652 925 1694 C.
962 1652 1008 1692 et
1041 1647 1185 1692 tribus
1217 1646 1375 1691 diebus
1407 1645 1583 1689 ultimis
1615 1641 1800 1687 maioris
1840 1640 2006 1685 hebdo-

229 1737 406 1790 madae,
441 1736 561 1795 quod
594 1739 664 1779 est
697 1733 896 1791 generali
930 1731 1263 1778 consuetudine
1308 1735 1629 1788 Romanaeque
1676 1725 1904 1772 Ecclesiae
1938 1726 2006 1768 in-

228 1820 389 1865 stituto
423 1819 676 1872 firmatum,
711 1821 756 1861 et
790 1815 1156 1861 extraordinario
1188 1829 1294 1859 cum
1330 1812 1577 1858 necessitas
1608 1811 1758 1870 aliqua
1784 1824 1873 1854 una
1898 1823 2004 1853 cum

232 1902 433 1962 Episcopi
470 1900 606 1946 venia
640 1899 875 1945 concurrit
896 1899 926 1943 ³.

347 1989 516 2039 Quarta
552 1986 624 2028 lex
657 1988 741 2038 est,
778 1987 829 2026 ut
861 1982 941 2026 fiat
973 1983 1063 2026 alta
1097 1994 1238 2035 voce,
1284 1980 1347 2024 ita
1380 1983 1431 2023 ut
1463 1979 1499 2024 si
1534 1992 1648 2023 voce
1681 1979 1864 2021 tantum
1904 1974 2006 2019 sub-

230 2069 365 2113 missa
400 2070 534 2112 horas
566 2067 815 2112 canonicas
846 2065 1009 2124 aliquis
1043 2065 1221 2119 recitet,
1260 2064 1332 2107 vel
1365 2063 1549 2107 easdem
1582 2060 1687 2106 alibi
1727 2059 2005 2104 recitaturus

229 2152 372 2196 solam
407 2149 711 2209 praesentiam
746 2148 1028 2206 corporalem
1064 2148 1108 2191 in
1143 2148 1288 2191 Choro
1324 2149 1538 2204 praestet,
1573 2143 1722 2188 eidem
1748 2154 1918 2200 poenae
1942 2138 2002 2183 sit

227 2234 454 2280 obnoxius
487 2248 539 2279 ac
570 2233 647 2292 qui
680 2233 808 2276 abest
840 2246 864 2276 a
899 2232 1044 2276 Choro
1067 2231 1100 2286 ⁴,
1136 2230 1223 2274 nisi
1258 2230 1373 2274 forte
1406 2227 1725 2286 apostolicum,
1752 2224 1885 2283 idque
1910 2235 2003 2267 non

229 2320 592 2376 praesumptum,
627 2315 705 2360 sed
739 2314 995 2372 legitimum
1027 2327 1081 2358 ac
1114 2312 1275 2370 vigens
1299 2310 1588 2369 privilegium
1614 2310 1791 2366 praesto
1822 2304 1863 2349 ei
1887 2304 1946 2349 sit
1969 2304 2001 2359 ⁵,

229 2401 303 2446 vel
336 2399 496 2444 musici
532 2403 720 2452 canant,
758 2398 831 2442 vel
863 2410 1086 2454 organum
1120 2394 1385 2440 alternatim
1419 2393 1545 2438 chori
1588 2390 1738 2436 vicem
1768 2390 2000 2447 praestet,

229 2497 317 2543 quo
350 2482 536 2542 quidem
569 2481 616 2525 in
650 2494 758 2525 casu
791 2494 955 2538 operae
990 2478 1188 2538 pretium
1222 2478 1310 2522 erit
1340 2478 1557 2536 aliquem,
1592 2489 1665 2520 ex.
1703 2488 1767 2532 gr.
1812 2487 1836 2517 e
1877 2484 2004 2516 man-

346 2724 356 2743 ¹
387 2724 420 2762 S.
448 2723 580 2769 Congr.
608 2722 718 2759 Conc.
746 2722 783 2757 in
808 2721 942 2758 Montis
967 2720 1136 2756 Politiam‘
1161 2718 1182 2754 4
1209 2718 1298 2754 febr.
1327 2716 1435 2761 18οῐι,;
1461 2715 1681 2752 Benedictus
1699 2713 1796 2756 XIV,
1816 2713 1904 2749 lust.
1926 2711 2008 2756 107,

228 2807 264 2833 n.
293 2796 335 2832 17
363 2800 398 2831 et
425 2805 528 2841 seqq.

348 2868 359 2885 ²
387 2866 608 2902 Benedictus
635 2865 734 2908 XIV,
761 2865 847 2901 Inst.
878 2863 955 2907 107,
982 2873 1017 2900 n.
1048 2863 1101 2899 19.

349 2939 361 2958 ³
386 2938 606 2976 Benedictus
632 2935 730 2980 XIV,
757 2936 844 2973 Inst.
873 2935 952 2980 107,
977 2944 1014 2971 ιι.
1040 2933 1098 2971 22.

347 3009 361 3030 ⁸
387 3009 608 3046 Benedictus
634 3006 732 3051 XIV,
761 3007 829 3043 loc.
856 3006 929 3049 cit„
956 3015 993 3042 n.
1021 3005 1076 3043 16.

346 3079 359 3099 ⁸
386 3078 606 3116 Benedictus
633 3077 730 3120 XIV,
756 3075 909 3113 Constit.
937 3075 1030 3112 Cum
1054 3084 1204 3122 semper,
1231 3073 1274 3110 19
1299 3083 1384 3120 aug.
1414 3071 1517 3110 1744.

2156 2131 2162 2139 τ
2152 2111 2162 2123 ὲ
2155 2002 2166 2097 -ο-ιο-ν*
2151 1938 2167 1954 ·ἰ
