2176 3386
124 0 448 27 *typus-sgssv-
470 0 508 17 -⁷'
534 0 547 10 ·“
595 0 611 8 ”

538 221 668 250 Lmen
697 221 724 248 1.
756 220 813 248 DE
842 218 980 248 Rssssus
1009 218 1245 247 ECCLEsme
1274 217 1599 246 SPIRITUALIBUS
1879 208 1959 247 257

178 344 419 390 suggerere
451 334 530 374 aut
563 328 752 374 suadere
797 327 1030 382 audeant,
1063 327 1183 386 quod
1228 325 1410 371 illorum
1460 330 1779 385 contemptum
1823 332 1960 387 atque

179 413 553 460 imminutionem
589 412 805 457 inducere
841 410 995 468 possit,
1028 409 1262 468 multoque
1296 409 1449 454 minus
1472 409 1749 455 auctoritate
1780 411 1960 469 propria

179 496 350 557 aliquid
382 495 503 541 circa
527 495 625 539 illos
647 494 894 539 immutare
918 498 999 537 aut
1021 491 1161 537 etiam
1196 504 1331 550 super
1364 491 1522 537 iisdem
1548 491 1748 551 aliquam
1782 493 1961 552 dispen-

181 579 406 624 sationem
456 576 706 623 concedere
741 575 813 620 vel
847 575 1090 620 admittere
1141 579 1437 632 praesumant
1475 574 1559 619 sub
1592 575 1751 633 poenis
1794 575 1960 620 ibidem

182 661 436 707 intentatis.
474 661 597 705 Idem
631 663 846 704 Summus
870 659 1097 714 Pontifex,
1125 660 1170 702 in
1198 658 1434 716 encyclica
1465 659 1521 703 ad
1546 658 1856 704 Missionarios
1879 674 1959 718 per

182 746 418 791 Orientem
443 745 685 802 deputatos
707 743 924 798 declarat,
950 743 1109 786 eadem
1146 742 1323 787 ratione
1347 743 1404 786 ab
1429 743 1682 801 Apostolica
1718 745 1828 788 Sede
1862 758 1961 802 pro·

184 828 327 873 hiberi
365 828 680 872 Ruthenorum
713 825 960 870 transitum
996 826 1050 869 ad
1084 825 1278 870 latinum
1323 825 1489 881 ritum,
1526 826 1623 871 sive
1665 827 1959 873 ecclesiastici

181 910 290 966 sint,
326 910 423 954 sive
457 909 575 953 laici.
612 907 796 954 Graecis
829 921 940 952 vero
973 907 1019 952 in
1056 907 1182 952 ltalia
1217 908 1487 966 degentibus
1520 909 1605 953 sub
1641 909 1868 968 Episcopis
1901 912 1961 955 la-

182 992 307 1047 111113,
333 994 367 1037 si
404 991 504 1036 laici
529 991 637 1046 sint,
666 990 882 1049 Episcopo
918 990 1230 1048 permittente,
1268 991 1489 1036 transitus
1510 993 1567 1037 ad
1591 993 1785 1037 latinum
1820 994 1960 1038 ritum

182 1076 466 1130 conceditur,
502 1088 595 1119 non
631 1089 741 1119 vero
773 1075 808 1119 si
843 1074 935 1118 sint
962 1074 1284 1132 ecclesiastici3
1320 1075 1375 1120 iis
1406 1076 1532 1121 enim
1568 1078 1852 1135 Apostolicae
1884 1094 1962 1123 au·

183 1160 410 1205 ctoritatis
445 1160 636 1204 facultas
669 1158 928 1203 necessaria
962 1163 1047 1213 est,
1085 1164 1134 1202 ut
1167 1162 1307 1203 ritum
1344 1165 1523 1205 mutare
1560 1162 1760 1207 valeant.

304 1244 430 1289 1180.
471 1249 679 1289 lamvero
722 1245 835 1289 haec
879 1246 1133 1302 generatim
1167 1246 1418 1290 ostendunt
1450 1246 1774 1303 obligationem
1810 1250 1854 1294 in
1896 1264 1963 1295 se-

183 1327 272 1371 mel
320 1332 530 1384 suscepto
571 1327 661 1372 ritu
711 1327 1026 1386 permanendi.
1086 1331 1216 1371 Nunc
1264 1328 1319 1372 ad
1367 1342 1499 1374 casus
1544 1330 1796 1388 peculiares
1828 1333 1963 1378 deve-

184 1411 381 1466 nientes,
418 1411 619 1469 primum
652 1424 840 1468 agemus
873 1411 926 1455 de
959 1410 1268 1456 Orientalibus
1290 1412 1366 1471 qui
1397 1413 1564 1471 proprii
1599 1414 1713 1458 ritus
1750 1415 1964 1474 Episcopo

185 1494 395 1549 subsunt,
421 1498 558 1553 atque
584 1495 628 1538 in
665 1493 804 1552 ipsius
841 1495 1036 1539 Ecclesia
1062 1495 1259 1552 degunt;
1296 1496 1459 1541 deinde
1482 1497 1535 1541 de
1561 1497 1613 1541 iis
1636 1498 1961 1555 Orientalibus,

182 1577 259 1636 qui
293 1577 338 1621 in
378 1577 586 1622 Ecclesiis
620 1577 787 1621 vivunt
818 1578 983 1637 quibus
1015 1578 1143 1623 latini
1183 1579 1386 1638 Episcopi
1420 1584 1654 1638 praesunt3
1689 1582 1885 1642 denique
1909 1583 1965 1628 de

184 1661 337 1705 latinis
369 1661 446 1721 qui
480 1662 525 1705 in
559 1662 863 1706 Orientalium
909 1662 1229 1721 Episcoporum
1274 1663 1556 1710 dioecesibus
1597 1672 1960 1712 commorantur.

306 1745 431 1789 1181.
471 1745 534 1790 Ad
578 1746 777 1804 primum
820 1746 938 1805 quod
988 1747 1184 1802 attinet,
1222 1747 1266 1791 in
1317 1748 1456 1793 citata
1507 1751 1843 1796 Constitutione
1886 1767 1964 1809 pro

184 1828 368 1873 Graecis
402 1828 628 1873 Melchitis
662 1829 767 1883 lata,
804 1843 861 1873 ex
895 1844 983 1888 qua
1018 1830 1150 1875 facile
1184 1831 1394 1889 colligere
1417 1836 1486 1877 est
1507 1833 1614 1892 quid
1647 1834 1702 1878 de
1734 1834 1832 1879 aliis
1855 1849 1962 1894 quo·

183 1925 270 1970 que
303 1911 612 1956 Orientalibus
644 1912 702 1956 sit
735 1914 1046 1969 sentiendum,
1083 1914 1431 1970 praescribitur:
1488 1917 1525 1972 1)
1564 1922 1613 1960 ut
1645 1917 1721 1976 qui
1744 1933 1767 1962 a
1793 1919 1967 1976 graecis

185 1995 450 2051 parentibus
498 1995 748 2053 progeniti,
785 1997 841 2040 ob
873 1997 1103 2041 defectum
1154 2013 1421 2056 graecorum
1463 2001 1787 2057 sacerdotum,
1822 2002 1965 2046 latino

185 2079 274 2123 ritu
307 2094 332 2124 a
367 2079 521 2124 latinis
552 2080 607 2124 ad
640 2080 768 2125 illum
802 2081 923 2126 diem
956 2081 1173 2140 baptizati
1209 2084 1398 2127 fuerunt
1420 2096 1616 2142 eumque
1644 2083 1781 2128 ritum
1812 2085 1966 2130 hacte-

187 2175 272 2205 nus
305 2165 573 2217 tenuerunt,
611 2176 764 2207 coram
801 2175 992 2220 persona
1026 2161 1083 2205 ab
1117 2162 1210 2220 ipso
1245 2165 1433 2207 Summo
1460 2162 1677 2207 Pontifice
1706 2164 1965 2223 deputanda

185 2244 324 2288 semel
358 2244 560 2302 proliteri
594 2245 806 2300 debeant,
843 2244 889 2288 in
923 2259 1012 2304 quo
1047 2244 1135 2289 ritu
1171 2246 1330 2290 vivere
1365 2245 1544 2301 malint,
1572 2246 1617 2289 in
1642 2260 1785 2305 eoque
1819 2247 1865 2291 in
1891 2261 1965 2305 po-

186 2330 390 2382 sterum,
427 2327 552 2371 omni
588 2327 795 2372 variandi
845 2328 1062 2374 facultate
1110 2329 1356 2386 adempta,
1393 2342 1687 2387 perseverare
1728 2334 1960 2374 tenentur.

186 2410 229 2467 2>
265 2410 622 2467 Praescribitur,
658 2416 709 2455 ut
741 2411 819 2456 filii
851 2412 927 2471 qui
962 2412 1019 2456 31)
1052 2411 1309 2456 huiusmodi
1355 2412 1622 2471 parentibus
1660 2418 1760 2470 post
1792 2413 1966 2471 praedi-

186 2497 308 2538 ctam
342 2493 699 2539 declarationem
735 2499 1008 2551 nascentur,
1046 2510 1130 2540 nec
1165 2510 1256 2540 non
1293 2494 1321 2539 ii
1356 2495 1431 2555 qui
1468 2495 1558 2540 iam
1593 2495 1690 2539 nati
1729 2500 1853 2551 sunt,
1889 2495 1966 2540 sed

187 2577 392 2622 nondum
427 2577 482 2621 ad
516 2592 649 2623 usum
682 2578 875 2624 rationis
907 2584 1236 2638 pervenerunt,
1269 2584 1522 2638 sequantur
1543 2579 1855 2624 c.»nditionem
1889 2593 1964 2637 pa-

186 2665 390 2716 rentum,
425 2661 462 2706 si
494 2661 710 2720 coniuges
742 2677 887 2707 unum
921 2663 1228 2722 eumdemque
1264 2663 1400 2707 ritum
1436 2662 1672 2720 elegerint,
1699 2663 1768 2707 sin
1794 2663 1963 2718 minus,

186 2744 328 2802 patris
360 2745 499 2790 ritum
533 2752 798 2806 sequantur.
845 2748 888 2804 5)
923 2747 1101 2806 Siquos
1126 2747 1170 2791 in
1198 2751 1430 2806 posterum
1454 2750 1667 2803 Graecos,
1692 2746 1966 2792 necessitate

187 2833 395 2885 cogente,
422 2829 478 2873 ob
509 2829 740 2874 defectum
776 2829 966 2875 Paroclli
1001 2829 1212 2875 catholici
1246 2828 1360 2873 ritus
1383 2828 1550 2886 graeci,
1576 2828 1853 2886 baptismum
1888 2832 1968 2873 aut

187 2910 275 2955 alia
309 2916 599 2957 sacramenta
623 2926 649 2957 a
675 2912 816 2958 latino
850 2913 1118 2972 presbytero
1151 2912 1354 2970 recipere
1378 2911 1637 2969 contigerit,
1663 2911 1726 2956 illi
1749 2924 1843 2957 non
1866 2912 1967 2958 ideo

186 2994 406 3039 consendi
428 3000 566 3040 erunt
588 2995 782 3041 latinum
817 2997 958 3041 ritum
992 2995 1260 3054 suscepisse,
1286 2995 1363 3039 sed
1386 2994 1513 3039 omni
1546 2994 1831 3040 dubitatione
1865 2995 1967 3040 sub-

186 3076 278 3122 lata
312 3078 451 3122 ritum
484 3092 716 3136 graecum,
751 3079 798 3124 in
832 3093 922 3139 quo
954 3079 1041 3124 orti
1074 3083 1199 3134 sunt,
1224 3079 1469 3124 observare
1502 3082 1767 3123 teneantur.
1802 3079 1967 3135 [3813-

312 3175 623 3208 Zl'rssLu-Soussm.
649 3194 684 3198 —
710 3176 731 3208 I
731 3177 751 3207 I
752 3201 760 3208 .
1804 3176 1842 3207 17
