2176 3386
1236 0 1241 7 ι
1254 0 1271 6 -·
1287 0 1317 15 .;,
1336 0 1346 3 -
1365 0 1526 28 ''qast-14⁷·

220 155 273 196 72
895 167 1005 197 PARS
1035 168 1074 196 11.
1110 167 1167 195 DE
1197 167 1335 198 REBUS

218 276 292 332 sit,
328 282 408 321 aut
440 291 492 322 ea
524 277 739 323 dicantur
771 292 828 322 ex
861 276 1026 337 quibus
1048 292 1098 322 ea
1127 278 1266 335 possit
1287 277 1592 324 innotescere.
1630 282 1786 339 Neque
1805 277 1871 324 uti
1896 280 2015 326 licet.

216 359 381 404 notitia
415 359 568 405 habita
602 360 651 405 in
685 360 974 405 confessione
1009 362 1063 405 ad
1097 362 1373 406 exteriorem
1404 361 1784 419 gubernationem
1809 362 2014 408 alicuius

216 447 475 488 conventus
519 443 591 488 vel
637 444 932 500 monasterii,
981 444 1015 489 si
1059 445 1227 490 exinde
1272 446 1518 491 metuenda
1560 446 1618 491 sit
1658 452 1736 491 aut
1779 447 2013 492 revelatio·

214 526 408 570 alicuius
443 526 632 584 peccati,
670 531 750 571 aut
785 540 1035 584 gravamen
1073 528 1350 585 poenitentis
1374 530 1397 574 ¹.

944 780 1175 809 Alimentus
1209 782 1263 810 iv,
1317 763 1321 769 ’

825 897 885 938 De
917 894 1096 940 casibus
1131 898 1389 941 reservatis.

328 1024 428 1068 745.
467 1023 796 1070 lurisdictionis
831 1029 1108 1083 potestatem
1145 1026 1242 1070 iure
1275 1039 1356 1071 suo
1403 1027 1624 1072 limitibus
1656 1042 1867 1073 coercere
1902 1041 2007 1086 pos—

208 1111 316 1151 sunt
350 1106 592 1152 Pontifices
626 1107 817 1152 Maximi
842 1107 889 1152 in
918 1108 1114 1153 Ecclesia
1139 1107 1387 1153 universali
1413 1091 1458 1152 et
1486 1109 1530 1153 in
1557 1123 1637 1154 sua
1662 1109 1853 1169 quisque
1876 1110 2005 1155 dioe-

207 1190 297 1234 cesi
336 1189 539 1248 Episcopi
576 1204 653 1247 per
684 1203 875 1234 casuum
916 1191 1295 1246 reservationem,
1331 1205 1416 1250 qua
1454 1192 1654 1238 invalida
1691 1208 1874 1253 prorsus
1896 1195 2005 1239 red--

205 1273 327 1318 ditur
359 1272 583 1317 absolutio
617 1277 748 1318 extra
785 1274 946 1318 mortis
979 1273 1241 1319 articulum.

325 1356 420 1401 746.
461 1356 697 1401 Reservari
732 1361 888 1401 autem
915 1361 1104 1415 possunt
1138 1359 1209 1402 vel
1246 1363 1430 1415 peccata
1455 1360 1526 1403 vel
1551 1373 1800 1417 censurae;
1837 1360 2007 1417 intilljs.

205 1438 473 1483 Ordinarius
506 1438 869 1484 iurisdictionem
908 1454 999 1485 non
1037 1440 1130 1496 dat,
1174 1439 1218 1484 in
1255 1441 1325 1486 his
1356 1442 1511 1486 datam
1545 1442 1707 1487 adimit
1737 1444 1911 1489 ad‘hoc
1947 1448 2007 1488 ut.

204 1526 439 1567 reservata
475 1523 719 1580 superioris
754 1522 920 1568 iudicio
951 1524 1269 1569 subjiciantur.
1305 1524 1422 1568 Hinc
1455 1525 1553 1569 sive
1587 1526 1827 1584 poenitens
1848 1541 1900 1571 ea
1928 1526 2003 1570 in·

202 1606 491 1663 culpabiliter
523 1606 745 1662 omiserit,
782 1606 880 1652 sive
917 1608 1230 1652 confessarius
1262 1622 1314 1652 ea
1342 1609 1608 1666 imprudens
1630 1609 1894 1665 absolverit,
1920 1609 2004 1654 ab-

203 1689 367 1734 solutio
402 1690 570 1735 nullius
604 1691 827 1735 momenti
861 1695 947 1746 est,
989 1705 1074 1735 nec
1101 1690 1570 1751 proderitutriusque
1593 1692 1711 1738 bona
1735 1692 1861 1749 fides,
1887 1693 1997 1752 quia

202 1774 453 1819 reservatio
489 1774 649 1820 recidit
680 1775 727 1819 in
762 1775 910 1833 legem
936 1774 1201 1820 irritantem
1226 1775 1275 1820 ².·

323 1858 419 1901 747.
442 1860 579 1902 Porro
600 1861 836 1915 peccatum
860 1863 993 1916 prout
1013 1857 1262 1913 innuimus,
1278 1858 1501 1903 reservari
1522 1862 1670 1918 potest
1684 1859 1756 1904 vel
1776 1859 1873 1904 sine
1893 1874 2003 1904 cen--

200 1953 303 1984 sura
341 1941 412 1984 vel
446 1955 551 1985 cum
576 1954 794 1986 censura:
834 1945 1070 1986 reservata
1101 1946 1285 1999 peccata
1311 1942 1409 1987 sine
1432 1955 1625 1987 censura
1650 1946 1856 1987 Romano
1880 1946 1995 1987 Pon-

198 2023 308 2068 tilici
343 2025 431 2069 duo
465 2029 589 2080 sunt,
625 2025 848 2070 absolutio
881 2039 906 2069 a
945 2026 1237 2070 calumniosa
1273 2025 1610 2071 sollicitationis
1641 2025 1934 2071 accusatione
1959 2026 1999 2082 3,,

199 2110 245 2151 et
280 2106 477 2164 receptio
514 2121 760 2152 munerum
795 2122 820 2152 a
859 2109 1161 2166 Regularibus
1194 2109 1433 2167 utriusque
1457 2121 1610 2164 sexus,
1646 2122 1839 2167 quorum
1865 2108 2003 2152 valor·

196 2190 255 2234 sit
289 2190 405 2234 ultra
448 2190 500 2235 10
533 2195 710 2235 scutata
744 2205 952 2236 romana.

317 2272 418 2317 748.
460 2273 809 2318 Reservationes
842 2275 994 2319 factae
1033 2289 1056 2318 a
1093 2278 1300 2319 Romano
1333 2273 1552 2319 Fontilice
1586 2278 1693 2318 sunt
1726 2277 1997 2331 perpetuae,

196 2355 443 2410 ordinarii,
480 2356 565 2400 nisi
599 2361 799 2402 statutae
833 2356 926 2401 sint
964 2356 1010 2401 in
1045 2357 1221 2415 synodo
1254 2357 1542 2413 dloecesana‚
1578 2361 1760 2402 cessant
1792 2358 1999 2402 resoluto

194 2437 292 2483 iure
330 2439 609 2484 reservantis
637 2439 669 2484 ⁸.

316 2526 417 2570 749.
454 2526 512 2568 Ut
545 2538 651 2569 usus
683 2524 785 2570 talis
818 2525 930 2569 iuris
954 2523 1221 2569 reservandi
1246 2524 1305 2569 sit
1327 2524 1495 2578 licitus,
1532 2524 1779 2584 requiritur
1800 2527 1851 2568 ut
1872 2522 1991 2567 adsit

195 2608 311 2653 ratio
357 2621 473 2667 quae
515 2621 647 2652 usum
690 2607 837 2666 ipsum
881 2608 1133 2652 honestum
1168 2607 1340 2652 reddat.
1399 2610 1499 2653 Non
1538 2621 1629 2651 una
1673 2612 1827 2651 autem
1871 2607 1998 2652 ratio

196 2696 375 2751 praesto
410 2695 494 2747 est,
530 2705 691 2736 omnes
723 2692 807 2736 hac
842 2705 932 2736 una
973 2690 1201 2749 complexi
1238 2695 1347 2735 sunt
1381 2693 1536 2735 Patres
1568 2689 1818 2735 Tridentini
1853 2689 1995 2734 nimi-

318 2830 327 2849 ¹
357 2829 525 2866 Clemens
552 2829 649 2872 VIII,
675 2829 817 2866 Decret.
846 2828 930 2865 edit.
964 2827 1065 2864 1594.
1122 2875 1124 2877 Ι

317 2899 329 2917 ²
356 2899 406 2935 Cf.
434 2899 676 2935 D’ANMBALE
704 2902 796 2944 part.
826 2899 889 2941 111,
919 2898 999 2934 144.
1363 2951 1369 2962 1

317 2969 328 2988 ³
356 2970 489 3006 Bened.
518 2970 615 3013 XIV,
643 2970 764 3021 Const.
793 2969 1077 3006 Sacramentum
1104 2970 1366 3007 Poenitentiae.'

318 3040 331 3060 ¹·
358 3041 408 3078 Cf.
436 3041 689 3078 D’ANNIBALE.
