2176 3386
199 227 276 267 172
873 237 982 266 PARS
1011 237 1052 265 11.
1087 237 1143 264 DE
1172 235 1311 266 REBUS

317 347 419 392 969.
454 347 539 402 Qui
573 353 682 392 ante
716 361 849 392 usum
883 346 1077 392 rationis
1108 346 1318 392 ordinem
1351 345 1573 404 suscipit,
1615 360 1668 391 ea
1699 345 1980 404 obligatione

198 443 292 475 non
327 429 523 488 ligatur,
576 430 662 475 nisi
707 435 862 489 postea
895 443 1142 489 expresse,
1194 431 1265 475 vel
1299 428 1440 475 tacite
1471 443 1602 475 suam
1636 427 1975 474 ordinationem

198 515 347 557 ratam
381 512 562 557 habeat.

316 594 418 639 970.
455 598 609 639 Potest
640 593 741 654 quis
774 593 974 638 ordinari
1011 593 1214 648 invitus,
1263 597 1344 637 aut
1388 606 1465 652 per
1502 591 1791 637 coactionem
1826 595 1979 635 exter-

197 691 324 734 nam,
359 682 440 722 aut
473 692 553 736 per
585 682 761 723 metum
796 691 986 735 gravem
1021 677 1189 722 iniuste
1216 676 1470 722 incussum.
1510 680 1556 720 tn
1593 675 1738 733 primo
1771 687 1879 719 casu
1907 674 1974 718 in-

201 761 347 805 valida
381 766 450 806 est
483 761 736 818 ordinatio,
775 761 818 805 iu
854 761 942 805 alio
975 765 1044 805 est
1077 760 1245 816 valida,
1282 760 1358 804 sed
1391 759 1540 818 quoad
1563 758 1789 803 castitatis
1810 756 1978 815 obliga-

196 844 391 900 tionem,
426 843 644 902 distingui
677 843 828 899 debet‚
863 858 922 888 an
957 843 1060 888 dein
1097 843 1236 887 tibere
1257 857 1359 887 eam
1385 847 1531 887 ratam
1557 841 1731 896 habuit,
1758 841 1830 884 vel
1855 852 1973 884 non:

198 927 234 972 si
269 932 416 972 ratam
451 927 626 983 habuit,
665 931 849 972 tenetur
882 927 935 971 ad
971 927 1335 983 continentiam;
1371 926 1407 970 si
1443 939 1553 970 vero
1587 938 1698 980 non,
1735 924 1791 968 ad
1831 922 1978 968 conti-

198 1014 406 1056 nentiam
441 1026 534 1056 non
569 1015 779 1056 tenetur:
831 1025 1012 1069 semper
1045 1015 1199 1055 tamen
1245 1009 1369 1055 Sedis
1404 1008 1687 1067 Apostolicae
1730 1006 1974 1062 iudicium,

196 1107 275 1138 seu
310 1094 400 1138 late
432 1094 552 1138 dicta
587 1094 892 1153 dispensatio,
939 1107 1016 1138 seu
1054 1092 1326 1151 rescriptum
1359 1091 1565 1149 gratiae,
1614 1104 1694 1135 seu
1727 1089 1977 1134 declaratio

197 1178 482 1223 interveniat
515 1192 702 1223 necesse
735 1182 834 1233 est,
885 1191 1002 1237 quae
1037 1191 1128 1222 non
1164 1176 1435 1222 conceditur
1469 1175 1554 1219 nisi
1592 1179 1715 1220 metu
1754 1174 1974 1232 probate,

199 1263 321 1307 facto
356 1276 568 1321 processu
603 1263 658 1307 ad
695 1264 891 1307 formam
919 1263 947 1306 ¹.

318 1347 419 1391 971.
446 1347 601 1401 Quoad
627 1350 874 1391 uxoratum
899 1345 994 1405 qui,
1022 1345 1199 1403 propria
1227 1344 1417 1389 vivente
1438 1357 1598 1399 uxore,
1626 1343 1737 1387 velit
1758 1343 1814 1388 ad
1837 1341 1977 1387 atium

198 1431 370 1472 statum
404 1428 620 1484 transire,
656 1442 714 1472 ex
747 1427 1120 1486 dispositionibus
1152 1426 1291 1482 iuris,
1338 1430 1519 1484 praeter
1552 1426 1709 1471 uxoris
1741 1425 1976 1470 licentiam

198 1524 463 1569 expressam
497 1515 634 1570 atque
667 1515 989 1568 spontaneam,
1025 1524 1141 1569 quae
1173 1523 1354 1568 semper
1386 1513 1427 1554 et
1466 1509 1632 1572 ubique
1672 1508 1918 1568 requiritur
1941 1506 1974 1562 ²,

198 1594 287 1638 alia
320 1594 460 1638 etiam
495 1593 809 1653 requiruntur.
849 1597 901 1636 tit
932 1591 1116 1651 quidem
1150 1591 1523 1650 distinguendum
1549 1595 1615 1636 est
1641 1595 1794 1635 utrum
1819 1593 1981 1647 agatur

199 1678 253 1722 de
289 1676 578 1735 suscipiendo
613 1676 772 1721 ordine
806 1690 935 1722 sacro
972 1677 1042 1721 vel
1075 1681 1197 1721 statu
1233 1675 1441 1733 religioso
1486 1675 1556 1719 vel
1601 1675 1880 1733 episcopatu.
1927 1676 1976 1718 In

202 1760 337 1819 priori
371 1774 497 1816 casu,
535 1765 715 1818 praeter
746 1760 918 1805 dictam
953 1761 1110 1805 uxoris
1145 1759 1380 1804 licentiam
1415 1758 1663 1818 requiritur
1687 1757 1893 1813 ulterius,
1929 1763 1980 1801 ut

199 1842 293 1900 ipsa
327 1843 588 1888 castitatem
627 1848 812 1888 voveat.
866 1847 914 1887 ln
949 1843 1151 1887 secundo
1195 1842 1444 1902 requiritur
1487 1840 1677 1886 ulterius
1719 1845 1771 1884 ut
1807 1839 1975 1884 coniux

199 1933 392 1986 uterque
426 1926 633 1971 habitum
669 1925 927 1984 religiosum
963 1930 1182 1971 assumat.
1223 1929 1388 1970 Verum
1424 1926 1459 1970 si
1495 1939 1612 1969 uxor
1645 1924 1706 1969 ita
1739 1938 1883 1969 senex
1921 1923 1979 1968 sit

199 2015 245 2055 et
278 2009 460 2065 sterilis,
498 2014 547 2054 ut
579 2011 678 2054 sine
710 2009 969 2068 suspicione
1004 2010 1144 2067 possit
1177 2023 1364 2054 manere
1399 2008 1442 2052 in
1468 2008 1666 2062 saeculo,
1693 2007 1979 2051 dissimulare

203 2094 448 2153 Episcopus
482 2092 647 2151 poterit
681 2095 732 2136 ut
763 2106 815 2137 ea
852 2092 897 2136 in
931 2092 1113 2136 saeculo
1138 2096 1409 2136 remanente
1431 2095 1478 2135 et
1501 2090 1761 2134 castitatem
1791 2088 1977 2146 promit-

198 2181 355 2232 tente„
379 2177 434 2221 ad
470 2176 735 2234 religionem
774 2181 977 2222 transeat
1012 2176 1083 2220 vir
1113 2176 1333 2220 eiusdem.
1374 2180 1436 2220 tta
1463 2177 1590 2220 Alex.
1622 2174 1730 2219 111⁸.
1769 2177 1819 2218 In
1845 2173 1979 2218 tertio

198 2260 396 2320 denique
430 2261 639 2305 laudatus
675 2260 885 2304 Pontifex
918 2259 1194 2304 auctoritate
1228 2258 1474 2317 apostolica
1521 2258 1726 2302 absolute
1771 2256 1979 2315 prohibet

200 2358 258 2389 ne
292 2347 514 2388 uxoratus
547 2343 591 2387 in
630 2342 900 2401 Episcopum
933 2342 1189 2397 ordinetur,
1227 2340 1310 2385 uisi
1345 2355 1460 2385 uxor
1493 2340 1615 2399 prius
1649 2341 1846 2398 professa
1870 2352 1977 2384 con—

198 2426 448 2472 tinentiam
481 2439 662 2470 sacrum
697 2424 779 2469 sibi
815 2425 1028 2469 velamen
1065 2424 1273 2482 imponat
1305 2427 1352 2467 et
1386 2424 1642 2481 religiosam
1688 2426 1863 2467 vestem
1908 2435 1976 2467 as-

199 2514 353 2555 sumat
374 2509 405 2554 ¹⁴.
444 2513 679 2563 Attamen,
724 2512 925 2553 testante
961 2508 1154 2561 Pontio,
1205 2521 1262 2551 ex
1298 2505 1632 2551 consuetudine
1666 2510 1848 2565 recepta
1885 2519 1975 2550 non

197 2591 460 2638 admittitur
495 2591 565 2636 vir
595 2592 649 2636 ad
684 2604 837 2636 sacros
869 2590 1084 2646 ordines,
1137 2591 1221 2635 nisi
1258 2604 1375 2634 uxor
1406 2603 1523 2649 quae
1559 2588 1741 2634 iuvenis
1773 2593 1842 2633 est
1876 2587 1975 2632 reli-

319 2759 329 2779 ²
358 2759 481 2796 Const.
500 2759 636 2795 Bened.
651 2759 738 2795 XIV
756 2759 777 2795 4
792 2759 912 2795 Martii
933 2758 1034 2801 1748,
1053 2767 1166 2804 super
1181 2758 1352 2794 nullitate
1364 2758 1462 2804 pros.
1484 2758 1678 2804 religionis.
1697 2757 1748 2794 Cf.
1766 2758 1979 2794 anmcu

201 2831 239 2867 in
258 2840 338 2877 cap.
358 2830 516 2884 Maiores
533 2830 577 2866 de
596 2830 797 2876 Baptismo‚

320 2903 332 2922 ³
359 2903 446 2949 Cap.
475 2903 663 2940 Consuluit
681 2903 726 2939 de
744 2912 912 2940 convers.
927 2902 1080 2948 coniug.

321 2972 333 2991 ³
357 2972 444 3019 Cap.
466 2973 557 3010 Cum
579 2974 630 3010 sis
647 2973 668 3008 4
686 2973 766 3010 eod.
788 2973 840 3009 tit.

320 3044 334 3065 ⁸
361 3045 447 3092 Cap.
469 3047 559 3082 Sane
576 3045 598 3082 6
617 3045 702 3082 eod.
723 3045 775 3081 tit.
