2176 3386
750 37 758 45 ξ
780 48 783 50 .
830 47 850 53 Δ,
885 36 915 49 ¹.

735 54 742 67 L
836 53 911 73 3'·'-¹
978 61 984 68 ι

741 201 873 230 mmm
900 202 924 230 1.
961 201 1018 230 DE
1047 201 1241 231 GLERICIS
1806 191 1888 231 229

216 309 289 355 23.
325 307 482 362 Quoad
506 286 909 367 pernoctationem
934 304 1200 351 confessarii
1227 304 1497 351 monialium
1522 304 1567 371 ip
1591 305 1744 361 domo,
1769 320 1886 365 quae

92 406 174 452 per
215 391 413 451 parietes
444 393 491 436 et
524 393 651 435 tecta
686 403 778 434 non
813 388 872 433 sit
906 388 1089 447 penitus
1120 388 1366 443 distincta,
1403 392 1449 434 et
1479 393 1689 447 separata
1722 389 1780 433 ab
1811 404 1886 435 ea-

97 489 198 521 rum
235 474 528 520 monasteriis
551 474 583 519 ¹.

214 558 286 602 24.
321 557 479 612 Quoad
512 556 870 615 exploratioeem
905 557 1160 602 voluntatis
1194 557 1385 614 puellae,
1419 562 1514 603 tam
1549 564 1658 603 ante
1703 559 1886 605 habitus

95 640 470 699 susceptionem,
505 654 642 700 quam
692 643 800 684 ante
849 639 1212 698 professionem,
1248 641 1332 685 sub
1380 655 1523 699 poena
1574 642 1886 700 suspensionis

93 723 348 771 abbatissae
395 723 666 768 monialium
709 723 774 768 eis
816 722 1154 778 subiectarum,
1190 723 1381 769 arbitrio
1427 723 1632 783 Episcopi
1677 724 1883 784 infligen-

92 808 191 864 dae,
236 808 272 852 si
306 812 415 853 ante
454 820 660 852 mensem
695 806 750 850 de
784 807 936 851 futura
973 806 1254 864 professione
1286 821 1391 852 eum
1417 807 1660 854 certiorem
1695 823 1786 854 non
1822 810 1884 854 fe-

14 925 18 931 ·
92 891 206 938 ecrit
240 892 270 937 ².

215 976 286 1020 25.
324 975 480 1028 Quoad
515 974 854 1019 invaliditatem
891 973 1272 1030 renunciationis,
1309 975 1382 1019 vel
1415 974 1706 1033 obligationis
1751 976 1882 1021 novi·

94 1058 283 1114 tiorum,
318 1058 460 1103 etiam
491 1059 535 1102 in
573 1059 782 1103 favorem
816 1071 981 1103 causac
1014 1057 1131 1116 piae,
1167 1062 1276 1102 ante
1308 1058 1422 1102 duos
1455 1058 1690 1116 proximos
1715 1060 1885 1117 profes-

92 1141 209 1187 sioni
247 1155 430 1187 menses
463 1141 563 1187 sine
597 1141 794 1200 episcopi
829 1141 1015 1186 licentia
1039 1145 1284 1186 exaratae:
1321 1155 1374 1185 ac
1406 1141 1546 1186 etiam
1580 1143 1727 1200 quoad
1757 1156 1883 1188 com·
1957 1141 1965 1148 ”

93 1225 323 1285 pulsiones
357 1240 437 1284 per
471 1238 689 1270 censuras
722 1224 1071 1280 ecclesiasticas,
1106 1228 1220 1281 tam,
1258 1239 1315 1269 ne
1347 1225 1454 1284 quid
1488 1226 1543 1270 de
1578 1224 1759 1278 novitii,
1802 1240 1882 1270 no·

94 1308 324 1368 vitiaeque
362 1308 492 1354 bonis
525 1309 661 1353 detur
693 1308 975 1353 monasterio
999 1312 1108 1353 ante
1133 1309 1250 1353 illius
1274 1308 1623 1367 professionem,
1648 1323 1785 1368 quam
1810 1313 1879 1365 ut,

90 1391 126 1437 si
157 1391 263 1451 quid
303 1392 460 1437 datum
498 1393 654 1448 fuerit,
690 1392 755 1438 eis
787 1394 840 1437 ad
875 1392 1108 1437 saeculum
1146 1392 1444 1437 redeuntibus
1491 1392 1763 1437 restituatur
1785 1392 1817 1437 ³.

207 1476 278 1520 26.
310 1476 466 1529 Quoad
490 1476 813 1521 deductionem
835 1489 1076 1520 causarum
1105 1475 1360 1533 faciendam
1381 1481 1489 1520 ante
1507 1475 1878 1536 quinquennium

89 1572 114 1604 a
146 1558 217 1604 die
251 1559 550 1617 professionis
582 1560 964 1617 computandum,
1002 1559 1170 1604 nedum
1204 1573 1358 1604 coram
1398 1560 1630 1619 superiore
1664 1559 1877 1618 regulari,

95 1641 170 1699 sed
203 1642 344 1686 etiam
382 1657 536 1687 coram
587 1643 804 1701 Episcopo
837 1658 859 1687 a
896 1642 1104 1701 religioso
1150 1643 1334 1688 volente
1377 1645 1583 1689 habitum
1626 1644 1876 1699 dimittere,

90 1724 163 1768 vel
195 1739 303 1770 cum
339 1739 392 1770 eo
425 1740 451 1770 a
486 1725 704 1784 religione
737 1727 970 1772 discedere
1003 1732 1242 1786 praetextu
1279 1727 1503 1773 nullitatis
1527 1728 1821 1786 professionis
1842 1729 1874 1773 ἃ.

211 1809 281 1853 27.
319 1809 476 1861 Quoad
510 1810 834 1855 executionem
868 1811 1159 1856 decretorum
1195 1814 1331 1857 Conc.
1369 1811 1487 1856 Trid.
1525 1811 1579 1856 de
1616 1812 1712 1856 Ref.
1757 1811 1878 1856 circa

90 1893 332 1949 regulares,
371 1892 510 1939 etiam
545 1898 785 1951 exemptos
803 1894 830 1939 ⁵.

210 1974 280 2019 28.
318 1975 473 2029 Quoad
511 1976 834 2022 executionem
872 1978 1126 2021 voluntatis
1164 1980 1457 2032 testatorum,
1491 1983 1538 2021 et
1572 1977 1874 2021 redditionem

88 2056 296 2112 rationis,
334 2057 369 2102 si
405 2058 513 2116 ipsis
548 2060 832 2116 regularibus
865 2061 1108 2105 commissa
1146 2060 1283 2105 fuerit
1316 2060 1530 2105 executio
1553 2060 1583 2104 ⁶.

209 2142 278 2186 29.
313 2142 467 2196 Quoad
495 2143 808 2187 visitationem
834 2145 1290 2198 confraternitatum,
1313 2143 1357 2188 in
1377 2158 1535 2189 eorum
1560 2142 1762 2189 ecclesiis
1780 2157 1876 2187 ere-

89 2227 280 2279 ctarum,
317 2229 362 2269 et
397 2225 701 2271 redditionem
737 2225 927 2271 rationis
959 2231 1143 2285 propter
1166 2226 1618 2271 administrationem
1646 2225 1873 2270 dictarum

89 2306 540 2358 confraternitatum,
574 2311 621 2351 et
654 2307 948 2365 hospitalium
975 2308 1005 2350 ⁷.

204 2498 214 2518 ¹
242 2498 308 2535 Cit.
333 2503 448 2534 const.
477 2498 677 2535 Alexandri
703 2500 783 2536 VII.

204 2570 216 2588 ¹
242 2570 328 2616 Cap.
357 2571 463 2607 XVlI
491 2576 525 2607 et
555 2571 689 2614 XVIII,
716 2570 813 2608 Sess.
841 2572 947 2609 XXV
973 2572 1016 2608 de
1044 2573 1186 2619 Regul..
1212 2578 1247 2610 et
1273 2584 1318 2611 ex
1352 2576 1508 2613 decretis
1537 2576 1672 2620 congr.
1700 2577 1811 2613 Cone.
1839 2579 1875 2614 in

86 2639 240 2677 Limana
266 2641 308 2677 19
334 2641 426 2677 Nov.
458 2641 561 2685 1625,
588 2641 626 2678 in
652 2642 810 2689 Burqen.
837 2643 859 2679 4
886 2643 1077 2680 Decembr.
1100 2644 1202 2687 1627,
1231 2645 1267 2681 in
1287 2646 1499 2682 Der-monem.
1531 2647 1574 2683 16
1594 2648 1679 2683 Dec.
1701 2647 1791 2684 1545

130 2707 133 2711 ’
202 2710 215 2730 ⁸
241 2711 327 2758 Cap.
356 2711 443 2749 XVI
468 2713 635 2750 eiusdem
663 2714 762 2751 Sess.

201 2782 215 2802 ¹*
240 2785 324 2830 Cap.
356 2784 445 2821 XIX
472 2786 635 2823 eiusdem
664 2786 759 2823 Sess.

202 2854 216 2874 ⁸
242 2855 330 2902 Cap.
360 2857 465 2893 XXII
493 2858 657 2894 eiusdem
686 2859 784 2896 Sess.

205 2923 218 2943 ⁸
244 2925 477 2963 clementina
492 2928 664 2975 Reliyiosi
677 2930 718 2966 de
742 2932 925 2966 testamen.
945 2931 1108 2969 Adealur
1126 2932 1287 2977 Fagnan.
1305 2933 1340 2968 in
1359 2942 1440 2978 cap.
1462 2933 1537 2969 Tua
1552 2935 1653 2977 notis,
1668 2945 1702 2970 n.
1714 2935 1756 2970 19
1771 2939 1803 2971 et
1819 2928 1875 2971 49.

166 2993 170 2997 ’
204 2995 217 3016 ”
243 2997 329 3044 Cap.
355 2999 444 3035 VlII
470 3004 505 3036 et
535 2999 598 3043 lx,
629 3001 729 3039 sess,
750 3002 855 3038 XXll
883 3002 927 3039 de
954 3003 1029 3039 Res.
1049 3007 1083 3039 et
1102 3014 1149 3040 ex
1177 3004 1332 3041 Decreto
1351 3005 1484 3051 congr.
1507 3005 1616 3043 Cone.
1635 2997 1788 3043 relato'a
1807 3008 1876 3044 Fa-

54 3073 211 3112 jgnano
237 3067 306 3105 loc.
335 3069 408 3114 cit„
435 3079 469 3106 n.
495 3069 551 3106 47.
949 3068 954 3071 “
1736 3094 1739 3097 .
