2176 3386
748 201 878 230 LmER
905 201 930 229 1.
965 200 1022 228 DE
1050 199 1242 229 emmas
1807 187 1888 228 289

221 313 264 370 4)
301 311 457 356 Plures
489 309 656 355 Vicarii
689 308 906 355 constitui
951 311 1140 368 possunt
1172 310 1224 352 ut
1255 312 1395 366 agant
1422 307 1734 366 collegialiter‚
1767 309 1888 367 quod

105 396 152 441 in
187 397 284 441 iure
317 395 602 454 reprobatur.
863 390 869 395 ’

226 478 406 524 Etenim
454 477 717 522 difficillime
755 476 937 534 negotia
985 475 1270 520 definiuntur
1300 489 1325 520 a
1359 474 1548 533 collegio
1587 488 1887 533 personarum

104 563 286 623 quando
319 561 470 619 agitur
500 560 555 605 de
589 559 937 604 universalitate
969 572 1229 604 causarum.
1271 558 1340 603 Ob
1371 558 1644 617 opinionum
1677 557 1887 604 differen-

105 646 208 702 tias,
243 650 289 690 et
320 645 626 690 dissensiones
659 644 841 702 negotia
874 644 1169 688 retardantur
1192 643 1222 687 ¹.

228 731 329 774 556.
365 728 451 783 Qui
484 728 702 773 constitui
739 727 880 786 possit
915 726 1121 771 Vicarius
1153 727 1412 784 generalis?

228 814 265 869 l)
304 817 404 857 Non
440 817 589 871 potest
627 811 845 856 constitui
879 810 1022 855 laicus
1053 811 1158 870 quia
1194 810 1522 855 iurisdictionis
1553 810 1890 856 ecclesiasticae

106 895 300 955 incapax
333 901 404 940 est
427 896 458 940 ².

226 983 394 1024 Verum
447 979 692 1038 Episcopus
738 983 887 1037 potest
926 978 1039 1022 laico
1087 978 1379 1022 committere
1429 991 1599 1022 munus
1645 978 1892 1022 adsessoris

108 1064 180 1108 vel
213 1063 493 1109 Consultoris
527 1063 571 1107 in
596 1076 677 1107 suo
700 1062 918 1106 tribunali
954 1066 1003 1106 ut
1038 1062 1206 1106 referat
1238 1076 1355 1120 quae
1388 1067 1495 1106 sunt
1530 1061 1640 1106 iuris
1663 1075 1753 1106 non
1781 1076 1890 1106 vero

108 1150 158 1190 ut
191 1147 470 1192 sententiam
507 1146 794 1203 pronunciet.

226 1232 268 1287 2)
307 1231 447 1274 Debet
493 1243 590 1274 esse
639 1230 831 1274 clericus
864 1229 949 1273 etsi
992 1229 1083 1273 sola
1126 1233 1314 1273 tonsura
1357 1227 1593 1285 initiatus;
1639 1234 1685 1272 et
1723 1229 1890 1273 habere

107 1318 307 1358 aetatem
343 1313 507 1371 viginti
540 1318 737 1372 quatuor
770 1327 998 1357 annorum
1033 1314 1322 1370 expleturum
1362 1327 1414 1357 ac
1450 1312 1694 1370 insignitus
1737 1312 1890 1357 laurea

108 1397 182 1440 vel
215 1396 451 1441 licentiatu
486 1396 532 1440 in
567 1410 694 1440 sacra
730 1396 971 1454 theologia,
1007 1401 1086 1440 aut
1121 1396 1166 1440 in
1203 1395 1297 1439 iure
1332 1396 1556 1440 canonico
1582 1396 1611 1439 ³.

227 1480 268 1534 5)
311 1479 418 1538 Eligi
453 1484 691 1539 nequeunt
725 1480 1019 1536 Regularesl,
1055 1479 1313 1536 coniugati3
1350 1482 1429 1523 aut
1465 1478 1650 1537 bigami,
1683 1480 1889 1534 Parochi,

107 1565 324 1609 Canonici
359 1563 717 1622 poenitentiarii,
743 1569 789 1607 et
810 1577 972 1608 omnes
1005 1564 1265 1608 animarum
1299 1578 1457 1609 curam
1484 1564 1720 1609 habentes.
1761 1564 1891 1609 Ratio

107 1652 176 1692 est
198 1647 303 1707 quia
339 1646 562 1704 parochus
594 1646 766 1705 potitur
798 1647 946 1691 officio
979 1648 1098 1706 quod
1132 1647 1359 1693 assiduam
1387 1646 1682 1691 residentiam
1716 1652 1762 1692 et
1788 1661 1891 1706 ope·

110 1745 207 1775 ram
241 1730 399 1788 exigit.

226 1815 268 1869 4)
309 1817 462 1873 Neque
497 1814 593 1858 iure
631 1815 821 1873 antiquo
867 1828 1014 1873 neque
1053 1814 1151 1859 iure
1186 1814 1453 1859 Tridentino
1488 1814 1811 1873 praescribitur
1843 1819 1893 1858 ut

110 1897 303 1955 eligatur
335 1898 380 1941 in
417 1898 649 1942 Vicarium
683 1899 945 1955 generalem
992 1911 1234 1955 personam
1272 1897 1755 1953 extradioecesanam3
1790 1898 1892 1956 gimo

109 1980 218 2030 olim
255 1980 461 2024 Vicarius
502 1980 726 2038 generalis
762 1981 806 2024 in
841 1981 938 2024 foro
972 1985 1166 2024 externo
1216 1985 1314 2025 erat
1352 1980 1704 2024 archidiaconus
1749 1980 1891 2025 eccle-

109 2063 202 2108 siae
238 2063 533 2118 Cathedralis,
572 2064 616 2107 in
652 2065 750 2108 foro
784 2063 966 2108 interno
1006 2064 1399 2122 Archipresbyter.
1450 2067 1507 2108 At
1538 2064 1585 2108 in
1621 2064 1750 2123 praxi
1785 2078 1892 2109 con-

109 2147 301 2191 trarium
339 2147 578 2192 inductum
628 2152 711 2192 est.
767 2152 818 2191 Et
849 2147 978 2192 Card.
1035 2152 1093 2192 De
1140 2148 1296 2193 Luca⁵
1330 2148 1521 2206 exponit
1569 2149 1747 2206 praxim
1795 2162 1892 2193 esse

111 2233 152 2275 S.
179 2233 341 2288 Congr.
373 2235 447 2289 Ep.
485 2235 531 2275 et
565 2235 671 2290 Reg.
700 2236 749 2275 ut
782 2232 964 2291 quando
997 2231 1054 2276 ad
1076 2246 1177 2276 eam
1204 2245 1414 2276 recursus
1440 2231 1680 2288 habeatur,
1705 2233 1891 2278 deman-

110 2314 205 2358 dari
243 2314 386 2359 soleat
423 2315 639 2373 Episcopo
678 2320 727 2358 ut
768 2315 933 2359 habeat
967 2315 1201 2360 Vicarium
1240 2316 1501 2373 generalem
1544 2316 1812 2371 doctorem,
1847 2321 1893 2361 et

229 2498 238 2517 ¹
268 2499 321 2535 Ita
339 2499 436 2536 Trid.
464 2499 561 2536 Sess.
587 2499 645 2542 24,
672 2509 702 2536 c.
732 2499 786 2543 12,
814 2500 857 2536 de
886 2500 960 2536 Res.
988 2500 1074 2536 sede
1102 2505 1254 2537 vacante
1281 2500 1443 2537 decrevit
1471 2505 1509 2537 ut
1536 2500 1692 2546 eligatur
1719 2501 1892 2538 Vicarius

111 2570 345 2617 Capitularis.

229 2641 242 2660 ²
269 2643 305 2678 C.
333 2652 365 2678 a.
391 2643 435 2680 de
463 2643 620 2680 iudiciis.

231 2713 243 2732 ³
269 2714 324 2750 Ex
350 2715 447 2752 Trid.
474 2715 561 2752 eccl.
588 2715 644 2758 24,
672 2727 703 2753 c.
731 2715 785 2759 12,
813 2717 857 2754 de
882 2717 1041 2753 Reform.

230 2784 244 2805 ὃ
271 2786 502 2824 Clementina
526 2788 563 2823 1²
590 2789 634 2826 de
654 2789 897 2835 Regularibus
918 2790 1078 2836 loquitur
1099 2789 1352 2826 tantummodo
1379 2789 1423 2826 de
1451 2789 1758 2831 mendicantibus
1785 2794 1821 2825 at
1848 2799 1893 2825 ex

114 2859 217 2904 praxi
244 2859 289 2896 ad
315 2870 444 2897 omnes
472 2860 659 2906 regulares
685 2866 838 2898 extensa
863 2866 929 2906 est,
957 2871 1039 2898 cum
1067 2872 1112 2898 ex
1139 2862 1283 2898 decreto
1304 2861 1503 2897 Clementis
1522 2861 1608 2897 VIII
1635 2861 1679 2897 de
1707 2861 1892 2897 Reforma-

114 2929 212 2966 tione
239 2931 475 2976 Regularium
501 2933 723 2978 principium
751 2933 967 2970 invaluerit:
1009 2932 1210 2979 Regulares
1247 2937 1349 2968 extra
1378 2933 1538 2970 claustra
1563 2932 1776 2968 monasterii
1813 2931 1892 2967 sine

114 2999 264 3038 licentia
288 3003 512 3049 apostolicae
539 3004 643 3042 sedis
671 3004 805 3051 degere
831 3014 909 3042 non
935 3014 1055 3050 posse.
1549 3006 1552 3008 ’

231 3073 245 3093 ⁶
272 3073 315 3110 ln
341 3074 474 3112 Adnot.
501 3075 547 3112 ad
575 3075 714 3112 Concil.
741 3076 903 3112 Trident.

237 3145 551 3178 Zi‘rssnu-Som-:m
1730 3145 1769 3176 19
