2176 3386
175 139 255 179 292
846 151 956 181 PARS
986 152 1026 180 11.
1062 152 1118 180 DE
1148 152 1286 181 REBUS

178 263 228 301 ut
259 255 574 315 Cappellania,
612 256 721 301 item
757 257 1172 312 praestimonium,
1208 262 1328 317 quod
1360 263 1429 303 est
1462 258 1609 317 portio
1651 274 1709 305 ex
1749 261 1960 307 ecclesia-

175 340 302 386 sticis
336 339 636 399 proventibus
683 339 921 396 detracta,
957 354 1073 399 quae
1121 341 1489 387 adolescentibus
1535 342 1790 396 studiorum
1823 358 1960 391 causa

172 425 411 469 confertur
445 423 489 489 in
528 422 710 467 titulum
756 428 1057 482 perpetuum,
1095 424 1322 484 habetque
1365 427 1598 471 adnexum
1639 428 1837 473 officium
1873 429 1960 487 spi-

173 508 352 553 rituale.
409 508 582 563 Duplex
617 512 686 552 est
718 507 852 563 illud,
887 508 1007 566 quod
1041 522 1274 575 annexam
1319 507 1456 554 habet
1487 524 1645 555 curam
1679 512 1958 569 animarum,

176 592 248 636 vel
283 590 645 635 iurisdictionem
683 589 729 633 in
764 590 862 634 foro
895 594 1107 646 externo,
1144 591 1216 635 vel
1251 592 1685 649 praeeminentiam,
1712 595 1784 638 vel
1818 595 1960 641 admi-

178 675 499 721 nistrationem
535 673 911 728 ecclesiasticam,
939 679 989 717 ut
1026 674 1335 732 Episcopatus,
1371 675 1629 733 parochiale
1660 677 1958 735 Beneficium,

181 760 387 815 Abbatia,
425 758 760 817 Praepositura,
795 758 1008 802 Cantoria
1043 764 1131 802 ete.
1174 759 1290 815 5)1n
1328 760 1557 815 manuale,
1582 760 1701 820 quod
1736 766 1884 820 potest
1905 763 1959 807 ad

179 843 408 888 collatoris
442 847 607 886 nutum
641 841 828 896 auferri,
867 840 1057 900 ideoque
1089 841 1243 886 delicit
1275 856 1299 886 a
1334 843 1611 900 proprietate
1645 844 1853 889 beneficii
1887 845 1960 889 de-

180 929 301 972 fectu
340 925 679 985 perpetuitati&
715 929 761 968 et
794 924 839 968 in
875 939 966 968 non
1005 925 1232 979 manuale,
1268 925 1386 982 quod
1420 926 1558 970 adimi
1593 927 1768 986 nequit,
1794 927 1880 971 nisi
1905 927 1962 972 ob

180 1011 372 1057 crimen.
424 1011 465 1064 4)
508 1008 736 1053 Dividitur
766 1007 1040 1052 heneficium
1079 1007 1121 1051 in
1156 1009 1441 1065 collativam,
1476 1011 1597 1069 quod
1630 1012 1867 1056 confertur
1884 1026 1962 1068 per

182 1096 469 1140 voluntatem
514 1093 769 1137 absolutam
805 1105 857 1135 ac
893 1090 1080 1135 liberam
1131 1091 1344 1149 Praelati;
1397 1093 1444 1137 in
1479 1097 1806 1150 patronatum,
1841 1094 1961 1153 quod

180 1180 418 1225 confertur
450 1191 474 1220 a
513 1176 716 1220 Praelato
749 1174 804 1219 ad
839 1174 1256 1232 praesentationem
1294 1176 1365 1219 vel
1401 1175 1767 1221 nominationem
1792 1159 1960 1221 factam

181 1276 260 1320 per
295 1266 562 1319 patronum3
608 1264 653 1303 et
685 1258 969 1313 electivum,
1004 1257 1124 1316 qnod
1157 1271 1237 1315 per
1267 1257 1481 1315 sutfragia
1515 1258 1799 1314 electorum,
1835 1272 1961 1303 acce—

179 1347 317 1391 dente
353 1349 504 1403 postea
546 1342 915 1396 confirmatione,
951 1341 1170 1385 defertur.
1220 1342 1262 1398 5)
1296 1345 1345 1385 In
1379 1342 1592 1398 titulare,
1627 1343 1746 1401 quod
1788 1343 1963 1388 scilicet

180 1430 233 1474 ad
269 1429 433 1483 vitam,
466 1432 512 1471 et
545 1441 648 1471 cuin
685 1423 969 1484 plenitudine
994 1424 1105 1468 iuris
1127 1425 1390 1482 confertur;
1427 1429 1471 1468 et
1495 1425 1539 1469 in
1565 1425 1958 1481 commendatum,

179 1512 300 1572 quod
333 1511 470 1556 solius
518 1508 963 1562 administrationis,
999 1512 1079 1552 aut
1111 1508 1345 1552 custodiae
1392 1522 1527 1553 causa
1567 1509 1712 1553 datur.
1763 1510 1891 1562 Quod
1925 1510 1960 1554 si

180 1598 314 1642 detur
346 1596 391 1639 in
429 1596 572 1639 vitam
608 1591 1008 1646 commendatarii,
1034 1597 1146 1636 tunc
1179 1592 1334 1636 omnia
1358 1593 1452 1636 fere
1487 1593 1582 1637 iura
1607 1593 1647 1637 ei
1672 1598 1958 1653 competunt,

179 1695 296 1740 quae
333 1679 607 1724 titularibus.
645 1677 772 1721 Unde
805 1676 1077 1721 commenda
1115 1681 1328 1735 perpetua
1365 1677 1880 1736 aequivaletvbeneficio
1913 1679 1959 1723 in

180 1763 365 1807 titulum
401 1763 522 1806 dato.
570 1763 612 1818 ὅ)
639 1766 684 1805 ln
712 1759 1070 1819 incompatibile,
1097 1765 1142 1803 et
1164 1759 1470 1817 compatibile.
1508 1761 1852 1819 lncompatibile
1874 1767 1959 1818 est,

179 1847 299 1907 quod
333 1860 565 1890 annexam
602 1845 738 1889 habet
771 1857 927 1889 curam
953 1844 1233 1899 animarum,
1275 1845 1342 1887 xel
1376 1844 1495 1903 quod
1531 1846 1814 1902 personalem
1854 1845 1959 1889 resi—

179 1930 384 1975 dentiam
421 1929 648 1988 postulat,
683 1933 734 1971 ut
766 1932 874 1971 sunt
906 1927 994 1971 duo
1031 1926 1355 1985 Episcopatus,
1391 1928 1480 1971 duo
1513 1933 1671 1973 curata
1719 1929 1957 1986 beneficia,

179 2014 296 2058 duae
329 2012 592 2070 dignitates,
628 2016 737 2066 etc.,
775 2011 846 2054 vel
880 2024 997 2069 quae
1030 2010 1075 2053 in
1110 2011 1268 2054 eadem
1305 2011 1493 2055 ecelesia
1530 2012 1740 2057 instituta
1764 2017 1874 2058 sunt
1905 2015 1960 2058 ad

178 2099 393 2142 eumdem
430 2096 595 2150 linem,
632 2095 893 2153 habentque
927 2093 1047 2138 idem
1081 2107 1199 2138 onus
1230 2108 1283 2138 ac
1316 2095 1515 2139 officium
1559 2096 1718 2140 eodem
1752 2102 1960 2155 tempore

181 2181 554 2240 persolvendum,
589 2178 740 2238 qualia
764 2182 872 2222 sunt
894 2179 983 2222 duo
1008 2177 1226 2222 beneficia
1252 2178 1501 2223 uniformia
1526 2180 1610 2223 sub
1632 2180 1790 2224 eodem
1818 2184 1956 2236 tecto,

181 2268 231 2309 ut
253 2265 342 2309 duo
360 2262 668 2310 canonicatus
690 2262 735 2306 in
760 2261 918 2305 eadem
944 2261 1151 2306 ecclesia.
1178 2261 1476 2320 Counpatibile
1498 2267 1567 2307 est
1590 2262 1697 2308 illud
1719 2264 1837 2323 quod
1864 2279 1958 2322 per-

179 2348 384 2392 sonalem
421 2346 714 2390 residentiam
749 2359 840 2389 non
876 2345 1035 2402 exigit,
1069 2359 1151 2389 nec
1185 2344 1305 2389 idem
1339 2358 1455 2390 onus
1477 2360 1531 2390 ac
1564 2346 1762 2391 officium
1798 2347 1956 2391 eodem

180 2435 387 2489 tempore
421 2430 791 2488 persolvendum.

930 2597 1107 2642 CAPUT
1142 2600 1214 2641 111.

620 2728 853 2772 QUOMODO
881 2727 1135 2764 BENEFICIA
1162 2726 1528 2764 CONFERANTUR.

302 2844 430 2888 1275.
471 2843 797 2903 Inquirendum
823 2857 948 2888 nunc
980 2847 1050 2887 est
1082 2848 1193 2900 quot
1229 2842 1374 2887 modis
1397 2841 1619 2888 beneficia
1642 2844 1954 2903 acquirantur.

180 2931 318 2972 Porro
353 2926 498 2984 prima
533 2927 685 2984 regula
719 2925 830 2970 iuris
863 2926 908 2970 in
933 2928 978 2971 6⁰
1001 2926 1065 2970 sic
1099 2926 1258 2970 habet:
1296 2926 1580 2983 Beneficium
1603 2927 1957 2971 ecclesiasticum

179 3023 275 3053 mm
305 3015 447 3066 potest
480 3009 600 3054 licite
641 3008 946 3067 (subintellige
988 3007 1163 3064 etiam,
1199 3020 1284 3053 nec
1316 3007 1483 3065 valide)
1531 3010 1633 3052 sine
1671 3010 1960 3053 institutione

178 3095 413 3139 canoniea
444 3093 657 3137 obtineri.
694 3090 1002 3136 institutionis
1023 3095 1179 3136 autem
1202 3090 1454 3136 canonicae
1475 3089 1644 3136 diversi
1677 3094 1786 3136 sunt
1818 3089 1957 3146 modi,
