2176 3386
762 202 893 230 mmm
921 201 947 229 1.
983 201 1041 229 DE
1070 200 1262 230 emmels
1826 188 1904 228 261

120 314 200 356 aut
231 309 370 355 etiam
403 313 513 354 ante
549 321 763 354 auroram
797 310 878 352 aut
907 310 1012 366 :post
1045 305 1302 351 meridiem.
1339 304 1668 364 Inquireudum
1693 318 1752 349 an
1785 309 1908 350 cata-

119 394 246 451 logus
279 406 473 437 onerum
511 392 756 436 missarum
791 390 838 434 in
873 390 1072 435 sacrario
1095 389 1194 434 loco
1229 389 1402 447 patenti
1428 392 1617 447 prostet‚
1643 393 1800 434 utrum
1831 389 1908 434 ha-

119 477 316 522 beantur
355 475 474 530 libri,
514 488 605 519 non
643 473 766 529 folia,
803 474 850 518 in
884 471 1049 532 quibus
1070 473 1359 518 sacerdotum
1385 486 1527 516 manu
1551 471 1716 516 missae
1742 472 1908 517 descri-

121 559 288 603 bantur
319 558 374 602 ad
407 571 548 602 onera
582 556 812 614 implenda
845 555 1005 600 eadem
1039 553 1111 600 die
1143 554 1415 599 celebratae.

241 642 341 686 296.
379 640 536 695 Quoad
557 643 901 685 sacramentum
922 637 1236 683 poenitentiae
1262 637 1588 696 inquirendum
1608 652 1666 682 an
1685 638 1911 682 confessa-

121 724 174 769 rii
208 724 353 769 induti
388 723 714 782 superpelliceo
747 736 801 767 ac
833 723 948 767 stola
982 726 1044 777 et,
1079 722 1199 781 quod
1233 720 1401 766 attinet
1432 721 1489 765 ad
1523 721 1738 766 mulieres
1768 721 1906 778 (idem

123 812 324 868 praestat
346 807 495 866 quoad
520 808 720 865 pueros),
747 806 793 850 in
827 805 933 850 sede
966 805 1287 850 confessionali
1312 805 1367 850 ad
1390 808 1564 850 cratem
1599 806 1911 851 confessiones

121 890 371 947 excipiant3
408 893 567 934 utrum
592 888 866 935 Confessarii
889 889 943 933 de
967 889 1115 933 aliena
1138 888 1335 934 dioecesi
1357 889 1667 934 admittantur
1688 889 1787 935 sine
1812 891 1910 948 Epi-

121 972 242 1031 scopi
276 972 493 1021 licentia;
530 973 650 1017 circa
685 973 813 1017 sedes
846 971 1219 1027 confessionales‚
1256 977 1412 1017 utrum
1447 972 1540 1018 sint
1571 973 1618 1018 in
1664 974 1762 1019 loco
1803 974 1911 1019 visi-

121 1057 197 1101 bili
231 1062 277 1102 et
308 1062 482 1102 cratem
517 1057 718 1101 habeant
750 1070 803 1101 ac
836 1056 1050 1101 ostiolum
1084 1071 1173 1116 quo
1197 1057 1452 1103 Sacerdotis
1475 1057 1616 1102 facies
1641 1058 1805 1116 populo
1835 1072 1909 1103 oc-

122 1140 337 1194 cultetur,
376 1153 462 1183 nec
495 1152 588 1183 non
625 1139 745 1197 piam
780 1139 1027 1198 quamdam
1063 1139 1313 1198 imaginem
1348 1153 1405 1183 ex
1444 1144 1571 1198 parte
1614 1139 1907 1198 poenitentis,

123 1226 279 1266 utrum
314 1222 360 1266 in
396 1222 450 1267 iis
483 1222 541 1267 sit
574 1223 709 1267 affixa
747 1223 909 1267 tabella
943 1236 1133 1267 casuum
1169 1228 1510 1268 reservatorum
1544 1228 1633 1269 etc.

244 1307 345 1350 297.
383 1309 539 1359 Quoad
565 1310 909 1351 sacramentum
946 1310 1191 1351 Extremae
1218 1306 1454 1352 Unctionis
1478 1307 1709 1366 inquirere
1736 1308 1912 1366 Episco-

125 1403 207 1448 pus
241 1389 374 1433 debet
408 1389 529 1433 circa
566 1391 752 1434 modum
788 1404 878 1449 quo
910 1403 1092 1435 sacrum
1126 1391 1277 1435 oleum
1312 1395 1541 1446 servatur,
1577 1405 1635 1435 an
1672 1391 1717 1435 in
1750 1391 1910 1436 cellula

123 1486 148 1516 a
182 1485 324 1517 cornu
359 1472 586 1530 evangelii
623 1487 778 1531 panno
812 1474 957 1518 serico
991 1474 1187 1519 obducta
1213 1474 1256 1518 in
1283 1474 1470 1519 vasculo
1494 1475 1658 1519 saltem
1681 1479 1909 1530 stamneo,

123 1556 170 1601 in
205 1558 387 1615 capsula
424 1557 573 1615 lignea
609 1557 799 1608 incluso,
838 1558 1164 1616 circumposito
1188 1559 1493 1618 undequaque
1516 1558 1710 1617 gossipio
1736 1563 1783 1603 et
1805 1573 1911 1603 cum

124 1653 223 1685 sera
257 1646 302 1684 et
335 1641 451 1685 clavi
490 1644 777 1699 externaque
801 1641 1123 1699 inscriptione:
1166 1643 1327 1686 Oleum
1353 1643 1672 1701 infirmorum.
1711 1643 1775 1687 Ad
1799 1643 1912 1688 haec

125 1723 357 1783 inquirere
390 1723 524 1768 debet
558 1723 679 1768 circa
714 1724 901 1768 modum
936 1738 1026 1783 quo
1058 1725 1114 1769 ad
1139 1725 1346 1770 infirmos
1368 1725 1573 1770 defertur
1595 1730 1642 1770 et
1673 1725 1794 1770 circa
1820 1739 1912 1770 mo-

124 1807 232 1851 dum
266 1820 355 1866 quo
389 1807 756 1852 administratur.

244 1890 343 1935 298.
384 1891 541 1944 Quoad
571 1895 914 1936 sacramentum
949 1892 1231 1937 Matrimonii
1253 1892 1578 1952 inquirendum
1602 1907 1659 1937 an
1685 1895 1913 1939 Pal-ochus

125 1973 364 2034 aliquoties
389 1974 433 2018 in
458 1988 582 2018 anno
607 1973 936 2032 impedimenta
963 1974 1246 2019 matrimonii
1282 1975 1445 2033 populo
1468 1980 1688 2034 exponat,
1713 1990 1773 2020 an
1805 1981 1914 2021 ante

126 2057 474 2102 matrimonium
511 2057 659 2102 trinas
691 2056 805 2101 fiant
837 2057 1221 2102 denunciationes
1252 2057 1412 2103 diebus
1445 2058 1572 2103 sestis
1593 2059 1647 2103 de
1670 2063 1913 2118 praecepto
1948 2056 1952 2059 ’

127 2141 270 2200 iisque
305 2155 396 2186 non
423 2140 684 2197 continuis;
721 2155 779 2185 an
805 2140 957 2199 sponsi
980 2146 1088 2186 ante
1113 2141 1464 2186 matrimonium
1489 2142 1569 2187 soli
1594 2143 1764 2202 absque
1786 2157 1912 2201 prae-

127 2225 273 2270 sentia
310 2228 554 2283 parentum
590 2230 947 2280 conversentur,
982 2239 1040 2269 an
1075 2225 1222 2270 exteri
1260 2226 1332 2270 vel
1364 2225 1440 2285 qui
1483 2225 1560 2270 diu
1607 2226 1792 2271 fuerunt
1836 2227 1912 2270 ab·

127 2312 280 2352 sentes
312 2307 482 2366 absque
517 2306 702 2352 licentia
741 2307 944 2365 Episcopi
979 2308 1033 2352 ad
1084 2308 1434 2354 matrimonium
1476 2308 1808 2364 admittantur,
1853 2324 1912 2355 an

127 2390 250 2436 domi
283 2390 381 2435 sine
418 2390 622 2449 Episcopi
657 2390 844 2436 licentia
880 2391 1175 2437 matrimonia
1209 2392 1523 2449 celebrentur,
1571 2408 1631 2438 an
1674 2397 1912 2439 contracta

128 2474 286 2519 eadem
319 2473 390 2518 die
423 2473 742 2518 describantur
774 2473 821 2518 in
854 2473 984 2520 libro.
1016 2464 1017 2467 ¹

246 2558 347 2604 299.
387 2556 580 2605 Materia
615 2557 895 2604 visitationis
927 2562 1055 2604 sunt:
1099 2559 1143 2609 2)
1171 2558 1387 2618 reliquiae
1410 2563 1455 2603 et
1479 2558 1702 2617 imagines
1734 2564 1913 2604 sancto-

129 2655 244 2686 rum.
289 2641 444 2694 Quoad
480 2640 706 2699 imagines
739 2640 1066 2701 inquirendum
1101 2646 1169 2687 est
1202 2655 1259 2685 an
1295 2640 1341 2685 in
1378 2642 1590 2687 Ecclesiis
1620 2646 1916 2700 exponantur

128 2727 376 2783 antequam
412 2724 470 2768 ab
504 2723 724 2782 Episcopo
757 2725 1034 2782 approbatae
1067 2724 1257 2781 fuerint,
1283 2740 1341 2770 an
1367 2726 1547 2783 procaci
1571 2729 1816 2770 venustate
1841 2725 1914 2769 vel

129 2805 279 2864 specie
302 2810 348 2850 et
371 2807 518 2851 forma
543 2820 636 2851 non
663 2820 773 2851 vera
805 2811 885 2851 aut
917 2806 1099 2852 insolita
1124 2806 1332 2866 depictae
1355 2808 1462 2852 sint.
1500 2808 1628 2861 Quod
1649 2805 1860 2865 reliquias
1880 2807 1911 2861 ¹,

248 2958 256 2977 ¹
287 2959 460 2996 Distu-ieie
487 2960 705 3006 prohibetur
730 2970 855 2997 sacras
883 2961 1058 3008 reliquias
1085 2967 1119 2998 et
1147 2962 1365 2999 Sanctorum
1391 2962 1556 3007 exuvias,
1583 2961 1667 2998 licet
1685 2961 1838 3007 capsula
1866 2971 1918 2997 re-

132 3032 297 3068 conditas
323 3037 359 3068 et
385 3031 508 3078 sigillo
536 3032 712 3075 munitas,
739 3013 906 3078 quolibet
931 3038 1122 3079 praetextu
1150 3033 1260 3071 eiiam
1287 3033 1494 3070 redimendi
1521 3043 1641 3071 emere
1660 3037 1724 3070 aut
1750 3033 1916 3069 mercari.

132 3102 204 3140 Leo
231 3104 317 3140 Xlll
343 3103 390 3140 24
415 3105 500 3141 Dec.
529 3105 630 3141 1878.
