2176 3386
782 191 910 220 L113En
941 191 964 219 1.
996 191 1053 219 DE
1082 190 1277 220 Ωιι-331015
1871 180 1921 220 19

138 300 194 345 de
225 299 541 358 episcoporum
575 299 816 353 electione,
851 299 897 343 in
931 313 986 343 eo
1018 303 1168 344 totum
1205 303 1437 344 versatum
1463 303 1531 343 est
1565 304 1630 353 ut,
1665 305 1919 344 memorata

141 383 355 428 methodo
397 387 610 427 accurate
649 387 861 438 servata,
899 382 1154 441 Apostolica
1200 382 1335 426 Sedes
1376 383 1660 440 exploratam
1705 381 1918 427 notitiam

138 467 304 511 habere
349 465 490 521 possit
531 465 799 510 meritorum
845 465 1135 510 sacerdotum
1182 479 1261 523 pro
1296 465 1461 524 quibus
1493 466 1922 510 commendationes

136 549 409 594 afferuntur.
445 553 594 603 Quare
619 551 749 594 Sacra
775 549 1075 606 Congregatio
1100 548 1143 592 in
1167 549 1352 594 decreto
1374 549 1492 608 quod
1526 549 1598 593 die
1623 550 1765 607 prima
1802 550 1918 594 Iunii

137 647 212 677 an.
244 633 353 677 1829
378 646 430 677 ea
464 632 519 677 de
553 647 599 676 re
639 633 811 676 sactum
850 634 1013 684 fuerat,
1049 645 1102 676 ac
1135 631 1207 676 die
1244 632 1293 675 17
1328 632 1539 676 Octobris
1570 632 1773 676 eiusdem
1810 634 1918 677 anni

139 717 476 774 promulgatum
501 720 585 769 est,
612 715 867 760 declaravit
901 719 1104 759 mentem
1134 727 1264 758 suam
1299 728 1396 758 esse
1422 719 1471 756 ut
1493 715 1921 761 commendationes

138 799 240 844 illae
274 799 428 843 lumen
465 801 647 842 tantum
671 812 724 842 ac
748 797 1060 855 cognitionem
1089 797 1171 842 sibi
1202 801 1526 855 compararent
1548 797 1667 842 circa
1698 812 1774 843 eos
1800 798 1922 843 inter

138 896 251 941 quos
275 881 528 940 Apostolica
564 882 699 926 Sedes
730 881 966 940 episcopos
997 885 1066 925 est
1098 881 1315 925 electura.
1356 880 1509 924 Voluit
1537 880 1720 939 quidem
1745 882 1920 928 dioece-

138 978 301 1010 sanum
345 965 518 1009 clerum
558 964 731 1008 consuli
776 969 913 1024 atque
955 963 1158 1008 eiusdem
1198 964 1464 1022 opinionem
1502 963 1622 1008 circa
1662 966 1922 1011 sacerdotes

139 1048 530 1094 commendandos
569 1062 646 1106 per
678 1052 852 1092 secreta
895 1047 1107 1104 suffragia
1143 1047 1327 1106 requiri.
1373 1047 1418 1091 [d
1452 1051 1607 1092 autem
1650 1062 1700 1092 ea
1735 1052 1918 1093 tantum

138 1132 193 1175 de
215 1145 350 1176 causa
387 1132 557 1175 factum
599 1136 693 1182 est,
730 1135 780 1175 ut
814 1134 1006 1176 Sanctae
1051 1131 1148 1175 Sedi
1189 1135 1422 1176 constaret
1454 1131 1644 1190 quinam
1680 1133 1920 1191 praecipue

138 1215 396 1272 sacerdotes
428 1214 798 1260 aestimationem
824 1215 1066 1259 obtineant
1088 1215 1195 1259 cleri
1220 1215 1498 1269 dioecesani,
1523 1219 1569 1259 et
1593 1217 1682 1260 tale
1716 1216 1921 1261 testimo·

139 1299 266 1342 nium
313 1303 657 1357 consequantur
689 1313 745 1343 ex
779 1314 869 1357 quo
908 1298 1099 1355 intelligi
1135 1298 1274 1357 possit
1319 1312 1395 1344 eos
1436 1300 1553 1357 apud
1596 1299 1919 1345 dioecesanum

138 1382 310 1426 clerum
350 1382 403 1425 ad
438 1381 751 1440 episcopatum
795 1383 1169 1442 consequendum
1218 1382 1403 1427 idoncos
1435 1383 1628 1427 censeri.
1657 1387 1776 1428 Hoc
1811 1398 1921 1428 vero

139 1464 276 1510 unico
299 1464 522 1509 scrutinio
546 1465 640 1509 lieri
669 1479 795 1523 posse.
832 1466 1130 1511 manifestum
1155 1472 1223 1511 est
1245 1471 1291 1511 et
1325 1481 1485 1511 revera
1519 1466 1691 1512 decreti
1715 1468 1922 1525 superius

142 1549 382 1593 memorati
418 1553 664 1593 contextus
697 1548 770 1593 hic
804 1553 888 1604 est,
926 1554 975 1593 ut
1009 1549 1053 1593 in
1095 1564 1187 1595 uno
1235 1554 1415 1594 tantum
1459 1550 1681 1595 scrutinio
1715 1563 1786 1594 res
1824 1565 1920 1608 per-

139 1635 296 1689 agatar
328 1636 463 1691 atque
497 1646 552 1676 ex
588 1646 640 1676 eo
664 1631 886 1677 scrutinio
919 1636 1099 1677 constet
1132 1633 1321 1692 quinam
1344 1633 1437 1677 sint
1468 1638 1560 1678 tres
1582 1635 1842 1678 sacerdotes
1876 1634 1918 1678 in

138 1728 252 1774 quos
285 1715 429 1758 maior
464 1715 782 1773 suffragiorum
818 1729 1038 1759 numerus
1071 1715 1359 1760 convenerit.

261 1798 323 1842 Ad
359 1801 400 1842 S.
436 1798 812 1855 Congregationis
847 1798 1059 1843 notitiam
1098 1813 1243 1856 nuper
1277 1798 1490 1857 pervenit
1522 1798 1567 1842 in
1598 1799 1825 1858 aliquibus
1848 1799 1921 1844 Hi-

138 1882 324 1926 berniae
358 1881 641 1926 dioecesibus
674 1882 759 1925 boc
798 1872 1051 1926 obtinuisse
1086 1886 1137 1925 ut
1170 1881 1214 1924 in
1250 1881 1560 1926 conventibus
1591 1880 1668 1940 qui
1694 1882 1922 1926 habentur

138 1979 162 2010 a
197 1966 318 2011 clero
351 1965 622 2010 dioecesano
656 1965 709 2008 ad
744 1965 1005 2009 sacerdotes
1039 1968 1079 2009 S.
1118 1964 1217 2008 sedi
1252 1964 1644 2009 commendandos
1677 1979 1733 2008 ex
1758 1963 1923 2023 quibus

138 2050 377 2107 episcopus
409 2047 573 2107 aliquis
605 2047 817 2105 eligatur,
855 2062 947 2091 non
982 2061 1127 2091 unum
1162 2047 1439 2091 scrutinium
1474 2047 1551 2092 sed
1586 2047 1671 2092 tria
1696 2047 1823 2092 liant.
1853 2053 1922 2093 ln-

139 2132 348 2191 telligens
382 2134 423 2176 S.
460 2130 760 2188 Congregatio
796 2130 903 2175 hinc
936 2131 1126 2175 evenire
1163 2143 1308 2188 posse,
1346 2135 1395 2173 ut
1428 2144 1520 2174 non
1556 2135 1649 2175 tres
1690 2135 1922 2188 praestan·

141 2216 280 2261 tiores
312 2231 368 2260 ex
403 2216 540 2269 clero,
577 2214 652 2259 sed
698 2227 818 2258 unus
863 2228 1023 2258 revera
1068 2213 1422 2258 commendetur
1462 2216 1600 2272 atque
1641 2213 1685 2258 ei
1724 2213 1813 2257 duo
1846 2212 1921 2257 alii

142 2300 284 2346 veluti
318 2300 372 2344 ad
409 2301 605 2343 formam
639 2302 824 2342 tantum
860 2299 1173 2355 adiungantur
1207 2297 1385 2341 meritis
1427 2296 1618 2341 omnino
1663 2295 1919 2350 inferiores,

141 2384 329 2442 cupiens
365 2386 598 2441 praeterea
632 2383 796 2427 eadem
833 2384 873 2426 S.
912 2381 1212 2439 Congregatio
1246 2380 1414 2439 ubique
1457 2380 1502 2423 in
1547 2380 1762 2424 Hibernia
1798 2394 1922 2424 eam-

141 2468 243 2512 dem
287 2467 552 2512 methodum
587 2466 707 2511 circa
743 2465 968 2510 eiusmodi
1012 2464 1443 2509 commendationes
1483 2464 1676 2518 servari,
1721 2464 1921 2507 scriben-

142 2551 249 2595 dum
284 2550 506 2596 iudicavit
540 2549 841 2607 Amplitudini
881 2552 1002 2592 Tuae
1037 2548 1156 2592 hanc
1188 2547 1428 2605 epistolam
1463 2546 1657 2591 caeteris
1691 2545 1920 2603 Archiepi-

142 2634 290 2692 scopis
321 2633 775 2687 communicandam,
810 2636 860 2675 ut
892 2631 938 2675 in
973 2630 1258 2676 dioecesibus
1290 2630 1505 2674 omnibus
1538 2628 1782 2673 Hiberniae
1815 2622 1921 2673 con-

143 2721 231 2761 stet
263 2717 453 2761 unicum
487 2715 762 2762 scrutinium
802 2715 846 2758 in
883 2713 1194 2759 conventibus
1232 2712 1339 2757 cleri
1386 2711 1694 2769 peragendum
1734 2724 1832 2755 esse
1866 2710 1920 2760 ad

143 2804 237 2844 tres
267 2800 526 2845 sacerdotes
559 2803 753 2844 Sanctae
789 2797 889 2843 Sedi
924 2795 1316 2841 commendandos
1357 2799 1606 2852 antequam
1651 2794 1743 2850 ipsa
1786 2793 1921 2836 ‹leve—

144 2883 243 2928 niat
273 2884 328 2928 ad
361 2883 560 2941 episcopi
593 2882 784 2928 alicuius
818 2880 1066 2925 Hiberniae
1109 2879 1331 2923 dioecesis
1369 2877 1661 2931 electionem,
1709 2881 1756 2919 et
1801 2876 1921 2919 hunc

147 2982 310 3013 verum
342 2966 511 3012 decreti
545 2966 634 3011 diei
673 2968 688 3010 l
730 2966 845 3011 lunii
871 2965 993 3024 ‚1829
1029 2977 1213 3008 sensum
1248 2976 1361 3007 esse.
