2176 3386
595 175 945 205 SUPPLEMENTUM
975 173 1256 210 QUORUMDAM
1285 173 1653 203 DOCUMENTORUM
1942 163 2024 204 319

356 297 468 341 Cum
502 294 730 350 evenerit,
766 299 816 339 ut
848 295 1000 354 plures
1032 293 1292 339 sacerdotes
1323 293 1443 338 bona
1476 292 1564 338 fide
1597 307 1677 352 pro
1708 306 1790 338 sua
1822 294 2024 340 secunda

239 378 446 437 paroecia
480 391 574 423 non
607 377 969 432 celebraverint,
1004 381 1056 421 ut
1087 377 1134 421 in
1169 389 1278 422 casu
1298 411 1308 431 ,
1343 375 1655 434 postulamus,
1691 380 1743 420 ut
1777 376 1883 435 ipsis
1914 389 2024 422 suae

238 461 526 516 omissiones,
561 460 598 505 si
621 474 810 506 necesse
842 461 918 516 sit,
953 461 1291 506 condonentur.

361 547 409 588 R.
449 543 512 588 Ad
543 544 581 588 1.
610 543 912 598 Affirmative,
951 542 1036 588 nisi
1073 542 1193 602 quod
1234 542 1486 600 optandum
1528 543 1647 587 foret
1684 546 1735 586 ut
1771 542 2023 587 secundam

237 627 424 671 missam
448 626 703 671 celebraret
726 626 772 671 in
796 626 996 671 secunda
1021 626 1248 684 paroecia.
1288 627 1352 670 Ad
1386 627 1427 671 2.
1458 629 1561 670 Non
1595 625 1747 671 licere.
1785 626 1850 670 Ad
1879 626 1920 670 5.
1949 627 2023 672 Ar-

236 710 485 765 firmative,
501 710 536 755 si
556 710 602 754 in
620 710 820 755 secunda
840 710 1047 766 paroecia
1066 709 1296 754 celebrare
1317 723 1408 753 non
1431 713 1594 767 potest,
1613 710 1734 755 facto
1754 709 1893 754 verbo
1915 722 2022 754 cum

237 794 372 839 SSrilo
388 795 528 839 etiam
547 793 694 852 quoad
713 793 1002 837 sanationem
1022 793 1172 847 quoad
1192 792 1493 850 praeteritum
1510 811 1548 837 n.
1572 795 1720 838 S.C.C.
1735 792 2019 838 24i111.1886.

355 1071 401 1111 ln
423 1071 586 1124 Congr.
614 1070 725 1112 Gen.
755 1067 845 1112 Fid.
871 1070 1002 1126 l'rop.
1029 1068 1118 1113 diei
1143 1068 1198 1113 28
1222 1068 1317 1112 iulii
1346 1068 1458 1112 1884
1483 1067 1713 1126 proposita
1736 1071 1845 1112 sunt
1866 1066 2017 1111 dubia.

238 1153 274 1194 l.
312 1155 380 1197 An
414 1156 460 1195 et
491 1153 720 1210 quomodo
763 1151 992 1210 applicare
1041 1153 1268 1212 Episcopis
1302 1151 1514 1197 Armenis
1550 1151 1621 1196 ius
1652 1151 1864 1196 divinum
1899 1150 2020 1196 circa

231 1233 555 1291 obligationem
592 1234 755 1279 Missae
791 1249 870 1292 pro
906 1236 1084 1293 populo.
1123 1238 1164 1280 2.
1205 1240 1271 1281 An
1305 1241 1350 1279 et
1382 1235 1611 1294 quomodo
1645 1235 1754 1278 illud
1787 1233 2019 1291 applican-

230 1319 339 1362 dum
374 1319 431 1362 sit
468 1318 680 1362 parochis
732 1318 936 1363 eiusdem
990 1319 1117 1364 ritus.

353 1404 489 1445 Porro
523 1404 643 1446 Sacr.
680 1404 842 1459 Congr.
884 1403 1250 1460 respondendum
1287 1402 1497 1447 censuit:
1548 1402 1609 1448 Ad
1649 1402 1698 1445 1¹²²
1723 1401 2017 1455 affirmative,

232 1487 278 1527 et
315 1484 518 1541 Episcopi
554 1484 740 1528 Armeni
777 1485 903 1529 iuxta
937 1488 1090 1530 Const.
1129 1486 1251 1531 Ssffii
1289 1490 1336 1530 D.
1374 1489 1428 1529 N.
1467 1489 1523 1528 In
1555 1499 1779 1542 suprema
1813 1483 1921 1542 ipsis
1954 1482 2021 1527 in-

232 1568 491 1622 dicendam,
517 1568 776 1626 obligentur
798 1569 853 1612 ad
877 1573 1223 1614 sacrosanctum
1259 1570 1423 1614 Missae
1447 1569 1724 1615 sacrificium
1750 1583 1828 1627 pro
1854 1568 2019 1627 populo

231 1650 554 1709 applicandum
590 1651 804 1696 omnibus
836 1657 882 1696 et
913 1652 1103 1709 singulis
1135 1652 1379 1698 dominicis
1401 1653 1591 1712 aliisque
1615 1652 1742 1698 festis
1773 1652 1932 1697 diebus
1963 1652 2018 1697 de

231 1740 474 1792 praecepto
510 1735 553 1779 in
589 1736 845 1793 respectiva
880 1737 1075 1781 dioecesi
1115 1738 1390 1793 iigentibus,
1426 1742 1473 1782 et
1506 1738 1559 1781 ad
1595 1742 1833 1782 mentem:
1887 1741 2018 1781 Mens

231 1823 295 1862 est
330 1819 448 1877 quod
482 1818 517 1861 si
551 1819 653 1877 quis
686 1821 743 1864 ob
786 1820 1038 1878 peculiares
1083 1821 1456 1866 circumstantias
1491 1822 1823 1880 praescriptum
1859 1821 2017 1865 Missa·

230 1916 331 1946 rum
368 1916 612 1947 numerum
648 1903 730 1947 sibi
768 1903 906 1948 nimis
939 1918 1128 1960 gravem
1163 1899 1415 1961 existimet,
1453 1905 1612 1950 iisdem
1654 1905 2016 1949 circumstantiis

229 1986 464 2043 expositis,
500 2000 738 2031 recurrere
774 1988 940 2046 poterit
973 1989 1027 2032 ad
1063 1992 1103 2033 S.
1143 1990 1301 2033 Sedem
1338 1994 1388 2033 ut
1420 2003 1672 2047 congruam
1715 1987 2015 2046 dispensatio-

229 2083 334 2113 nem
370 2070 593 2124 obtineat,
630 2072 1020 2130 quemadmodum
1069 2073 1210 2117 etiam
1261 2073 1334 2117 ubi
1371 2087 1483 2131 opus
1531 2073 1685 2126 fuerit,
1723 2077 1772 2115 ut
1808 2073 1907 2116 loco
1939 2071 2015 2116 do-

229 2152 427 2197 minicae
463 2154 531 2197 vel
565 2154 753 2198 alterius
786 2155 1069 2210 festivitatis,
1108 2156 1293 2200 Missam
1329 2157 1401 2200 die
1436 2155 1580 2200 feriali
1616 2156 1733 2200 infra
1770 2155 2014 2199 hebdoma—

228 2235 333 2279 dam
367 2237 594 2294 applicare
631 2238 795 2281 valeat.
835 2239 897 2283 Ad
932 2240 985 2283 2¹⁰
1009 2240 1284 2284 affirmative
1317 2241 1465 2299 quoad
1503 2241 1541 2284 ¹1.
1566 2254 1606 2297 p.
1633 2239 1755 2283 etad
1782 2242 2011 2282 mentem:

234 2322 360 2362 Mens
394 2323 462 2362 est
493 2319 612 2378 quod
646 2320 873 2365 scribatur
908 2325 956 2366 R.
997 2325 1041 2366 P.
1083 2327 1129 2366 l).
1170 2323 1492 2379 patriarchae,
1530 2323 1797 2368 Sacerdotes
1829 2335 2011 2366 sacrum

230 2401 538 2446 ministerium
572 2409 843 2449 exercentes
876 2405 994 2449 haud
1028 2405 1248 2464 adstringi
1284 2421 1423 2451 onere
1459 2407 1622 2451 missae
1657 2420 1735 2464 pro
1771 2406 1936 2464 populo
1965 2404 2013 2449 li-

229 2485 411 2540 tandae,
449 2485 534 2530 nisi
570 2487 791 2543 paroeciis
826 2488 1003 2546 proprie
1036 2488 1169 2533 dictis
1203 2494 1253 2532 ut
1285 2504 1443 2534 earum
1481 2495 1683 2548 pastores
1715 2488 1883 2534 addicti
1918 2489 2012 2532 fue·

229 2566 352 2624 rint;
390 2569 622 2626 paroecias
653 2575 808 2614 autem
834 2571 1012 2629 proprie
1045 2572 1190 2616 dictas
1213 2586 1289 2617 cas
1310 2587 1407 2618 6886
1442 2573 1487 2617 in
1521 2573 1685 2633 quibus
1706 2573 1874 2616 adsunt
1895 2585 2013 2631 quae

227 2649 273 2694 in
311 2651 588 2696 resolutione
629 2656 789 2710 Congr.
823 2657 936 2698 Gen.
982 2654 1071 2699 diei
1105 2656 1161 2699 ⁹24
1203 2655 1300 2700 iulii
1340 2656 1477 2711 1882,
1515 2656 1831 2701 indicantur¹.
1882 2654 2010 2709 Quod

346 2829 355 2847 ¹
389 2830 428 2864 ln
452 2829 586 2875 Congr.
613 2830 784 2867 Generali
811 2842 876 2878 pro
904 2834 1064 2878 negotiis
1091 2834 1333 2871 orientalibus
1369 2835 1496 2871 habita
1527 2836 1584 2871 die
1611 2835 1656 2872 24
1683 2836 1761 2873 iulii
1790 2837 1881 2874 1882
1919 2838 2012 2875 haec

226 2899 413 2937 declarata
449 2905 551 2938 sunt:
598 2915 611 2932 ι
632 2902 688 2938 Ad
722 2902 1068 2940 determinationem
1108 2907 1299 2951 paroeciae
1337 2907 1485 2952 proprie
1523 2907 1641 2943 dictae
1668 2917 1743 2944 non
1774 2910 2012 2955 requiruntur

227 2981 356 3008 omnes
383 2973 623 3010 formalitates
658 2975 908 3021 praescriptae
934 2986 956 3012 a
982 2976 1126 3022 legibus
1165 2978 1354 3015 Ecclesiae
1381 2979 1540 3021 latinae,
1567 2980 1632 3016 sed
1658 2981 1796 3018 suflicit
1822 2987 1861 3018 ut
1885 2988 2011 3019 aucto-

226 3044 333 3081 ritate
359 3045 432 3081 sint
456 3045 638 3083 stabiliter
654 3047 954 3093 circumscriptae
974 3048 1119 3095 aliquae
1146 3050 1431 3086 communitates
1451 3050 1627 3094 fidelium,
1646 3062 1740 3098 quae
1768 3052 1826 3090 ius
1850 3053 2008 3090 babeant
