<?xml version="1.0" encoding="UTF-8"?>
<!DOCTYPE html PUBLIC "-//W3C//DTD XHTML 1.0 Transitional//EN"
    "http://www.w3.org/TR/xhtml1/DTD/xhtml1-transitional.dtd">
<html xmlns="http://www.w3.org/1999/xhtml" xml:lang="en" lang="en">
 <head>
  <title>
</title>
<meta http-equiv="Content-Type" content="text/html;charset=utf-8" />
  <meta name='ocr-system' content='tesseract 3.04.00' />
  <meta name='ocr-capabilities' content='ocr_page ocr_carea ocr_par ocr_line ocrx_word'/>
</head>
<body>
  <div class='ocr_page' id='page_1' title='image "apparatus00ziteuoft_0600.png"; bbox 0 0 2176 3386; ppageno 0'>
   <div class='ocr_carea' id='block_1_1' title="bbox 1379 0 2176 238">
    <p class='ocr_par' dir='ltr' id='par_1_1' title="bbox 1379 0 2176 238">
     <span class='ocr_line' id='line_1_1' title="bbox 1379 0 2176 238; baseline 0 3148"><span class='ocrx_word' id='word_1_1' title='bbox 1379 0 2176 238; x_wconf 95' lang='lat' dir='ltr'> </span> 
     </span>
    </p>
   </div>
   <div class='ocr_carea' id='block_1_2' title="bbox 243 204 1352 249">
    <p class='ocr_par' dir='ltr' id='par_1_2' title="bbox 243 204 1352 249">
     <span class='ocr_line' id='line_1_2' title="bbox 243 204 1352 249; baseline 0.005 -5"><span class='ocrx_word' id='word_1_2' title='bbox 243 204 319 244; x_wconf 88' lang='lat'>104</span> <span class='ocrx_word' id='word_1_3' title='bbox 915 219 1024 247; x_wconf 74' lang='lat' dir='ltr'>PARS</span> <span class='ocrx_word' id='word_1_4' title='bbox 1053 220 1096 247; x_wconf 87' lang='lat' dir='ltr'>n.</span> <span class='ocrx_word' id='word_1_5' title='bbox 1130 220 1184 247; x_wconf 85' lang='lat' dir='ltr'>DE</span> <span class='ocrx_word' id='word_1_6' title='bbox 1216 220 1352 249; x_wconf 81' lang='lat' dir='ltr'>REBUS</span> 
     </span>
    </p>
   </div>
   <div class='ocr_carea' id='block_1_3' title="bbox 243 270 1660 280">
    <p class='ocr_par' dir='ltr' id='par_1_3' title="bbox 243 270 1660 280">
     <span class='ocr_line' id='line_1_3' title="bbox 243 270 1660 280; baseline 0 0"><span class='ocrx_word' id='word_1_7' title='bbox 243 270 1660 280; x_wconf 95' lang='lat' dir='ltr'> </span> 
     </span>
    </p>
   </div>
   <div class='ocr_carea' id='block_1_4' title="bbox 974 390 1290 432">
    <p class='ocr_par' dir='ltr' id='par_1_4' title="bbox 974 390 1290 432">
     <span class='ocr_line' id='line_1_4' title="bbox 974 390 1290 432; baseline 0.003 -13"><span class='ocrx_word' id='word_1_8' title='bbox 974 390 1205 432; x_wconf 47' lang='lat' dir='ltr'>narremus</span> <span class='ocrx_word' id='word_1_9' title='bbox 1229 391 1290 420; x_wconf 81' lang='grc' dir='ltr'><strong>ιιι.</strong></span> 
     </span>
    </p>
   </div>
   <div class='ocr_carea' id='block_1_5' title="bbox 833 471 1438 517">
    <p class='ocr_par' dir='ltr' id='par_1_5' title="bbox 833 471 1438 517">
     <span class='ocr_line' id='line_1_5' title="bbox 833 471 1438 517; baseline 0.005 -3"><span class='ocrx_word' id='word_1_10' title='bbox 833 473 893 515; x_wconf 88' lang='lat' dir='ltr'>De</span> <span class='ocrx_word' id='word_1_11' title='bbox 931 471 1062 515; x_wconf 77' lang='lat' dir='ltr'>titulo</span> <span class='ocrx_word' id='word_1_12' title='bbox 1100 471 1438 517; x_wconf 77' lang='lat' dir='ltr'>ordinationis.</span> 
     </span>
    </p>
   </div>
   <div class='ocr_carea' id='block_1_6' title="bbox 242 573 2032 2546">
    <p class='ocr_par' dir='ltr' id='par_1_6' title="bbox 244 573 2027 720">
     <span class='ocr_line' id='line_1_6' title="bbox 362 573 2027 636; baseline 0.005 -21"><span class='ocrx_word' id='word_1_13' title='bbox 362 573 464 618; x_wconf 83' lang='lat'><strong>850.</strong></span> <span class='ocrx_word' id='word_1_14' title='bbox 501 573 626 619; x_wconf 87' lang='lat' dir='ltr'>Circa</span> <span class='ocrx_word' id='word_1_15' title='bbox 662 574 965 619; x_wconf 76' lang='lat' dir='ltr'>ordinationis</span> <span class='ocrx_word' id='word_1_16' title='bbox 1012 575 1197 620; x_wconf 87' lang='lat' dir='ltr'>titulum</span> <span class='ocrx_word' id='word_1_17' title='bbox 1242 575 1331 621; x_wconf 84' lang='lat' dir='ltr'>lata</span> <span class='ocrx_word' id='word_1_18' title='bbox 1369 581 1439 622; x_wconf 87' lang='lat' dir='ltr'>est</span> <span class='ocrx_word' id='word_1_19' title='bbox 1471 577 1542 622; x_wconf 89' lang='lat' dir='ltr'>die</span> <span class='ocrx_word' id='word_1_20' title='bbox 1576 577 1635 622; x_wconf 74' lang='lat'>27·</span> <span class='ocrx_word' id='word_1_21' title='bbox 1664 578 1819 636; x_wconf 84' lang='lat' dir='ltr'>aprilis</span> <span class='ocrx_word' id='word_1_22' title='bbox 1856 579 1963 623; x_wconf 78' lang='lat'><strong>1871</strong></span> <span class='ocrx_word' id='word_1_23' title='bbox 2000 594 2027 627; x_wconf 84' lang='lat' dir='ltr'>a</span> 
     </span>
     <span class='ocr_line' id='line_1_7' title="bbox 244 658 1842 720; baseline 0.004 -19"><span class='ocrx_word' id='word_1_24' title='bbox 244 659 285 700; x_wconf 83' lang='lat' dir='ltr'>S.</span> <span class='ocrx_word' id='word_1_25' title='bbox 322 659 484 714; x_wconf 83' lang='lat' dir='ltr'>Congr.</span> <span class='ocrx_word' id='word_1_26' title='bbox 525 661 652 716; x_wconf 82' lang='lat' dir='ltr'>Prop.</span> <span class='ocrx_word' id='word_1_27' title='bbox 690 658 782 702; x_wconf 91' lang='lat' dir='ltr'>Fid.</span> <span class='ocrx_word' id='word_1_28' title='bbox 824 658 1081 713; x_wconf 78' lang='lat' dir='ltr'>instructio,</span> <span class='ocrx_word' id='word_1_29' title='bbox 1117 659 1246 703; x_wconf 87' lang='lat' dir='ltr'>cuius</span> <span class='ocrx_word' id='word_1_30' title='bbox 1279 673 1457 705; x_wconf 89' lang='lat' dir='ltr'>summa</span> <span class='ocrx_word' id='word_1_31' title='bbox 1492 674 1687 720; x_wconf 86' lang='lat' dir='ltr'>sequens</span> <span class='ocrx_word' id='word_1_32' title='bbox 1719 666 1788 706; x_wconf 88' lang='lat' dir='ltr'>est</span> <span class='ocrx_word' id='word_1_33' title='bbox 1811 662 1842 707; x_wconf 83' lang='lat'>¹.</span> 
     </span>
    </p>

    <p class='ocr_par' dir='ltr' id='par_1_7' title="bbox 244 741 2032 1135">
     <span class='ocr_line' id='line_1_8' title="bbox 371 741 2027 802; baseline 0.004 -18"><span class='ocrx_word' id='word_1_34' title='bbox 371 741 404 784; x_wconf 90' lang='lat' dir='ltr'>l.</span> <span class='ocrx_word' id='word_1_35' title='bbox 443 743 554 785; x_wconf 89' lang='lat' dir='ltr'>Cum</span> <span class='ocrx_word' id='word_1_36' title='bbox 589 741 856 785; x_wconf 86' lang='lat' dir='ltr'>indecorum</span> <span class='ocrx_word' id='word_1_37' title='bbox 891 741 1083 787; x_wconf 90' lang='lat' dir='ltr'>omnino</span> <span class='ocrx_word' id='word_1_38' title='bbox 1117 743 1190 797; x_wconf 86' lang='lat' dir='ltr'>sit,</span> <span class='ocrx_word' id='word_1_39' title='bbox 1216 746 1353 802; x_wconf 88' lang='lat' dir='ltr'>atque</span> <span class='ocrx_word' id='word_1_40' title='bbox 1375 754 1410 788; x_wconf 79' lang='lat' dir='ltr'>‘a</span> <span class='ocrx_word' id='word_1_41' title='bbox 1445 743 1739 799; x_wconf 90' lang='lat' dir='ltr'>Clericorum,</span> <span class='ocrx_word' id='word_1_42' title='bbox 1765 746 1841 802; x_wconf 86' lang='lat' dir='ltr'>qui</span> <span class='ocrx_word' id='word_1_43' title='bbox 1875 744 1923 789; x_wconf 94' lang='lat' dir='ltr'>in</span> <span class='ocrx_word' id='word_1_44' title='bbox 1958 759 2027 790; x_wconf 91' lang='lat' dir='ltr'>sa-</span> 
     </span>
     <span class='ocr_line' id='line_1_9' title="bbox 244 823 2032 885; baseline 0.002 -17"><span class='ocrx_word' id='word_1_45' title='bbox 244 823 335 868; x_wconf 91' lang='lat' dir='ltr'>cris</span> <span class='ocrx_word' id='word_1_46' title='bbox 367 823 625 868; x_wconf 73' lang='lat' dir='ltr'>Ordinibus</span> <span class='ocrx_word' id='word_1_47' title='bbox 647 825 1011 880; x_wconf 83' lang='lat' dir='ltr'>constituuntur,</span> <span class='ocrx_word' id='word_1_48' title='bbox 1048 825 1270 883; x_wconf 82' lang='lat' dir='ltr'>dignitate</span> <span class='ocrx_word' id='word_1_49' title='bbox 1304 839 1487 883; x_wconf 90' lang='lat' dir='ltr'>prorsus</span> <span class='ocrx_word' id='word_1_50' title='bbox 1518 826 1737 881; x_wconf 89' lang='lat' dir='ltr'>alienum,</span> <span class='ocrx_word' id='word_1_51' title='bbox 1764 831 1815 872; x_wconf 92' lang='lat' dir='ltr'>ut</span> <span class='ocrx_word' id='word_1_52' title='bbox 1840 827 1924 885; x_wconf 89' lang='lat' dir='ltr'>ipsi</span> <span class='ocrx_word' id='word_1_53' title='bbox 1948 833 2032 873; x_wconf 82' lang='lat' dir='ltr'>aut</span> 
     </span>
     <span class='ocr_line' id='line_1_10' title="bbox 244 906 2025 969; baseline 0.003 -19"><span class='ocrx_word' id='word_1_54' title='bbox 244 906 544 951; x_wconf 76' lang='lat' dir='ltr'>emendicatis</span> <span class='ocrx_word' id='word_1_55' title='bbox 591 908 802 952; x_wconf 89' lang='lat' dir='ltr'>subsidiis</span> <span class='ocrx_word' id='word_1_56' title='bbox 839 912 920 951; x_wconf 87' lang='lat' dir='ltr'>aut</span> <span class='ocrx_word' id='word_1_57' title='bbox 962 923 1019 953; x_wconf 88' lang='lat' dir='ltr'>ex</span> <span class='ocrx_word' id='word_1_58' title='bbox 1054 909 1233 953; x_wconf 92' lang='lat' dir='ltr'>sordido</span> <span class='ocrx_word' id='word_1_59' title='bbox 1280 914 1472 968; x_wconf 85' lang='lat' dir='ltr'>quaestu</span> <span class='ocrx_word' id='word_1_60' title='bbox 1515 924 1567 954; x_wconf 89' lang='lat' dir='ltr'>ea</span> <span class='ocrx_word' id='word_1_61' title='bbox 1606 923 1722 969; x_wconf 83' lang='lat' dir='ltr'>qnae</span> <span class='ocrx_word' id='word_1_62' title='bbox 1759 911 1814 954; x_wconf 86' lang='lat' dir='ltr'>ad</span> <span class='ocrx_word' id='word_1_63' title='bbox 1848 911 2025 956; x_wconf 86' lang='lat' dir='ltr'>victum</span> 
     </span>
     <span class='ocr_line' id='line_1_11' title="bbox 244 990 2031 1049; baseline 0.003 -16"><span class='ocrx_word' id='word_1_64' title='bbox 244 990 501 1034; x_wconf 88' lang='lat' dir='ltr'>necessaria</span> <span class='ocrx_word' id='word_1_65' title='bbox 537 995 661 1045; x_wconf 89' lang='lat' dir='ltr'>sunt,</span> <span class='ocrx_word' id='word_1_66' title='bbox 698 991 778 1035; x_wconf 88' lang='lat' dir='ltr'>sibi</span> <span class='ocrx_word' id='word_1_67' title='bbox 813 1006 1081 1049; x_wconf 89' lang='lat' dir='ltr'>comparare</span> <span class='ocrx_word' id='word_1_68' title='bbox 1115 997 1363 1049; x_wconf 84' lang='lat' dir='ltr'>cogantur;</span> <span class='ocrx_word' id='word_1_69' title='bbox 1415 1007 1549 1037; x_wconf 86' lang='lat' dir='ltr'>nemo</span> <span class='ocrx_word' id='word_1_70' title='bbox 1573 992 1774 1037; x_wconf 83' lang='lat' dir='ltr'>ordinari</span> <span class='ocrx_word' id='word_1_71' title='bbox 1808 993 1854 1037; x_wconf 92' lang='lat' dir='ltr'>in</span> <span class='ocrx_word' id='word_1_72' title='bbox 1888 994 2031 1038; x_wconf 87' lang='lat' dir='ltr'>sacris</span> 
     </span>
     <span class='ocr_line' id='line_1_12' title="bbox 247 1073 1960 1135; baseline 0.003 -19"><span class='ocrx_word' id='word_1_73' title='bbox 247 1073 545 1130; x_wconf 86' lang='lat' dir='ltr'>permittitur,</span> <span class='ocrx_word' id='word_1_74' title='bbox 572 1073 777 1131; x_wconf 87' lang='lat' dir='ltr'>exceptis</span> <span class='ocrx_word' id='word_1_75' title='bbox 799 1074 1018 1131; x_wconf 73' lang='lat' dir='ltr'>religiosis</span> <span class='ocrx_word' id='word_1_76' title='bbox 1041 1074 1312 1119; x_wconf 84' lang='lat' dir='ltr'>solemniter</span> <span class='ocrx_word' id='word_1_77' title='bbox 1346 1075 1573 1132; x_wconf 80' lang='lat' dir='ltr'>professis,</span> <span class='ocrx_word' id='word_1_78' title='bbox 1608 1079 1777 1135; x_wconf 80' lang='lat' dir='ltr'>absque</span> <span class='ocrx_word' id='word_1_79' title='bbox 1812 1075 1960 1121; x_wconf 89' lang='lat' dir='ltr'>titulo.</span> 
     </span>
    </p>

    <p class='ocr_par' dir='ltr' id='par_1_8' title="bbox 242 1156 2031 1954">
     <span class='ocr_line' id='line_1_13' title="bbox 364 1156 2029 1215; baseline 0.002 -15"><span class='ocrx_word' id='word_1_80' title='bbox 364 1158 403 1200; x_wconf 67' lang='lat'>2.</span> <span class='ocrx_word' id='word_1_81' title='bbox 445 1160 580 1200; x_wconf 75' lang='lat' dir='ltr'>l&#39;orro</span> <span class='ocrx_word' id='word_1_82' title='bbox 614 1156 823 1214; x_wconf 77' lang='lat' dir='ltr'>geminus</span> <span class='ocrx_word' id='word_1_83' title='bbox 856 1157 1152 1215; x_wconf 75' lang='lat' dir='ltr'>distinguitur</span> <span class='ocrx_word' id='word_1_84' title='bbox 1187 1158 1360 1213; x_wconf 88' lang='lat' dir='ltr'>titulus,</span> <span class='ocrx_word' id='word_1_85' title='bbox 1396 1159 1726 1204; x_wconf 64' lang='lat' dir='ltr'>ecelesiastica-s·</span> <span class='ocrx_word' id='word_1_86' title='bbox 1757 1159 1946 1215; x_wconf 90' lang='lat' dir='ltr'>scilicet,</span> <span class='ocrx_word' id='word_1_87' title='bbox 1974 1173 2029 1203; x_wconf 86' lang='lat' dir='ltr'>ac</span> 
     </span>
     <span class='ocr_line' id='line_1_14' title="bbox 243 1240 2031 1297; baseline 0.002 -15"><span class='ocrx_word' id='word_1_88' title='bbox 243 1240 610 1295; x_wconf 73' lang='lat' dir='ltr'>patrimonialis.</span> <span class='ocrx_word' id='word_1_89' title='bbox 650 1240 730 1284; x_wconf 87' lang='lat' dir='ltr'>llic</span> <span class='ocrx_word' id='word_1_90' title='bbox 756 1244 1013 1297; x_wconf 85' lang='lat' dir='ltr'>postremus</span> <span class='ocrx_word' id='word_1_91' title='bbox 1047 1241 1241 1295; x_wconf 85' lang='lat' dir='ltr'>obtinet,</span> <span class='ocrx_word' id='word_1_92' title='bbox 1267 1255 1371 1287; x_wconf 89' lang='lat' dir='ltr'>cum</span> <span class='ocrx_word' id='word_1_93' title='bbox 1397 1241 1677 1286; x_wconf 89' lang='lat' dir='ltr'>ordinandus</span> <span class='ocrx_word' id='word_1_94' title='bbox 1701 1242 1864 1286; x_wconf 89' lang='lat' dir='ltr'>talibus</span> <span class='ocrx_word' id='word_1_95' title='bbox 1898 1242 2031 1286; x_wconf 89' lang='lat' dir='ltr'>bonis</span> 
     </span>
     <span class='ocr_line' id='line_1_15' title="bbox 244 1322 2027 1383; baseline 0.003 -19"><span class='ocrx_word' id='word_1_96' title='bbox 244 1322 397 1376; x_wconf 86' lang='lat' dir='ltr'>certis,</span> <span class='ocrx_word' id='word_1_97' title='bbox 434 1322 669 1366; x_wconf 87' lang='lat' dir='ltr'>stabilibus</span> <span class='ocrx_word' id='word_1_98' title='bbox 701 1336 754 1366; x_wconf 87' lang='lat' dir='ltr'>ac</span> <span class='ocrx_word' id='word_1_99' title='bbox 789 1323 1031 1381; x_wconf 77' lang='lat' dir='ltr'>frugiferis,</span> <span class='ocrx_word' id='word_1_100' title='bbox 1058 1324 1241 1368; x_wconf 86' lang='lat' dir='ltr'>aliunde</span> <span class='ocrx_word' id='word_1_101' title='bbox 1264 1338 1401 1383; x_wconf 87' lang='lat' dir='ltr'>quam</span> <span class='ocrx_word' id='word_1_102' title='bbox 1435 1325 1492 1369; x_wconf 89' lang='lat' dir='ltr'>ab</span> <span class='ocrx_word' id='word_1_103' title='bbox 1528 1325 1724 1370; x_wconf 84' lang='lat' dir='ltr'>Ecclesia</span> <span class='ocrx_word' id='word_1_104' title='bbox 1751 1325 2027 1383; x_wconf 66' lang='lat' dir='ltr'>provenien—</span> 
     </span>
     <span class='ocr_line' id='line_1_16' title="bbox 244 1405 2027 1465; baseline 0.002 -17"><span class='ocrx_word' id='word_1_105' title='bbox 244 1405 380 1459; x_wconf 84' lang='lat' dir='ltr'>tibus,</span> <span class='ocrx_word' id='word_1_106' title='bbox 417 1409 486 1449; x_wconf 92' lang='lat' dir='ltr'>est</span> <span class='ocrx_word' id='word_1_107' title='bbox 518 1405 788 1460; x_wconf 80' lang='lat' dir='ltr'>instructus,</span> <span class='ocrx_word' id='word_1_108' title='bbox 824 1420 942 1465; x_wconf 88' lang='lat' dir='ltr'>quae</span> <span class='ocrx_word' id='word_1_109' title='bbox 975 1407 1029 1450; x_wconf 90' lang='lat' dir='ltr'>ad</span> <span class='ocrx_word' id='word_1_110' title='bbox 1065 1420 1317 1464; x_wconf 83' lang='lat' dir='ltr'>congruam</span> <span class='ocrx_word' id='word_1_111' title='bbox 1368 1407 1465 1451; x_wconf 84' lang='lat' dir='ltr'>eius</span> <span class='ocrx_word' id='word_1_112' title='bbox 1512 1407 1896 1452; x_wconf 76' lang='lat' dir='ltr'>sustentationem</span> <span class='ocrx_word' id='word_1_113' title='bbox 1934 1409 2027 1452; x_wconf 84' lang='lat' dir='ltr'>suf-</span> 
     </span>
     <span class='ocr_line' id='line_1_17' title="bbox 246 1488 2031 1548; baseline 0.001 -16"><span class='ocrx_word' id='word_1_114' title='bbox 246 1488 380 1533; x_wconf 81' lang='lat' dir='ltr'>ficere</span> <span class='ocrx_word' id='word_1_115' title='bbox 433 1488 637 1547; x_wconf 82' lang='lat' dir='ltr'>Episcopi</span> <span class='ocrx_word' id='word_1_116' title='bbox 689 1489 855 1534; x_wconf 90' lang='lat' dir='ltr'>iudicio</span> <span class='ocrx_word' id='word_1_117' title='bbox 889 1495 1184 1534; x_wconf 89' lang='lat' dir='ltr'>censeantur.</span> <span class='ocrx_word' id='word_1_118' title='bbox 1239 1490 1302 1534; x_wconf 80' lang='lat' dir='ltr'>Ad</span> <span class='ocrx_word' id='word_1_119' title='bbox 1341 1491 1599 1548; x_wconf 82' lang='lat' dir='ltr'>praefatum</span> <span class='ocrx_word' id='word_1_120' title='bbox 1648 1490 1827 1535; x_wconf 87' lang='lat' dir='ltr'>accedit</span> <span class='ocrx_word' id='word_1_121' title='bbox 1870 1490 2031 1534; x_wconf 79' lang='lat' dir='ltr'>titulus</span> 
     </span>
     <span class='ocr_line' id='line_1_18' title="bbox 242 1560 2027 1631; baseline 0 -15"><span class='ocrx_word' id='word_1_122' title='bbox 242 1575 494 1629; x_wconf 78' lang='lat' dir='ltr'>pensionis,</span> <span class='ocrx_word' id='word_1_123' title='bbox 521 1587 637 1631; x_wconf 89' lang='lat' dir='ltr'>quae</span> <span class='ocrx_word' id='word_1_124' title='bbox 674 1586 765 1617; x_wconf 94' lang='lat' dir='ltr'>non</span> <span class='ocrx_word' id='word_1_125' title='bbox 793 1573 926 1617; x_wconf 89' lang='lat' dir='ltr'>modo</span> <span class='ocrx_word' id='word_1_126' title='bbox 949 1573 1002 1617; x_wconf 90' lang='lat' dir='ltr'>ad</span> <span class='ocrx_word' id='word_1_127' title='bbox 1029 1560 1280 1630; x_wconf 77' lang='lat' dir='ltr'>congruam</span> <span class='ocrx_word' id='word_1_128' title='bbox 1315 1573 1467 1618; x_wconf 89' lang='lat' dir='ltr'>clerici</span> <span class='ocrx_word' id='word_1_129' title='bbox 1500 1573 1765 1617; x_wconf 88' lang='lat' dir='ltr'>alimoniam</span> <span class='ocrx_word' id='word_1_130' title='bbox 1801 1573 2027 1627; x_wconf 86' lang='lat' dir='ltr'>sufficere,</span> 
     </span>
     <span class='ocr_line' id='line_1_19' title="bbox 244 1655 2027 1715; baseline -0.001 -14"><span class='ocrx_word' id='word_1_131' title='bbox 244 1656 320 1701; x_wconf 90' lang='lat' dir='ltr'>sed</span> <span class='ocrx_word' id='word_1_132' title='bbox 354 1661 400 1700; x_wconf 88' lang='lat' dir='ltr'>et</span> <span class='ocrx_word' id='word_1_133' title='bbox 434 1659 651 1714; x_wconf 82' lang='lat' dir='ltr'>perpetua</span> <span class='ocrx_word' id='word_1_134' title='bbox 687 1670 784 1701; x_wconf 85' lang='lat' dir='ltr'>esse</span> <span class='ocrx_word' id='word_1_135' title='bbox 818 1656 967 1701; x_wconf 83' lang='lat' dir='ltr'>debet.</span> <span class='ocrx_word' id='word_1_136' title='bbox 1013 1660 1159 1715; x_wconf 69' lang='lat' dir='ltr'>Atque</span> <span class='ocrx_word' id='word_1_137' title='bbox 1193 1656 1237 1700; x_wconf 86' lang='lat' dir='ltr'>hi</span> <span class='ocrx_word' id='word_1_138' title='bbox 1271 1657 1359 1701; x_wconf 92' lang='lat' dir='ltr'>duo</span> <span class='ocrx_word' id='word_1_139' title='bbox 1384 1656 1502 1700; x_wconf 92' lang='lat' dir='ltr'>tituli</span> <span class='ocrx_word' id='word_1_140' title='bbox 1536 1655 1889 1701; x_wconf 82' lang='lat' dir='ltr'>extraordinarii</span> <span class='ocrx_word' id='word_1_141' title='bbox 1923 1669 2027 1700; x_wconf 83' lang='lat' dir='ltr'>cen-</span> 
     </span>
     <span class='ocr_line' id='line_1_20' title="bbox 247 1738 2026 1797; baseline 0 -14"><span class='ocrx_word' id='word_1_142' title='bbox 247 1739 374 1783; x_wconf 89' lang='lat' dir='ltr'>sendi</span> <span class='ocrx_word' id='word_1_143' title='bbox 424 1744 532 1784; x_wconf 90' lang='lat' dir='ltr'>sunt</span> <span class='ocrx_word' id='word_1_144' title='bbox 572 1754 625 1784; x_wconf 87' lang='lat' dir='ltr'>ac</span> <span class='ocrx_word' id='word_1_145' title='bbox 664 1740 807 1784; x_wconf 55' lang='lat' dir='ltr'>x‘eluti</span> <span class='ocrx_word' id='word_1_146' title='bbox 857 1754 913 1783; x_wconf 79' lang='lat' dir='ltr'>ex</span> <span class='ocrx_word' id='word_1_147' title='bbox 957 1739 1297 1797; x_wconf 84' lang='lat' dir='ltr'>dispensatione</span> <span class='ocrx_word' id='word_1_148' title='bbox 1346 1739 1686 1795; x_wconf 88' lang='lat' dir='ltr'>admittuntur,</span> <span class='ocrx_word' id='word_1_149' title='bbox 1722 1739 1757 1783; x_wconf 84' lang='lat' dir='ltr'>si</span> <span class='ocrx_word' id='word_1_150' title='bbox 1806 1738 2026 1783; x_wconf 89' lang='lat' dir='ltr'>nimirum</span> 
     </span>
     <span class='ocr_line' id='line_1_21' title="bbox 250 1823 2028 1883; baseline 0 -15"><span class='ocrx_word' id='word_1_151' title='bbox 250 1825 491 1883; x_wconf 78' lang='lat' dir='ltr'>Episcopus</span> <span class='ocrx_word' id='word_1_152' title='bbox 534 1840 614 1883; x_wconf 89' lang='lat' dir='ltr'>pro</span> <span class='ocrx_word' id='word_1_153' title='bbox 663 1825 887 1870; x_wconf 78' lang='lat' dir='ltr'>Ecclesiae</span> <span class='ocrx_word' id='word_1_154' title='bbox 922 1824 1194 1869; x_wconf 81' lang='lat' dir='ltr'>necessitate</span> <span class='ocrx_word' id='word_1_155' title='bbox 1236 1829 1316 1870; x_wconf 83' lang='lat' dir='ltr'>aut</span> <span class='ocrx_word' id='word_1_156' title='bbox 1348 1824 1588 1869; x_wconf 88' lang='lat' dir='ltr'>commodo</span> <span class='ocrx_word' id='word_1_157' title='bbox 1631 1824 1830 1883; x_wconf 87' lang='lat' dir='ltr'>aliquem</span> <span class='ocrx_word' id='word_1_158' title='bbox 1864 1823 1923 1868; x_wconf 86' lang='lat' dir='ltr'>ita</span> <span class='ocrx_word' id='word_1_159' title='bbox 1958 1838 2028 1868; x_wconf 90' lang='lat' dir='ltr'>or-</span> 
     </span>
     <span class='ocr_line' id='line_1_22' title="bbox 245 1908 994 1954; baseline -0.001 -2"><span class='ocrx_word' id='word_1_160' title='bbox 245 1908 499 1953; x_wconf 89' lang='lat' dir='ltr'>dinandum</span> <span class='ocrx_word' id='word_1_161' title='bbox 534 1922 630 1954; x_wconf 90' lang='lat' dir='ltr'>esse</span> <span class='ocrx_word' id='word_1_162' title='bbox 667 1908 839 1953; x_wconf 56' lang='lat' dir='ltr'>iudicat</span> <span class='ocrx_word' id='word_1_163' title='bbox 854 1908 941 1953; x_wconf 90' lang='lat' dir='ltr'>erit</span> <span class='ocrx_word' id='word_1_164' title='bbox 963 1908 994 1951; x_wconf 76' lang='lat'>².</span> 
     </span>
    </p>

    <p class='ocr_par' dir='ltr' id='par_1_9' title="bbox 242 1988 2029 2546">
     <span class='ocr_line' id='line_1_23' title="bbox 365 1988 2029 2049; baseline -0.002 -15"><span class='ocrx_word' id='word_1_165' title='bbox 365 1992 405 2035; x_wconf 80' lang='lat'>5.</span> <span class='ocrx_word' id='word_1_166' title='bbox 448 1991 789 2036; x_wconf 81' lang='lat' dir='ltr'>Ecclesiasticus</span> <span class='ocrx_word' id='word_1_167' title='bbox 836 2005 942 2035; x_wconf 70' lang='lat' dir='ltr'>xero</span> <span class='ocrx_word' id='word_1_168' title='bbox 983 1991 1144 2035; x_wconf 85' lang='lat' dir='ltr'>titulus</span> <span class='ocrx_word' id='word_1_169' title='bbox 1178 1990 1222 2034; x_wconf 93' lang='lat' dir='ltr'>in</span> <span class='ocrx_word' id='word_1_170' title='bbox 1257 1990 1569 2049; x_wconf 80' lang='lat' dir='ltr'>beneficialem</span> <span class='ocrx_word' id='word_1_171' title='bbox 1609 1988 1938 2044; x_wconf 68' lang='lat' dir='ltr'>subdividitur,</span> <span class='ocrx_word' id='word_1_172' title='bbox 1975 2002 2029 2032; x_wconf 84' lang='lat' dir='ltr'>ac</span> 
     </span>
     <span class='ocr_line' id='line_1_24' title="bbox 242 2071 2028 2133; baseline -0.002 -15"><span class='ocrx_word' id='word_1_173' title='bbox 242 2076 553 2131; x_wconf 71' lang='lat' dir='ltr'>paupertatis,</span> <span class='ocrx_word' id='word_1_174' title='bbox 589 2074 756 2133; x_wconf 89' lang='lat' dir='ltr'>quibus</span> <span class='ocrx_word' id='word_1_175' title='bbox 788 2074 903 2118; x_wconf 90' lang='lat' dir='ltr'>aliae</span> <span class='ocrx_word' id='word_1_176' title='bbox 935 2073 1162 2132; x_wconf 86' lang='lat' dir='ltr'>quaedam</span> <span class='ocrx_word' id='word_1_177' title='bbox 1198 2073 1340 2117; x_wconf 68' lang='lat' dir='ltr'>veluti</span> <span class='ocrx_word' id='word_1_178' title='bbox 1374 2071 1669 2117; x_wconf 88' lang='lat' dir='ltr'>subsidiariae</span> <span class='ocrx_word' id='word_1_179' title='bbox 1706 2076 1843 2130; x_wconf 83' lang='lat' dir='ltr'>atque</span> <span class='ocrx_word' id='word_1_180' title='bbox 1876 2075 2028 2115; x_wconf 82' lang='lat' dir='ltr'>extra-</span> 
     </span>
     <span class='ocr_line' id='line_1_25' title="bbox 246 2152 2022 2211; baseline -0.002 -13"><span class='ocrx_word' id='word_1_181' title='bbox 246 2153 505 2198; x_wconf 86' lang='lat' dir='ltr'>ordinariae</span> <span class='ocrx_word' id='word_1_182' title='bbox 539 2153 712 2211; x_wconf 89' lang='lat' dir='ltr'>species</span> <span class='ocrx_word' id='word_1_183' title='bbox 734 2153 1019 2198; x_wconf 89' lang='lat' dir='ltr'>adiiciendae</span> <span class='ocrx_word' id='word_1_184' title='bbox 1054 2157 1177 2205; x_wconf 92' lang='lat' dir='ltr'>sunt,</span> <span class='ocrx_word' id='word_1_185' title='bbox 1204 2152 1324 2196; x_wconf 88' lang='lat' dir='ltr'>tituli</span> <span class='ocrx_word' id='word_1_186' title='bbox 1349 2165 1514 2210; x_wconf 89' lang='lat' dir='ltr'>nempe</span> <span class='ocrx_word' id='word_1_187' title='bbox 1539 2165 1726 2196; x_wconf 81' lang='lat' dir='ltr'>mensae</span> <span class='ocrx_word' id='word_1_188' title='bbox 1748 2152 2022 2203; x_wconf 51' lang='lat' dir='ltr'>eommunis</span> 
     </span>
     <span class='ocr_line' id='line_1_26' title="bbox 245 2234 2027 2296; baseline -0.001 -16"><span class='ocrx_word' id='word_1_189' title='bbox 245 2242 382 2296; x_wconf 87' lang='lat' dir='ltr'>atque</span> <span class='ocrx_word' id='word_1_190' title='bbox 405 2239 584 2280; x_wconf 82' lang='lat' dir='ltr'>servilii</span> <span class='ocrx_word' id='word_1_191' title='bbox 604 2238 833 2291; x_wconf 79' lang='lat' dir='ltr'>ecelesiae,</span> <span class='ocrx_word' id='word_1_192' title='bbox 860 2239 1106 2291; x_wconf 59' lang='lat' dir='ltr'>messionis,</span> <span class='ocrx_word' id='word_1_193' title='bbox 1131 2234 1459 2293; x_wconf 68' lang='lat' dir='ltr'>sufficientiae,</span> <span class='ocrx_word' id='word_1_194' title='bbox 1486 2239 1532 2280; x_wconf 88' lang='lat' dir='ltr'>et</span> <span class='ocrx_word' id='word_1_195' title='bbox 1554 2235 1745 2292; x_wconf 69' lang='lat' dir='ltr'>eolleyii.</span> <span class='ocrx_word' id='word_1_196' title='bbox 1775 2238 1850 2279; x_wconf 85' lang='lat' dir='ltr'>Est</span> <span class='ocrx_word' id='word_1_197' title='bbox 1871 2239 2027 2279; x_wconf 83' lang='lat' dir='ltr'>autem</span> 
     </span>
     <span class='ocr_line' id='line_1_27' title="bbox 246 2319 2028 2378; baseline -0.001 -14"><span class='ocrx_word' id='word_1_198' title='bbox 246 2320 407 2364; x_wconf 87' lang='lat' dir='ltr'>titulus</span> <span class='ocrx_word' id='word_1_199' title='bbox 428 2321 638 2378; x_wconf 80' lang='lat' dir='ltr'>beneficii</span> <span class='ocrx_word' id='word_1_200' title='bbox 660 2320 728 2364; x_wconf 92' lang='lat' dir='ltr'>ius</span> <span class='ocrx_word' id='word_1_201' title='bbox 754 2325 1027 2378; x_wconf 87' lang='lat' dir='ltr'>perpetuum</span> <span class='ocrx_word' id='word_1_202' title='bbox 1054 2319 1331 2378; x_wconf 90' lang='lat' dir='ltr'>percipiendi</span> <span class='ocrx_word' id='word_1_203' title='bbox 1366 2321 1542 2365; x_wconf 84' lang='lat' dir='ltr'>fructus</span> <span class='ocrx_word' id='word_1_204' title='bbox 1564 2334 1620 2364; x_wconf 92' lang='lat' dir='ltr'>ex</span> <span class='ocrx_word' id='word_1_205' title='bbox 1648 2319 1776 2364; x_wconf 90' lang='lat' dir='ltr'>bonis</span> <span class='ocrx_word' id='word_1_206' title='bbox 1803 2319 2028 2364; x_wconf 87' lang='lat' dir='ltr'>Ecclesiae</span> 
     </span>
     <span class='ocr_line' id='line_1_28' title="bbox 248 2402 2026 2463; baseline -0.001 -15"><span class='ocrx_word' id='word_1_207' title='bbox 248 2408 431 2462; x_wconf 84' lang='lat' dir='ltr'>propter</span> <span class='ocrx_word' id='word_1_208' title='bbox 464 2404 662 2451; x_wconf 81' lang='lat' dir='ltr'>otliciuin</span> <span class='ocrx_word' id='word_1_209' title='bbox 697 2404 879 2463; x_wconf 87' lang='lat' dir='ltr'>aliquod</span> <span class='ocrx_word' id='word_1_210' title='bbox 913 2403 1164 2462; x_wconf 89' lang='lat' dir='ltr'>spirituale,</span> <span class='ocrx_word' id='word_1_211' title='bbox 1200 2403 1507 2448; x_wconf 86' lang='lat' dir='ltr'>ecclesiastica</span> <span class='ocrx_word' id='word_1_212' title='bbox 1540 2403 1814 2448; x_wconf 86' lang='lat' dir='ltr'>auctoritate</span> <span class='ocrx_word' id='word_1_213' title='bbox 1858 2402 2026 2447; x_wconf 90' lang='lat' dir='ltr'>consti·</span> 
     </span>
     <span class='ocr_line' id='line_1_29' title="bbox 246 2486 2027 2546; baseline -0.001 -15"><span class='ocrx_word' id='word_1_214' title='bbox 246 2492 424 2545; x_wconf 81' lang='lat' dir='ltr'>tutum3</span> <span class='ocrx_word' id='word_1_215' title='bbox 475 2491 613 2546; x_wconf 87' lang='lat' dir='ltr'>atque</span> <span class='ocrx_word' id='word_1_216' title='bbox 648 2487 720 2532; x_wconf 90' lang='lat' dir='ltr'>bic</span> <span class='ocrx_word' id='word_1_217' title='bbox 753 2487 1014 2532; x_wconf 90' lang='lat' dir='ltr'>ordinarius</span> <span class='ocrx_word' id='word_1_218' title='bbox 1046 2501 1100 2532; x_wconf 88' lang='lat' dir='ltr'>ac</span> <span class='ocrx_word' id='word_1_219' title='bbox 1132 2487 1403 2545; x_wconf 90' lang='lat' dir='ltr'>praecipuus</span> <span class='ocrx_word' id='word_1_220' title='bbox 1445 2487 1604 2532; x_wconf 88' lang='lat' dir='ltr'>titulus</span> <span class='ocrx_word' id='word_1_221' title='bbox 1645 2499 1800 2532; x_wconf 82' lang='lat' dir='ltr'>sacrae</span> <span class='ocrx_word' id='word_1_222' title='bbox 1832 2486 2027 2531; x_wconf 80' lang='lat' dir='ltr'>Ordina-</span> 
     </span>
    </p>
   </div>
   <div class='ocr_carea' id='block_1_7' title="bbox 247 2572 689 2618">
    <p class='ocr_par' dir='ltr' id='par_1_10' title="bbox 247 2572 689 2618">
     <span class='ocr_line' id='line_1_30' title="bbox 247 2572 689 2618; baseline 0 -2"><span class='ocrx_word' id='word_1_223' title='bbox 247 2572 385 2618; x_wconf 86' lang='lat' dir='ltr'>tionis</span> <span class='ocrx_word' id='word_1_224' title='bbox 417 2572 504 2617; x_wconf 91' lang='lat' dir='ltr'>dici</span> <span class='ocrx_word' id='word_1_225' title='bbox 539 2572 689 2617; x_wconf 87' lang='lat' dir='ltr'>debet.</span> 
     </span>
    </p>
   </div>
   <div class='ocr_carea' id='block_1_8' title="bbox 246 2736 2030 3141">
    <p class='ocr_par' dir='ltr' id='par_1_11' title="bbox 246 2736 2029 2927">
     <span class='ocr_line' id='line_1_31' title="bbox 246 2736 2028 2784; baseline -0.001 -10"><span class='ocrx_word' id='word_1_226' title='bbox 246 2748 291 2774; x_wconf 84' lang='lat' dir='ltr'>ex</span> <span class='ocrx_word' id='word_1_227' title='bbox 318 2738 482 2784; x_wconf 84' lang='lat' dir='ltr'>bigamia</span> <span class='ocrx_word' id='word_1_228' title='bbox 508 2738 818 2780; x_wconf 83' lang='lat' dir='ltr'>similitudinaria,</span> <span class='ocrx_word' id='word_1_229' title='bbox 845 2748 890 2774; x_wconf 86' lang='lat' dir='ltr'>ex</span> <span class='ocrx_word' id='word_1_230' title='bbox 917 2738 1062 2775; x_wconf 78' lang='lat' dir='ltr'>defectu</span> <span class='ocrx_word' id='word_1_231' title='bbox 1089 2737 1267 2774; x_wconf 86' lang='lat' dir='ltr'>natalium</span> <span class='ocrx_word' id='word_1_232' title='bbox 1296 2747 1359 2783; x_wconf 86' lang='lat' dir='ltr'>pro</span> <span class='ocrx_word' id='word_1_233' title='bbox 1377 2738 1611 2783; x_wconf 79' lang='lat' dir='ltr'>susceptione</span> <span class='ocrx_word' id='word_1_234' title='bbox 1639 2737 1808 2773; x_wconf 87' lang='lat' dir='ltr'>ordinum</span> <span class='ocrx_word' id='word_1_235' title='bbox 1827 2736 2028 2772; x_wconf 82' lang='lat' dir='ltr'>minorum.</span> 
     </span>
     <span class='ocr_line' id='line_1_32' title="bbox 248 2806 2029 2855; baseline -0.001 -9"><span class='ocrx_word' id='word_1_236' title='bbox 248 2810 376 2853; x_wconf 88' lang='lat' dir='ltr'>Quoad</span> <span class='ocrx_word' id='word_1_237' title='bbox 403 2820 488 2846; x_wconf 87' lang='lat' dir='ltr'>vero</span> <span class='ocrx_word' id='word_1_238' title='bbox 515 2810 678 2846; x_wconf 81' lang='lat' dir='ltr'>defectus</span> <span class='ocrx_word' id='word_1_239' title='bbox 704 2810 891 2855; x_wconf 88' lang='lat' dir='ltr'>corporis,</span> <span class='ocrx_word' id='word_1_240' title='bbox 918 2819 1046 2846; x_wconf 87' lang='lat' dir='ltr'>eorum</span> <span class='ocrx_word' id='word_1_241' title='bbox 1084 2809 1273 2854; x_wconf 84' lang='lat' dir='ltr'>cognitio,</span> <span class='ocrx_word' id='word_1_242' title='bbox 1299 2818 1375 2845; x_wconf 91' lang='lat' dir='ltr'>non</span> <span class='ocrx_word' id='word_1_243' title='bbox 1400 2819 1487 2846; x_wconf 86' lang='lat' dir='ltr'>vero</span> <span class='ocrx_word' id='word_1_244' title='bbox 1525 2808 1753 2854; x_wconf 84' lang='lat' dir='ltr'>dispensatio</span> <span class='ocrx_word' id='word_1_245' title='bbox 1791 2807 1947 2853; x_wconf 85' lang='lat' dir='ltr'>pertinet</span> <span class='ocrx_word' id='word_1_246' title='bbox 1984 2806 2029 2844; x_wconf 85' lang='lat' dir='ltr'>ad</span> 
     </span>
     <span class='ocr_line' id='line_1_33' title="bbox 246 2882 487 2927; baseline 0 -11"><span class='ocrx_word' id='word_1_247' title='bbox 246 2882 487 2927; x_wconf 82' lang='lat' dir='ltr'>Episcopum.</span> 
     </span>
    </p>

    <p class='ocr_par' dir='ltr' id='par_1_12' title="bbox 367 2953 754 2989">
     <span class='ocr_line' id='line_1_34' title="bbox 367 2953 754 2989; baseline 0 0"><span class='ocrx_word' id='word_1_248' title='bbox 367 2953 374 2971; x_wconf 86' lang='lat'>¹</span> <span class='ocrx_word' id='word_1_249' title='bbox 406 2953 558 2989; x_wconf 85' lang='lat' dir='ltr'>Collect.</span> <span class='ocrx_word' id='word_1_250' title='bbox 585 2963 620 2989; x_wconf 91' lang='lat' dir='ltr'>n.</span> <span class='ocrx_word' id='word_1_251' title='bbox 652 2953 754 2989; x_wconf 75' lang='lat'><strong>1179.</strong></span> 
     </span>
    </p>

    <p class='ocr_par' dir='ltr' id='par_1_13' title="bbox 258 3021 2030 3141">
     <span class='ocr_line' id='line_1_35' title="bbox 365 3021 2030 3068; baseline -0.002 -8"><span class='ocrx_word' id='word_1_252' title='bbox 365 3024 376 3042; x_wconf 69' lang='lat'>²</span> <span class='ocrx_word' id='word_1_253' title='bbox 403 3025 669 3062; x_wconf 83' lang='lat' dir='ltr'>Patrimonium</span> <span class='ocrx_word' id='word_1_254' title='bbox 696 3025 899 3062; x_wconf 76' lang='lat' dir='ltr'>consistere</span> <span class='ocrx_word' id='word_1_255' title='bbox 929 3024 1037 3061; x_wconf 82' lang='lat' dir='ltr'>debet</span> <span class='ocrx_word' id='word_1_256' title='bbox 1064 3024 1101 3059; x_wconf 92' lang='lat' dir='ltr'>in</span> <span class='ocrx_word' id='word_1_257' title='bbox 1128 3033 1165 3059; x_wconf 85' lang='lat' dir='ltr'>re</span> <span class='ocrx_word' id='word_1_258' title='bbox 1194 3022 1374 3059; x_wconf 87' lang='lat' dir='ltr'>immobili</span> <span class='ocrx_word' id='word_1_259' title='bbox 1401 3022 1594 3068; x_wconf 80' lang='lat' dir='ltr'>frugifera,</span> <span class='ocrx_word' id='word_1_260' title='bbox 1622 3022 1678 3058; x_wconf 89' lang='lat' dir='ltr'>vel</span> <span class='ocrx_word' id='word_1_261' title='bbox 1704 3031 1748 3059; x_wconf 86' lang='lat' dir='ltr'>ea</span> <span class='ocrx_word' id='word_1_262' title='bbox 1774 3031 1868 3067; x_wconf 81' lang='lat' dir='ltr'>quae</span> <span class='ocrx_word' id='word_1_263' title='bbox 1909 3021 2030 3057; x_wconf 85' lang='lat' dir='ltr'>instar</span> 
     </span>
     <span class='ocr_line' id='line_1_36' title="bbox 258 3092 1698 3141; baseline -0.001 -10"><span class='ocrx_word' id='word_1_264' title='bbox 258 3095 446 3132; x_wconf 74' lang='lat' dir='ltr'>minobilis</span> <span class='ocrx_word' id='word_1_265' title='bbox 472 3106 518 3132; x_wconf 86' lang='lat' dir='ltr'>ex</span> <span class='ocrx_word' id='word_1_266' title='bbox 547 3095 623 3132; x_wconf 87' lang='lat' dir='ltr'>iure</span> <span class='ocrx_word' id='word_1_267' title='bbox 649 3099 716 3139; x_wconf 83' lang='lat' dir='ltr'>est,</span> <span class='ocrx_word' id='word_1_268' title='bbox 743 3106 800 3132; x_wconf 90' lang='lat' dir='ltr'>ex.</span> <span class='ocrx_word' id='word_1_269' title='bbox 828 3105 880 3141; x_wconf 85' lang='lat' dir='ltr'>gr.</span> <span class='ocrx_word' id='word_1_270' title='bbox 907 3104 954 3131; x_wconf 79' lang='lat' dir='ltr'>ex</span> <span class='ocrx_word' id='word_1_271' title='bbox 982 3094 1141 3131; x_wconf 87' lang='lat' dir='ltr'>versuris</span> <span class='ocrx_word' id='word_1_272' title='bbox 1169 3093 1328 3140; x_wconf 84' lang='lat' dir='ltr'>publicis</span> <span class='ocrx_word' id='word_1_273' title='bbox 1355 3093 1412 3130; x_wconf 87' lang='lat' dir='ltr'>vel</span> <span class='ocrx_word' id='word_1_274' title='bbox 1438 3103 1484 3129; x_wconf 87' lang='lat' dir='ltr'>ex</span> <span class='ocrx_word' id='word_1_275' title='bbox 1511 3092 1698 3130; x_wconf 80' lang='lat' dir='ltr'>censibus,</span> 
     </span>
    </p>
   </div>
  </div>
 </body>
</html>
