2176 3386
194 165 270 205 182
653 172 659 176 '
865 181 975 211 PARS
1003 183 1044 211 11.
1080 183 1137 212 DE
1166 184 1307 214 uenus

917 375 1151 405 An‘rlcums
1183 377 1255 407 vu.

715 479 776 522 De
806 478 1113 524 celebratione
1148 482 1455 539 Nuptiarum.

309 604 411 650 997.
452 606 798 652 Matrimonium
834 607 880 653 in
913 609 1106 655 ecclesia
1140 610 1344 656 maxime
1378 612 1597 659 celebrari
1620 614 1768 661 decet.
1806 617 1977 664 [dcirco

190 701 430 748 nunquam
464 688 511 733 in
546 690 759 736 oratoriis
791 691 999 749 privatis,
1027 693 1172 739 multo
1206 693 1362 739 minus
1394 695 1441 740 in
1475 697 1663 743 aedibus
1693 699 1974 758 domesticis,

190 769 278 816 nisi
309 771 580 817 ordinarius
611 774 907 830 concesserit,
943 775 1269 822 celebrandum
1305 781 1390 822 est.
1428 779 1654 825 Celebrari
1689 796 1799 827 vero
1842 783 1978 828 debet

190 855 433 899 matutinis
464 855 604 911 horiS,
642 870 732 900 non
768 857 1094 914 pomeridianis
1125 863 1206 903 aut
1238 861 1534 918 vespertinis,
1568 877 1621 908 ea
1656 865 1898 924 praecipue
1921 866 1976 912 de

189 951 343 993 causa,
380 942 431 982 ut
462 939 791 984 contrahentes
824 939 1010 985 missam
1047 956 1127 1000 pro
1159 943 1371 1000 sponsis,
1408 944 1443 988 si
1477 946 1600 990 hanc
1634 946 1748 992 ritus
1779 947 1868 993 diei
1901 963 1976 1007 pa·
2044 997 2046 999 ,

188 1021 347 1077 tiatur,
383 1021 575 1066 audiant
608 1028 748 1081 utque
782 1022 974 1080 nuptiali
1008 1023 1330 1070 benedictione
1366 1027 1654 1084 muniantur,
1680 1043 1796 1089 quae
1829 1031 1977 1089 primo

189 1103 472 1148 nubentibus
522 1105 800 1163 impertitur.
853 1106 980 1158 Quod
1026 1105 1061 1149 si
1102 1106 1237 1165 aliqui
1287 1108 1632 1166 coniungantur
1680 1112 1977 1158 matrimonio

189 1186 408 1245 privatim
442 1191 522 1232 aut
554 1188 637 1232 sub
672 1201 917 1246 vesperas,
955 1188 1038 1247 ipsi
1073 1191 1364 1247 postmodum
1411 1193 1653 1238 ecclesiam
1694 1195 1891 1251 adeant,
1926 1199 1978 1240 ut

188 1269 247 1314 ibi
282 1272 449 1330 (neque
472 1272 596 1315 enim
630 1271 735 1315 alibi
770 1271 867 1316 fieri
903 1271 1085 1330 poterit)
1131 1273 1323 1318 solemni
1373 1275 1694 1321 benedictione
1727 1278 1972 1323 donentur.

190 1356 248 1399 At
282 1353 315 1398 si
356 1367 520 1412 sponsa
569 1354 627 1398 sit
671 1354 836 1409 vidua,
873 1368 896 1398 a
931 1355 1126 1399 solemni
1175 1356 1497 1402 benedictione
1542 1359 1806 1417 nuptiarum
1839 1361 1977 1406 absti-

189 1436 394 1480 nendum
429 1451 515 1482 nec
550 1436 684 1481 missa
722 1450 799 1496 pro
829 1450 996 1494 sponso
1028 1443 1074 1482 et
1105 1451 1271 1495 sponsa
1306 1441 1578 1486 celebranda
1602 1446 1671 1487 est
1695 1444 1724 1487 ¹.
1763 1446 1975 1489 Ceterum

187 1521 402 1580 quamvis
434 1520 764 1565 insinuandum
787 1521 966 1579 sponsis
988 1520 1062 1577 sit,
1099 1527 1149 1566 ut
1172 1523 1543 1569 benedictionem
1569 1526 1687 1570 hanc
1723 1527 1975 1585 nuptialem

187 1603 434 1661 accipiant,
470 1604 567 1662 cogi
602 1609 758 1649 autem
792 1605 848 1649 ad
881 1605 1026 1663 ipsam
1061 1611 1299 1665 nequeunt
1327 1606 1357 1650 ².
1400 1610 1459 1652 Ea
1495 1607 1627 1654 hodie
1660 1610 1976 1668 quandocum-

187 1701 275 1746 que
308 1687 404 1732 dari
437 1691 611 1745 potest,
648 1687 789 1732 etiam
833 1693 1072 1748 postquam
1117 1689 1336 1746 coniuges
1380 1690 1426 1735 in
1467 1692 1765 1737 matrimonio
1798 1692 1875 1738 diu
1909 1694 1976 1738 vi-

187 1770 343 1815 xerint
367 1771 398 1814 ³.
448 1774 589 1815 Datur
635 1775 792 1815 autem
841 1772 987 1815 solum
1022 1771 1069 1815 in
1105 1771 1242 1817 missa
1267 1772 1301 1828 ⁸,
1338 1778 1385 1818 et
1416 1788 1441 1818 a
1475 1775 1569 1820 solo
1620 1775 1864 1835 Episcopo,
1902 1777 1974 1822 vel

189 1854 391 1897 Parocho
439 1853 619 1912 proprio
667 1859 805 1914 atque
850 1854 896 1898 in
935 1855 1116 1912 propria
1150 1855 1397 1900 dumtaxat
1430 1857 1656 1915 paroecia.
1707 1859 1974 1905 Cavendum

188 1950 299 1981 vero
322 1951 380 1981 ne
404 1937 622 1995 nuptialis
654 1937 931 1991 benedictio,
966 1939 1153 1997 quaein
1190 1940 1324 1984 missa
1362 1941 1498 1985 unice
1541 1942 1796 1999 confertur,
1831 1957 1973 2003 quum

189 2019 538 2064 matrimonium
577 2025 780 2078 [empore
814 2034 907 2065 non
944 2021 1087 2066 vetito
1120 2022 1390 2068 solemniter
1432 2025 1691 2069 celebratur
1722 2030 1768 2070 et
1799 2026 1854 2071 de
1886 2040 1975 2086 qua

187 2115 339 2148 sermo
372 2107 441 2148 est
476 2103 519 2147 in
555 2102 632 2148 cit.
671 2105 801 2148 resol.
840 2107 962 2149 Sacr.
999 2107 1161 2160 Congr.
1203 2105 1311 2162 Rit.‚
1349 2108 1662 2152 confundatur
1700 2123 1806 2154 cum
1840 2109 1974 2154 bene-

186 2184 387 2230 dictione
421 2179 580 2230 annuli
615 2186 804 2246 aliisque
839 2187 1017 2243 ritibus,
1052 2187 1130 2247 qui
1165 2193 1376 2246 prostant
1408 2189 1456 2234 in
1481 2189 1665 2236 Rituali.
1703 2191 1974 2238 Huiusmodi

187 2267 312 2312 enim
347 2267 623 2323 benedictio,
648 2285 672 2313 a
699 2269 834 2326 priori
868 2269 1086 2315 distincta
1120 2275 1166 2314 et
1198 2284 1222 2315 a
1260 2271 1398 2316 missa
1433 2271 1763 2329 independens,
1794 2286 1976 2332 semper

187 2351 339 2396 locum
365 2351 501 2396 habet
523 2365 628 2396 cum
651 2351 997 2397 matrimonium
1017 2353 1115 2397 sive
1138 2353 1427 2409 solemniter,
1448 2354 1547 2399 sive
1570 2369 1663 2400 non
1687 2356 1971 2412 solemniter,

187 2448 342 2480 coram
382 2435 577 2481 Ecclesia
611 2436 916 2481 contrahitur.
954 2439 1071 2481 Sane
1106 2437 1334 2495 proposito
1367 2438 1504 2484 dubio
1529 2440 1663 2484 Sacra
1686 2441 1847 2497 Congr.
1876 2439 1969 2484 Fid.

187 2521 318 2576 Prop.
355 2533 414 2563 an
449 2519 708 2565 benedictio
743 2518 959 2577 nuptialis
991 2534 1108 2579 quae
1141 2525 1211 2565 cst
1243 2521 1290 2565 in
1327 2520 1512 2577 Rituali,
1549 2522 1845 2579 prohibeatur
1875 2522 1972 2567 dari

189 2607 397 2662 tempore
431 2604 595 2658 vetito,
629 2618 687 2648 an
723 2617 835 2648 vero
869 2605 954 2648 hoc
986 2608 1194 2661 tempore
1227 2604 1526 2662 prohibeatur
1556 2609 1741 2650 tantum
1788 2605 1971 2650 benedi·

187 2686 279 2731 ctio
311 2701 428 2745 quae
453 2690 521 2732 est
555 2687 601 2731 in
635 2686 823 2741 missali,
850 2691 900 2731 ut
923 2687 1073 2745 plures
1095 2686 1291 2745 theologi
1317 2690 1561 2732 autumare
1586 2687 1820 2744 videntur,
1847 2690 1967 2734 Sacr.

308 2831 317 2850 ¹
346 2831 380 2867 S.
408 2831 478 2867 Ril.
507 2831 640 2875 congr.
669 2830 771 2867 1874.
796 2830 947 2868 Collect.
972 2840 1012 2866 n.
1041 2830 1145 2867 1556.

306 2903 318 2920 ²
346 2902 381 2938 S.
410 2902 478 2938 Rit.
505 2902 637 2948 Congr.
667 2903 683 2938 1
714 2906 807 2948 sept.
836 2902 940 2938 1858.
967 2901 1115 2939 Collect.
1143 2910 1180 2938 n.
1211 2900 1314 2938 1545.

308 2973 320 2992 ³
347 2974 382 3010 S.
408 2974 476 3011 Un.
505 2974 610 3020 Inqu.
636 2974 678 3010 51
708 2983 792 3020 aug.
822 2973 924 3009 1881.
954 2972 1103 3010 Collect.
1130 2982 1166 3008 n.
1199 2970 1303 3009 1560.

305 3044 319 3065 ⁸
346 3045 381 3082 S.
407 3045 478 3082 Rit.
505 3045 638 3091 Congr.
665 3045 711 3082 25
738 3044 830 3082 iunii
858 3044 966 3088 1855;
993 3044 1036 3080 51
1065 3053 1151 3090 aug.
1179 3043 1282 3080 1867.
1311 3043 1463 3081 Collect.
1488 3053 1525 3080 n.
1553 3042 1659 3080 1558.
