2176 3386
0 0 72 20 “vus
81 0 151 13 ..ιρι
160 0 172 17 ,⁷
182 4 187 6 v
215 0 229 9 w
255 0 257 2 ·
314 0 323 10 ›
366 0 388 10 ιι,
427 0 487 10 νῖν·-

218 176 295 217 190
857 187 968 217 PARS
996 188 1021 216 1.
1058 188 1115 216 DE
1146 187 1357 217 pi-:Rsoms

217 295 327 343 ciati
360 295 470 351 sint,
504 299 584 340 aut
615 295 692 354 qui
729 294 895 340 notorii
928 293 1022 339 sint
1059 294 1332 340 clericorum
1380 308 1684 352 percussores,
1735 295 1905 356 privari
1941 300 1998 344 ad

218 383 403 437 tempus
433 391 514 423 sua
549 376 862 422 iurisdictione
887 378 918 432 ²,
954 376 1324 436 quandoquidem
1359 390 1504 421 unum
1538 381 1608 422 est
1638 378 1808 424 Vicarii
1831 382 1878 423 et
1899 379 1998 439 Epi-

218 460 340 519 scopi
377 459 601 515 tribuna13
639 459 746 504 licet
779 473 870 503 non
909 458 1240 516 prohibeantur
1273 457 1581 503 matrimoniis
1627 459 1856 518 assistere,
1891 476 1997 508 cum

219 543 441 588 eiusmodi
475 547 606 587 actus
639 557 729 587 non
764 542 824 588 sit
855 541 1184 587 iurisdictionis
1208 542 1240 584 ².
1276 544 1443 587 Contra
1480 543 1645 588 Vicarii
1675 543 1999 603 Episcoporum

219 625 295 685 qui
329 625 423 670 sint
455 624 623 669 notorii
659 624 894 679 baeretici,
932 624 1174 681 privantur
1206 623 1397 668 omnino
1436 637 1517 669 sua
1563 624 1893 671 iurisdictione.
1949 631 1999 671 In

222 709 356 768 priori
392 723 499 755 casu
532 722 611 753 seu
647 708 690 752 in
725 721 833 752 casu
866 720 1112 765 suspensae
1147 707 1474 752 iurisdictionis
1506 707 1552 752 in
1591 708 1835 768 Episcopis‚
1869 725 1999 755 exer-

220 792 379 837 citium
414 791 554 850 ipsius
586 790 850 836 devolvitur
881 791 937 834 ad
975 795 1103 835 Rom.
1143 790 1437 847 Pontilicem3
1475 790 1519 835 in
1555 805 1661 836 casu
1697 806 1809 837 vero
1853 797 2000 850 poste-

222 875 346 930 riori,
393 874 667 932 privatismis
707 873 1048 928 iurisdictionis,
1094 872 1346 918 iurisdictio
1394 874 1598 932 Episcopi
1651 875 1916 920 devolvitur
1947 877 2001 921 ad

223 957 498 1015 Capitulum,
534 957 925 1015 quemadmodum
958 955 1126 1001 accidit
1158 956 1263 1000 sede
1299 961 1494 1001 vacante
1598 956 1811 1016 Sequitur
1842 957 2000 1013 etiam,

226 1042 481 1098 EpiscopoS,
517 1055 714 1099 quorum
749 1040 1172 1084 excommunicatio
1205 1044 1251 1084 et
1283 1040 1521 1100 suspensio
1553 1040 1830 1086 denunciata
1859 1039 2002 1086 uomi-

224 1125 367 1169 natiin
404 1139 496 1169 non
531 1129 598 1169 est
633 1130 678 1168 ct
710 1123 786 1182 qui
819 1124 972 1168 sciunt
1014 1139 1060 1168 se
1105 1138 1261 1168 carere
1302 1124 1435 1168 titulo
1479 1138 1616 1168 verae
1661 1124 2000 1180 iurisdictionis,

222 1207 330 1251 licet
363 1207 563 1251 babeant
599 1206 781 1250 titulum
822 1205 1076 1250 coloratum
1125 1220 1230 1250 cum
1280 1220 1432 1250 errore
1483 1206 1630 1264 populi
1681 1206 2002 1262 coniunctum,

225 1290 371 1334 valide
406 1289 589 1348 quidem
622 1303 840 1333 exercere
875 1287 1256 1343 iurisdictionem,
1293 1288 1328 1333 si
1364 1288 1485 1332 aliud
1522 1302 1613 1333 non
1647 1290 1812 1343 obstet,
1850 1287 2004 1332 illicite

222 1379 378 1418 tamen
414 1373 455 1417 id
483 1374 648 1426 facere,
684 1374 844 1417 saltem
881 1372 915 1416 si
953 1372 1071 1417 ultro
1106 1385 1151 1416 se
1189 1373 1400 1428 ingerant
1424 1371 1455 1415 ¹¹.
1496 1373 1707 1430 Adeoque
1740 1371 1776 1414 si
1800 1370 2002 1428 Episcopi

224 1457 466 1516 praedictis
498 1457 703 1501 censuris
736 1457 943 1501 innodati
978 1456 1160 1501 ordines
1201 1458 1463 1510 conferunt,
1511 1454 1895 1512 irregularitatem
1939 1455 2007 1498 in-

223 1545 417 1584 currunt
449 1545 496 1585 et
527 1540 694 1584 subditi
728 1540 804 1597 qui
839 1541 952 1584 tales
985 1553 1062 1584 eos
1097 1539 1314 1583 noverint
1347 1537 1509 1583 notitia
1545 1538 1671 1591 facti,
1711 1542 1900 1596 possunt
1922 1536 2005 1580 im-

226 1638 343 1682 pune
378 1638 536 1668 eorum
573 1623 876 1668 iurisdictioni
913 1638 1002 1668 non
1039 1638 1196 1681 parere
1222 1623 1251 1667 ⁵.

311 1709 355 1764 4)
390 1711 561 1760 Quarta
596 1707 749 1764 regula
784 1707 1046 1751 communis
1079 1711 1148 1751 est
1181 1711 1232 1750 ut
1253 1705 1471 1764 quidquid
1493 1706 1777 1749 contrarium
1802 1708 1870 1748 est
1892 1707 2005 1748 Con-

224 1790 541 1834 stitutionibus
581 1790 804 1848 superiori
846 1790 1120 1835 auctoritate
1160 1789 1369 1845 firmatis,
1406 1793 1452 1833 et
1493 1787 1710 1847 quidquid
1754 1793 1823 1831 est
1865 1800 2007 1830 reser-

227 1878 387 1918 vatum
421 1873 642 1931 superiori
676 1874 959 1929 auctoritati,
997 1873 1040 1917 id
1074 1873 1377 1931 episcopalem
1421 1870 1782 1916 iurisdictionem
1835 1869 2007 1926 regula-

227 1958 338 2003 riter
369 1959 580 2014 excedat,
617 1958 756 2003 salvis
788 1957 1139 2017 exceptionibus
1171 1957 1215 2000 in
1253 1957 1349 2001 iure
1383 1955 1597 2014 probatis.

315 2042 393 2086 His
428 2041 684 2099 praeiactis,
720 2042 773 2086 ad
808 2041 1009 2099 singulas
1043 2040 1216 2098 species
1248 2039 1506 2084 ordinariae
1542 2037 1778 2095 potestatis
1817 2034 2006 2093 gradum

228 2125 451 2170 facientes
483 2138 687 2181 agemus,
724 2125 871 2183 primo
903 2124 957 2168 de
991 2127 1217 2182 potestate
1251 2122 1333 2167 fori
1370 2120 1569 2175 externi,
1605 2119 1768 2164 deinde
1801 2118 1855 2162 de
1883 2120 2009 2175 pote·

227 2213 344 2254 state
380 2208 464 2253 l'ori
500 2208 689 2253 interni.

228 2404 408 2441 transfert.
436 2405 627 2441 Putat-ivus
654 2404 715 2450 qui
744 2403 835 2439 falso
863 2403 1016 2439 subesse
1044 2402 1214 2438 creditur.
1244 2402 1336 2437 Hinc
1364 2401 1393 2436 si
1421 2400 1504 2446 quis
1522 2399 1569 2435 ab
1588 2398 1781 2435 Ordinario
1801 2396 2008 2443 paroeciam

227 2477 295 2514 rite
322 2475 493 2518 obtinuit,
521 2486 644 2519 verus:
671 2476 701 2512 si
729 2476 943 2519 simoniace,
977 2475 1173 2517 coloratus;
1201 2474 1232 2509 si
1267 2472 1469 2510 nullimode
1508 2470 1667 2507 obtinuit
1704 2470 1769 2506 sed
1796 2469 1877 2505 aliis
1915 2468 2006 2504 falso

228 2549 412 2596 persuasit
438 2549 507 2585 sibi
536 2548 706 2584 collatam
735 2547 857 2590 fuisse,
881 2548 1072 2592 putativus
1099 2545 1225 2583 titulus
1252 2545 1332 2581 erit.
1374 2546 1485 2580 Error
1517 2548 1639 2580 autem
1666 2541 1874 2578 communis
1893 2546 1958 2581 est,
1978 2539 2008 2575 si

228 2702 293 2729 seu
320 2691 405 2727 facti
432 2700 554 2726 errore
581 2700 646 2726 seu
675 2690 773 2732 iuris,
801 2689 1003 2725 dummodo
1032 2688 1092 2724 hic
1119 2688 1166 2724 sit
1193 2687 1407 2733 probabilis.

348 2762 358 2781 ¹
386 2762 559 2798 BAnBosA
586 2762 627 2798 de
653 2762 710 2807 off.
737 2763 769 2797 et
791 2763 907 2807 potest
934 2760 1053 2806 Episc.
1083 2758 1155 2795 All.
1183 2758 1241 2800 54,
1268 2767 1302 2794 n.
1333 2756 1413 2793 146.

349 2833 361 2852 ⁵
389 2834 562 2869 BARBOSA
587 2833 629 2869 cle
655 2832 710 2878 off.
739 2834 770 2867 et
796 2834 922 2877 potest.
949 2831 1016 2876 Ep.
1042 2830 1081 2866 P.
1108 2828 1140 2872 2,
1167 2829 1226 2865 all.
1246 2827 1304 2872 52,
1330 2837 1365 2863 n.
1395 2827 1473 2863 119.

350 2902 363 2922 ⁸
390 2904 593 2939 FAGNANUS
619 2903 657 2938 in
684 2902 769 2948 Cap.
799 2902 894 2945 Quia
920 2901 1164 2937 diversitatem
1190 2899 1234 2937 de
1260 2909 1364 2936 conc.
1391 2898 1516 2944 praeb.
1544 2907 1578 2934 n.
1605 2898 1650 2934 24
1676 2901 1712 2934 et
1736 2906 1817 2942 seq.

349 2975 364 2995 ¹*
389 2975 534 3012 Suannz
561 2975 602 3011 de
627 2984 765 3010 censur.
794 2973 895 3019 Disp.
921 2972 966 3009 26
992 2977 1081 3009 sect.
1107 2970 1139 3007 2.

347 3046 361 3067 ⁸
387 3046 532 3083 SUAnez
558 3045 627 3082 loc.
645 3045 707 3082 cit.

2143 3042 2158 3074 ψ
