2176 3386
217 167 296 208 124
687 215 690 219 ¹
858 175 969 205 PARS
999 177 1026 204 1.
1058 176 1116 205 DE
1144 174 1354 204 PERsoms

217 287 438 332 tribueret
462 305 502 332 n.
537 285 743 332 Gratiani
778 284 1099 330 collectionem
1135 296 1226 327 non
1270 282 1405 327 modo
1437 280 1604 340 privati
1646 280 1881 336 doctores,
1917 280 1996 325 sed

215 369 356 414 etiam
393 373 482 414 RR.
519 368 762 414 Pontifices
794 368 1048 411 emendare
1080 367 1238 410 conati
1266 370 1391 409 sant.
1429 364 1534 408 Pius
1566 365 1640 418 IV,
1679 362 1782 407 Pius
1807 366 1859 418 V,
1889 365 1996 407 Gre-

217 453 370 511 gorius
398 455 494 500 XIII
528 453 787 498 novam'et
810 451 1150 509 castigatiorem
1170 448 1374 494 Gratiani
1394 446 1766 492 emendationem
1798 446 1997 504 aggressi

218 539 342 591 sunt,
376 550 572 594 eamque
609 532 824 580 Romanis
867 531 1225 587 Correctoribus,
1271 532 1334 575 ita
1381 529 1541 584 dictis,
1578 528 1994 574 demandaverunt.

220 620 340 665 Nihil
373 626 529 665 autem
565 619 732 664 mirum
768 619 802 662 si
838 618 883 662 in
919 631 1054 675 opere
1089 620 1248 661 vastae
1280 615 1392 660 adeo
1427 616 1574 670 molis,
1610 613 1751 659 etiam
1786 613 1996 668 omnino,

216 715 305 760 quo
341 716 420 758 par
450 704 566 755 erat,
601 700 750 745 studio
784 704 829 744 ct
861 699 1095 756 diligentia
1121 702 1320 756 peracto,
1347 697 1454 742 novi
1489 710 1666 742 errores
1698 701 1849 742 tractu
1882 701 2022 742 tem-⁴

219 785 339 844 poris
373 784 549 829 inventi
585 788 709 828 sunt.
746 783 862 828 Hinc
895 785 1139 839 Gregorius
1173 785 1269 826 XIII
1305 780 1514 840 permisit.
1546 785 1597 824 ut
1628 779 1715 825 viri
1751 778 1919 824 eruditi
1953 778 1999 822 in

217 867 532 926 expendendis
564 865 769 912 Gratiani
808 864 1122 909 monumentis
1154 863 1396 908 doctrinali
1422 862 1795 922 interpretationi
1820 864 1998 906 incum-

219 951 395 996 berent.
435 954 601 995 Notatu
635 948 823 1006 dignum
860 953 929 993 cst
961 962 1074 1006 opus
1105 946 1497 992 absolutissimum
1532 947 1639 991 clar.
1677 945 1886 990 Berardi
1925 945 1997 989 cui

219 1034 379 1077 titulus
414 1053 433 1073 a
466 1034 692 1077 Gratiani
722 1044 926 1076 canones
956 1032 1160 1088 genuini
1192 1030 1248 1074 ab
1292 1028 1571 1087 apocryphis
1605 1029 1793 1074 discreti
1818 1045 1857 1072 n.
1891 1031 1999 1073 Gra·

220 1116 332 1161 tiani
367 1116 603 1160 decretum
638 1118 717 1158 aut
761 1114 946 1158 nattam
995 1113 1129 1157 habet
1171 1115 1484 1157 extrinsecam
1526 1113 1853 1157 auctoritatem
1893 1124 1999 1154 cam

223 1212 482 1258 numquam
522 1202 570 1242 R.
614 1198 853 1256 Pontifices
899 1198 1166 1240 solemniter
1213 1197 1332 1240 illati
1381 1196 1763 1253 adprobavissent
1804 1199 1851 1237 nt
1890 1193 2001 1250 teyis

222 1286 313 1327 vitn
336 1283 523 1329 haberet
548 1284 574 1327 ¹.
628 1287 780 1342 Neque
824 1284 908 1327 hoc
953 1283 1190 1327 decretum
1235 1282 1504 1340 adprobavit
1548 1281 1774 1339 Eugenius
1817 1283 1896 1334 Ill,
1934 1280 1998 1323 uti

222 1367 431 1412 nonnulli
467 1371 785 1425 praesumunt,
822 1380 926 1410 cum
957 1365 1143 1423 Eugenii
1168 1366 1405 1409 decretum
1428 1379 1453 1412 a
1478 1363 1664 1408 nemine
1690 1363 1946 1421 proferatur
1965 1361 1996 1406 ²⁷.

223 1451 306 1497 Alii
339 1451 385 1495 in
422 1451 622 1495 medium
658 1450 892 1495 adducunt
925 1449 1191 1508 Gregorium
1230 1453 1343 1505 XIII,
1379 1453 1426 1493 at
1460 1448 1553 1506 ipse
1581 1447 1790 1492 Pontifex
1826 1446 1871 1490 in
1908 1446 2001 1490 suis

223 1535 386 1581 litteris
417 1537 443 1580 2
476 1535 575 1579 Iulii
615 1535 725 1579 1582
759 1534 1033 1588 declaravit,
1081 1546 1264 1578 curasse
1312 1545 1358 1576 se
1409 1536 1458 1575 ut
1503 1530 1709 1576 Gratiani
1759 1533 2001 1574 Decretum

221 1618 430 1663 amendis
462 1623 767 1676 expurgatum
802 1621 848 1662 et
880 1620 1139 1661 correctum
1164 1615 1476 1669 exhiberetur,
1500 1614 1578 1658 sed
1603 1615 1882 1656 mentionem
1909 1624 2001 1654 non

223 1702 331 1759 fecit
363 1703 419 1746 de
450 1705 547 1746 eins
579 1703 724 1759 leyati
756 1702 1106 1759 adprobatione.
1133 1699 1261 1752 Quod
1295 1703 1341 1742 et
1366 1702 1478 1742 Rota
1505 1701 1709 1742 Romana
1732 1709 1825 1739 cor.
1857 1698 2002 1751 Pegna

222 1785 318 1830 (lec.
355 1785 442 1829 480
475 1784 729 1829 declaravit
762 1785 792 1828 ³.
832 1788 989 1843 Neque
1022 1797 1127 1828 cum
1161 1782 1261 1826 aliis
1298 1786 1368 1826 est
1408 1780 1674 1824 adducenda
1715 1778 2000 1823 consuetudo

222 1868 525 1913 universalis:
573 1867 747 1912 etenim
782 1881 840 1911 ex
875 1867 960 1911 hoc
993 1865 1113 1925 quod
1147 1877 1267 1909 unus
1308 1870 1388 1908 aut
1420 1865 1536 1908 alter
1569 1862 1675 1906 licet
1708 1861 1889 1919 spurius
1929 1873 2003 1904 ca·

223 1966 314 1996 non
349 1965 432 1996 usu
468 1951 513 1996 in
549 1953 692 2009 legem
728 1954 939 2009 receptus
987 1954 1071 2003 est,
1107 1947 1316 2005 colligere
1351 1931 1418 1992 fas
1451 1946 1571 1990 haud
1605 1949 1700 2000 est,
1742 1943 1853 1988 alios
1894 1956 2003 2001 quo-

223 2048 311 2093 que
344 2032 748 2078 indiscriminatim
783 2037 989 2090 receptos
1022 2032 1175 2076 fuisse.
1216 2035 1309 2075 Imo
1342 2030 1396 2074 ‹le
1432 2030 1552 2073 facto
1593 2031 1775 2072 constat
1815 2025 1932 2084 quod
1967 2024 2002 2069 si

225 2119 444 2162 nonnulla
480 2116 813 2161 consuetudine
837 2122 1021 2174 recepta
1043 2122 1167 2169 sunt,
1195 2116 1322 2172 plura
1345 2113 1484 2158 ctiam
1510 2116 1618 2156 sunt
1641 2113 1828 2155 reiecta.
1855 2112 2005 2162 Quare

224 2201 468 2246 (licendum
503 2205 588 2254 est,
624 2214 729 2245 cum
767 2199 1008 2244 Benedicto
1044 2201 1139 2243 XIV
1165 2198 1178 2221 '⁸
1213 2197 1333 2256 quod
1370 2217 1388 2236 α
1426 2209 1545 2254 qaae
1580 2197 1628 2238 in
1667 2194 1893 2237 Gratiani
1917 2192 2002 2235 col-

225 2285 416 2327 lectione
448 2286 770 2336 continentur,
809 2289 993 2327 tantam
1028 2281 1196 2326 liabent
1229 2283 1555 2326 auctoritatem
1597 2281 1827 2335 quantam
1870 2273 2004 2318 liabe-

226 2372 331 2409 rent
361 2367 402 2408 si
432 2367 573 2409 etiam
607 2366 657 2407 in
697 2365 923 2408 Gratiani
953 2363 1214 2407 collectione
1263 2375 1356 2405 non
1406 2361 1678 2412 extitissent,
1711 2370 1791 2400 sea
1838 2356 2007 2412 quanti

227 2451 383 2496 valent
417 2453 622 2494 rationes
652 2463 800 2493 sanae
833 2451 1025 2493 criticae
1056 2449 1220 2506 quibus
1251 2461 1306 2491 ea
1339 2449 1470 2489 iaaeta
1510 2443 1735 2488 Gratiani
1766 2440 2004 2483 lectionem

227 2535 553 2592 defendantar
579 2551 617 2577 n.

347 2757 354 2775 ¹
388 2758 462 2793 Etsi
490 2757 720 2792 'sarmentus
747 2756 847 2792 solus
875 2759 1004 2791 contra
1030 2755 1138 2790 dicat.

347 2827 436 2864 ².OE
465 2827 557 2862 Am.
584 2826 830 2862 Aucusrmum
857 2825 940 2860 dial
968 2824 1110 2866 5,1.1.

346 2898 358 2918 ³
386 2899 436 2935 Cf
464 2897 599 2934 Bened.
628 2896 724 2940 XIV,
753 2906 795 2932 ac
815 2896 903 2942 Syn.
928 2896 1022 2932 dioc.
1052 2896 1071 2931 l.
1093 2896 1124 2939 7,
1153 2905 1182 2931 c.
1204 2895 1258 2938 15,
1286 2905 1320 2931 n.
1340 2895 1414 2931 fiet
1436 2905 1495 2941 op.
1514 2895 1559 2932 de
1586 2893 1950 2938 Canoniz.§1,4‚p
1971 2892 2005 2935 2,

225 2981 258 3008 a.
288 2971 342 3014 17,
369 2980 405 3006 n.
436 2970 489 3006 10.

347 3042 361 3062 “
387 3042 454 3088 Op.
481 3046 515 3078 et
545 3042 612 3077 loc.
639 3041 701 3077 cit.

1686 2453 2176 3386 j
