2176 3386
215 226 298 285 qui
333 225 380 270 in
415 224 609 270 articulo
652 224 815 270 mortis
846 223 1088 283 baptizati,
1123 225 1316 270 omnino
1356 225 1491 271 rudes
1522 229 1656 282 sunt,
1689 229 1737 270 et
1768 225 1814 271 vi
1859 225 2004 272 morbi

214 307 457 366 defatigati
491 307 656 352 instrui
691 312 943 368 nequeunt.
998 311 1134 353 Porro
1167 311 1208 353 S.
1245 310 1292 353 C.
1329 311 1371 354 S.
1406 307 1494 353 Off.
1529 309 1602 354 die
1638 309 1691 354 10
1721 308 1852 368 april.
1893 309 2010 354 1861Δ

219 391 493 449 respondit¹
529 405 622 435 non
656 390 990 436 conferendum
1025 404 1122 436 esse
1157 394 1507 436 Sacramentum
1531 384 1897 437 confirmationis
1917 390 2005 437 illis

217 473 450 531 neophitis
485 473 786 529 moribundis,
821 486 935 532 quos
972 472 1286 518 Missionarius
1318 487 1509 532 capaces
1552 473 1764 532 baptismi
1793 473 2000 530 credidit,

218 555 308 600 nisi
341 556 504 600 saltem
538 556 739 601 habeant
771 555 970 615 aliquam
1006 555 1316 600 intentionem
1366 555 1644 614 percipiendi
1692 555 2003 601 confirmatio-

217 653 329 684 nem
362 639 418 684 ad
453 639 590 683 robur
622 639 805 684 animae
839 652 947 683 suae
982 638 1309 684 adiiciendum.

972 819 1150 862 CAPUT
1186 821 1257 863 [ΙΙ.

896 933 957 969 DE
996 933 1334 970 EUCHARISTIA.

340 1052 440 1096 664.
482 1051 667 1096 Renatis
702 1065 806 1096 cum
842 1051 1020 1097 Christo
1054 1066 1134 1110 per
1166 1051 1444 1110 baptismum
1489 1067 1656 1112 perque
1692 1052 2001 1099 confirmatio-

216 1147 326 1178 nem
351 1134 575 1179 roboratis
607 1134 652 1179 in
689 1134 794 1190 fide,
830 1135 1025 1180 caeleste
1058 1135 1167 1179 illud
1200 1135 1472 1180 convivium
1507 1135 1713 1181 fidelibus
1739 1137 1999 1194 exhibetur,

212 1231 306 1276 quo
341 1217 621 1262 mirabilium
672 1231 859 1263 suorum
913 1218 1184 1263 memoriam
1235 1218 1343 1263 fecit
1389 1219 1609 1264 Dominus
1652 1221 1698 1265 in
1732 1234 1785 1264 eo
1818 1220 2004 1266 divitias

212 1301 388 1345 amoris
410 1301 478 1345 sui
507 1301 648 1345 veluti
672 1301 931 1346 effundens.
964 1305 1012 1345 In
1041 1300 1352 1346 Eucharistiae
1375 1302 1500 1346 enim
1524 1308 1816 1348 sacramento
1839 1317 2003 1362 corpus

212 1388 264 1427 et
296 1385 481 1442 sanguis
531 1388 629 1429 Iesu
664 1385 827 1430 Christi
867 1385 941 1430 Dei
992 1385 1193 1430 hominis
1237 1384 1321 1429 sub
1368 1385 1605 1443 speciebus
1651 1386 1779 1444 panis
1821 1391 1867 1431 et
1906 1387 2002 1432 xini

218 1471 456 1527 tamquam
491 1468 620 1513 cibus
653 1468 940 1524 animarum,
978 1483 1110 1523 vere,
1147 1468 1330 1513 realiter
1377 1474 1422 1514 et
1461 1468 1825 1513 substantialiter
1857 1470 2002 1514 conti-

218 1555 356 1595 netur
388 1565 469 1610 per
502 1552 758 1596 mirabilem
793 1557 839 1596 et
871 1552 1151 1610 singularem
1186 1552 1326 1597 totius
1358 1552 1644 1598 substantiae
1678 1552 1807 1611 panis
1834 1557 1880 1598 et
1907 1553 2001 1598 vini

216 1633 263 1677 in
299 1648 463 1693 corpus
495 1640 541 1679 et
573 1635 846 1693 sanguinem
890 1635 1069 1680 Domini
1112 1635 1491 1692 conversionem,
1526 1650 1642 1695 quae
1686 1635 1745 1681 ita
1790 1635 2001 1681 instituta

212 1721 302 1772 est,
339 1721 390 1762 ut
422 1718 530 1762 (lum
566 1724 910 1763 sacramentum
944 1719 1216 1773 conficitur,
1252 1722 1374 1763 Iesus
1413 1718 1617 1765 Christus
1651 1719 1744 1777 ipse
1782 1718 1916 1763 simul
1952 1719 1997 1763 in

219 1814 380 1845 verum
416 1806 462 1844 et
494 1801 753 1860 proprium,
791 1801 897 1847 licet
932 1802 1251 1857 incruentum,
1287 1801 1563 1846 sacrificium
1598 1801 1830 1846 offeratur.
1882 1803 1999 1846 Hinc

211 1884 270 1928 -de
309 1885 589 1930 Eucharistia
626 1886 825 1943 primum
860 1889 910 1929 ut
943 1889 1285 1930 sacramentum
1320 1888 1418 1940 est,
1453 1885 1558 1930 dein
1594 1899 1703 1929 vero
1741 1890 1792 1929 ut
1830 1883 1998 1930 sacrifi—

212 1972 362 2028 cium,
399 1987 602 2031 agemus.

976 2140 1182 2182 SECTIO
1215 2141 1244 2181 I.

734 2277 789 2304 DE
819 2276 1140 2305 EUCHARISTIAE
1169 2276 1246 2304 SAC
1252 2265 1474 2305 RAMENTO.

336 2393 437 2438 665.
483 2397 542 2437 De
593 2392 904 2437 Eucharistiae
953 2395 1250 2436 sacramento
1301 2389 1630 2449 inquirendum
1679 2387 1879 2447 primum
1930 2391 1999 2431 est

210 2490 444 2535 quaenam
479 2475 577 2520 eius
609 2475 668 2520 sit
692 2475 884 2520 materia
918 2479 964 2519 et
998 2476 1161 2530 forma,
1187 2474 1378 2534 quinam
1413 2472 1624 2517 minister
1645 2475 1692 2515 et
1712 2470 1993 2527 subiectum,

213 2559 417 2604 secundo
450 2559 505 2604 de
538 2558 911 2618 dispositionibus
951 2558 1180 2617 agendum
1216 2557 1272 2602 ad
1311 2571 1412 2602 eam
1451 2557 1723 2600 sumendam
1767 2551 1997 2613 requisitis

213 2657 268 2689 ac
301 2643 356 2688 de
390 2643 618 2702 frequenti
653 2643 1014 2699 communione;
1062 2641 1198 2686 tertio
1236 2643 1291 2685 de
1326 2640 1459 2685 modo
1492 2653 1593 2683 eam
1629 2636 1822 2682 infirmis
1862 2635 1996 2681 mini-

210 2725 416 2783 strandi;
453 2740 505 2770 ac
537 2726 734 2785 denique
767 2725 823 2770 de
857 2725 992 2770 modo
1023 2739 1127 2770 eam
1161 2723 1443 2769 asservandi.

338 2901 344 2920 ¹
375 2901 526 2938 Collect.
553 2911 588 2937 n.
616 2901 694 2938 685.

341 141 443 187 665.
479 141 752 195 Quaesitum
775 145 861 198 est,
885 146 1044 189 utrum
1077 111 1227 188 danda
1249 124 1308 188 sit
1329 109 1628 188 Confirmatio
1644 113 1738 188 illis
1751 111 2059 202 neophiti,
2075 134 2097 175 ‚l
2134 166 2138 174 =
