<?xml version="1.0" encoding="UTF-8"?>
<!DOCTYPE html PUBLIC "-//W3C//DTD XHTML 1.0 Transitional//EN"
    "http://www.w3.org/TR/xhtml1/DTD/xhtml1-transitional.dtd">
<html xmlns="http://www.w3.org/1999/xhtml" xml:lang="en" lang="en">
 <head>
  <title>
</title>
<meta http-equiv="Content-Type" content="text/html;charset=utf-8" />
  <meta name='ocr-system' content='tesseract 3.04.00' />
  <meta name='ocr-capabilities' content='ocr_page ocr_carea ocr_par ocr_line ocrx_word'/>
</head>
<body>
  <div class='ocr_page' id='page_1' title='image "apparatus00ziteuoft_0642.png"; bbox 0 0 2176 3386; ppageno 0'>
   <div class='ocr_carea' id='block_1_1' title="bbox 222 236 1337 277">
    <p class='ocr_par' dir='ltr' id='par_1_1' title="bbox 222 236 1337 277">
     <span class='ocr_line' id='line_1_1' title="bbox 222 236 1337 277; baseline 0.001 -2"><span class='ocrx_word' id='word_1_1' title='bbox 222 236 302 275; x_wconf 83' lang='grc'>146</span> <span class='ocrx_word' id='word_1_2' title='bbox 898 248 1008 277; x_wconf 80' lang='lat' dir='ltr'><strong>PARS</strong></span> <span class='ocrx_word' id='word_1_3' title='bbox 1038 249 1078 276; x_wconf 88' lang='lat'>11.</span> <span class='ocrx_word' id='word_1_4' title='bbox 1113 249 1170 276; x_wconf 82' lang='lat' dir='ltr'>DE</span> <span class='ocrx_word' id='word_1_5' title='bbox 1200 248 1337 277; x_wconf 77' lang='lat' dir='ltr'>REBUS</span> 
     </span>
    </p>
   </div>
   <div class='ocr_carea' id='block_1_2' title="bbox 2045 0 2176 450">
    <p class='ocr_par' dir='ltr' id='par_1_2' title="bbox 2045 0 2176 450">
     <span class='ocr_line' id='line_1_2' title="bbox 2045 0 2176 450; baseline 0 2936"><span class='ocrx_word' id='word_1_6' title='bbox 2045 0 2176 450; x_wconf 95' lang='lat' dir='ltr'> </span> 
     </span>
    </p>
   </div>
   <div class='ocr_carea' id='block_1_3' title="bbox 221 353 2013 2994">
    <p class='ocr_par' dir='ltr' id='par_1_3' title="bbox 221 353 2011 498">
     <span class='ocr_line' id='line_1_3' title="bbox 221 353 2011 413; baseline 0.002 -15"><span class='ocrx_word' id='word_1_7' title='bbox 221 353 413 399; x_wconf 89' lang='lat' dir='ltr'>ditatem</span> <span class='ocrx_word' id='word_1_8' title='bbox 450 354 680 413; x_wconf 88' lang='lat' dir='ltr'>pertinere</span> <span class='ocrx_word' id='word_1_9' title='bbox 712 354 944 413; x_wconf 83' lang='lat' dir='ltr'>coniugii,</span> <span class='ocrx_word' id='word_1_10' title='bbox 996 369 1049 400; x_wconf 89' lang='lat' dir='ltr'>ac</span> <span class='ocrx_word' id='word_1_11' title='bbox 1095 358 1335 413; x_wconf 88' lang='lat' dir='ltr'>propterea</span> <span class='ocrx_word' id='word_1_12' title='bbox 1378 369 1436 399; x_wconf 90' lang='lat' dir='ltr'>ne</span> <span class='ocrx_word' id='word_1_13' title='bbox 1468 354 1732 400; x_wconf 81' lang='lat' dir='ltr'>committat</span> <span class='ocrx_word' id='word_1_14' title='bbox 1763 359 1816 399; x_wconf 89' lang='lat' dir='ltr'>ut</span> <span class='ocrx_word' id='word_1_15' title='bbox 1848 369 2011 401; x_wconf 88' lang='lat' dir='ltr'>rursus</span> 
     </span>
     <span class='ocr_line' id='line_1_4' title="bbox 221 438 1292 498; baseline -0.001 -15"><span class='ocrx_word' id='word_1_16' title='bbox 221 451 475 483; x_wconf 83' lang='lat' dir='ltr'><strong>consensus</strong></span> <span class='ocrx_word' id='word_1_17' title='bbox 508 452 587 498; x_wconf 91' lang='lat' dir='ltr'>per</span> <span class='ocrx_word' id='word_1_18' title='bbox 619 452 741 483; x_wconf 86' lang='lat' dir='ltr'>nova</span> <span class='ocrx_word' id='word_1_19' title='bbox 775 439 916 483; x_wconf 90' lang='lat' dir='ltr'>verba</span> <span class='ocrx_word' id='word_1_20' title='bbox 949 438 1239 496; x_wconf 77' lang='lat' dir='ltr'>exprimatur</span> <span class='ocrx_word' id='word_1_21' title='bbox 1262 439 1292 482; x_wconf 81' lang='lat'>¹.</span> 
     </span>
    </p>

    <p class='ocr_par' dir='ltr' id='par_1_4' title="bbox 223 520 2007 664">
     <span class='ocr_line' id='line_1_5' title="bbox 341 520 2007 581; baseline -0.001 -14"><span class='ocrx_word' id='word_1_22' title='bbox 341 522 442 567; x_wconf 75' lang='lat'><strong>928.</strong></span> <span class='ocrx_word' id='word_1_23' title='bbox 479 521 595 576; x_wconf 86' lang='lat' dir='ltr'>Quid</span> <span class='ocrx_word' id='word_1_24' title='bbox 628 521 739 566; x_wconf 90' lang='lat' dir='ltr'>iuris</span> <span class='ocrx_word' id='word_1_25' title='bbox 773 521 817 566; x_wconf 87' lang='lat' dir='ltr'>in</span> <span class='ocrx_word' id='word_1_26' title='bbox 854 521 938 567; x_wconf 88' lang='lat' dir='ltr'>illis</span> <span class='ocrx_word' id='word_1_27' title='bbox 970 521 1105 577; x_wconf 91' lang='lat' dir='ltr'>locis,</span> <span class='ocrx_word' id='word_1_28' title='bbox 1153 521 1197 565; x_wconf 92' lang='lat' dir='ltr'>in</span> <span class='ocrx_word' id='word_1_29' title='bbox 1243 521 1407 581; x_wconf 90' lang='lat' dir='ltr'>quibus</span> <span class='ocrx_word' id='word_1_30' title='bbox 1450 520 1522 566; x_wconf 92' lang='lat' dir='ltr'>vel</span> <span class='ocrx_word' id='word_1_31' title='bbox 1557 521 1875 566; x_wconf 88' lang='lat' dir='ltr'>Tridentinum</span> <span class='ocrx_word' id='word_1_32' title='bbox 1910 535 2007 566; x_wconf 81' lang='lat' dir='ltr'>non</span> 
     </span>
     <span class='ocr_line' id='line_1_6' title="bbox 223 603 1532 664; baseline -0.002 -14"><span class='ocrx_word' id='word_1_33' title='bbox 223 609 294 650; x_wconf 90' lang='lat' dir='ltr'>est</span> <span class='ocrx_word' id='word_1_34' title='bbox 325 610 578 663; x_wconf 89' lang='lat' dir='ltr'>receptum,</span> <span class='ocrx_word' id='word_1_35' title='bbox 614 606 688 650; x_wconf 90' lang='lat' dir='ltr'>vel</span> <span class='ocrx_word' id='word_1_36' title='bbox 722 605 768 649; x_wconf 90' lang='lat' dir='ltr'>in</span> <span class='ocrx_word' id='word_1_37' title='bbox 801 605 964 664; x_wconf 89' lang='lat' dir='ltr'>quibus</span> <span class='ocrx_word' id='word_1_38' title='bbox 996 605 1112 649; x_wconf 86' lang='lat' dir='ltr'><strong>desit</strong></span> <span class='ocrx_word' id='word_1_39' title='bbox 1144 604 1274 663; x_wconf 89' lang='lat' dir='ltr'>copia</span> <span class='ocrx_word' id='word_1_40' title='bbox 1309 603 1532 650; x_wconf 85' lang='lat' dir='ltr'>Parochi‘?</span> 
     </span>
    </p>

    <p class='ocr_par' dir='ltr' id='par_1_5' title="bbox 222 684 2013 2994">
     <span class='ocr_line' id='line_1_7' title="bbox 343 684 2000 745; baseline -0.001 -13"><span class='ocrx_word' id='word_1_41' title='bbox 343 692 437 733; x_wconf 87' lang='lat' dir='ltr'>Hac</span> <span class='ocrx_word' id='word_1_42' title='bbox 475 687 520 731; x_wconf 95' lang='lat' dir='ltr'>in</span> <span class='ocrx_word' id='word_1_43' title='bbox 557 701 604 731; x_wconf 92' lang='lat' dir='ltr'>re</span> <span class='ocrx_word' id='word_1_44' title='bbox 647 700 753 745; x_wconf 87' lang='lat' dir='ltr'>prae</span> <span class='ocrx_word' id='word_1_45' title='bbox 796 686 938 731; x_wconf 90' lang='lat' dir='ltr'>oculis</span> <span class='ocrx_word' id='word_1_46' title='bbox 979 685 1187 730; x_wconf 87' lang='lat' dir='ltr'>habenda</span> <span class='ocrx_word' id='word_1_47' title='bbox 1228 688 1297 729; x_wconf 88' lang='lat' dir='ltr'>est</span> <span class='ocrx_word' id='word_1_48' title='bbox 1335 684 1583 730; x_wconf 75' lang='lat' dir='ltr'>declaratio</span> <span class='ocrx_word' id='word_1_49' title='bbox 1623 688 1744 730; x_wconf 86' lang='lat' dir='ltr'>Sacr.</span> <span class='ocrx_word' id='word_1_50' title='bbox 1782 688 2000 743; x_wconf 84' lang='lat' dir='ltr'>Congreg.</span> 
     </span>
     <span class='ocr_line' id='line_1_8' title="bbox 222 768 2011 828; baseline -0.002 -11"><span class='ocrx_word' id='word_1_51' title='bbox 222 775 359 818; x_wconf 90' lang='lat' dir='ltr'>Conc.</span> <span class='ocrx_word' id='word_1_52' title='bbox 397 769 518 816; x_wconf 90' lang='lat' dir='ltr'>edita</span> <span class='ocrx_word' id='word_1_53' title='bbox 551 770 623 815; x_wconf 89' lang='lat' dir='ltr'>die</span> <span class='ocrx_word' id='word_1_54' title='bbox 660 771 710 814; x_wconf 87' lang='lat'>19</span> <span class='ocrx_word' id='word_1_55' title='bbox 744 770 836 814; x_wconf 91' lang='lat' dir='ltr'>ian.</span> <span class='ocrx_word' id='word_1_56' title='bbox 874 783 949 814; x_wconf 91' lang='lat' dir='ltr'>an.</span> <span class='ocrx_word' id='word_1_57' title='bbox 991 769 1119 823; x_wconf 87' lang='grc'>1607,</span> <span class='ocrx_word' id='word_1_58' title='bbox 1155 768 1228 813; x_wconf 91' lang='lat' dir='ltr'>cui</span> <span class='ocrx_word' id='word_1_59' title='bbox 1262 768 1468 813; x_wconf 89' lang='lat' dir='ltr'>addenda</span> <span class='ocrx_word' id='word_1_60' title='bbox 1503 772 1571 813; x_wconf 91' lang='lat' dir='ltr'>est</span> <span class='ocrx_word' id='word_1_61' title='bbox 1603 768 1843 824; x_wconf 77' lang='lat' dir='ltr'>limitatio,</span> <span class='ocrx_word' id='word_1_62' title='bbox 1887 784 2011 828; x_wconf 85' lang='lat' dir='ltr'>quae</span> 
     </span>
     <span class='ocr_line' id='line_1_9' title="bbox 224 851 2003 912; baseline -0.002 -12"><span class='ocrx_word' id='word_1_63' title='bbox 224 856 270 900; x_wconf 92' lang='lat' dir='ltr'>in</span> <span class='ocrx_word' id='word_1_64' title='bbox 304 859 456 901; x_wconf 90' lang='lat' dir='ltr'>Const.</span> <span class='ocrx_word' id='word_1_65' title='bbox 497 853 726 899; x_wconf 84' lang='lat' dir='ltr'>Benedicti</span> <span class='ocrx_word' id='word_1_66' title='bbox 762 856 857 898; x_wconf 79' lang='lat' dir='ltr'>xlv</span> <span class='ocrx_word' id='word_1_67' title='bbox 890 867 1007 912; x_wconf 83' lang='lat' dir='ltr'>quae</span> <span class='ocrx_word' id='word_1_68' title='bbox 1047 851 1208 910; x_wconf 83' lang='lat' dir='ltr'>incipit</span> <span class='ocrx_word' id='word_1_69' title='bbox 1252 854 1562 897; x_wconf 76' lang='lat' dir='ltr'>Matrimonia</span> <span class='ocrx_word' id='word_1_70' title='bbox 1606 851 1813 896; x_wconf 89' lang='lat' dir='ltr'>habetur.</span> <span class='ocrx_word' id='word_1_71' title='bbox 1867 855 2003 897; x_wconf 88' lang='lat' dir='ltr'>Sacra</span> 
     </span>
     <span class='ocr_line' id='line_1_10' title="bbox 224 935 2003 998; baseline -0.002 -14"><span class='ocrx_word' id='word_1_72' title='bbox 224 939 362 998; x_wconf 84' lang='lat' dir='ltr'>igitur</span> <span class='ocrx_word' id='word_1_73' title='bbox 393 938 692 996; x_wconf 80' lang='lat' dir='ltr'>Congregatio</span> <span class='ocrx_word' id='word_1_74' title='bbox 727 938 786 981; x_wconf 88' lang='lat' dir='ltr'>ita</span> <span class='ocrx_word' id='word_1_75' title='bbox 822 936 1032 982; x_wconf 88' lang='lat' dir='ltr'>censuit:</span> <span class='ocrx_word' id='word_1_76' title='bbox 1070 937 1148 980; x_wconf 87' lang='lat' dir='ltr'>Ubi</span> <span class='ocrx_word' id='word_1_77' title='bbox 1185 936 1423 981; x_wconf 88' lang='lat' dir='ltr'>decretum</span> <span class='ocrx_word' id='word_1_78' title='bbox 1456 935 1643 981; x_wconf 88' lang='lat' dir='ltr'>Concilii</span> <span class='ocrx_word' id='word_1_79' title='bbox 1681 950 1770 980; x_wconf 92' lang='lat' dir='ltr'>non</span> <span class='ocrx_word' id='word_1_80' title='bbox 1815 940 1884 980; x_wconf 91' lang='lat' dir='ltr'>est</span> <span class='ocrx_word' id='word_1_81' title='bbox 1925 950 2003 993; x_wconf 91' lang='lat' dir='ltr'>pu-</span> 
     </span>
     <span class='ocr_line' id='line_1_11' title="bbox 225 1019 2011 1078; baseline -0.002 -11"><span class='ocrx_word' id='word_1_82' title='bbox 225 1023 461 1077; x_wconf 89' lang='lat' dir='ltr'>blicatum,</span> <span class='ocrx_word' id='word_1_83' title='bbox 500 1022 651 1066; x_wconf 89' lang='lat' dir='ltr'>valere</span> <span class='ocrx_word' id='word_1_84' title='bbox 687 1019 982 1065; x_wconf 89' lang='lat' dir='ltr'>matrimonia</span> <span class='ocrx_word' id='word_1_85' title='bbox 1016 1023 1254 1064; x_wconf 86' lang='lat' dir='ltr'>contracta</span> <span class='ocrx_word' id='word_1_86' title='bbox 1288 1019 1457 1078; x_wconf 84' lang='lat' dir='ltr'>absque</span> <span class='ocrx_word' id='word_1_87' title='bbox 1491 1019 1787 1064; x_wconf 89' lang='lat' dir='ltr'>observantia</span> <span class='ocrx_word' id='word_1_88' title='bbox 1832 1021 2011 1065; x_wconf 77' lang='lat' dir='ltr'>formae</span> 
     </span>
     <span class='ocr_line' id='line_1_12' title="bbox 223 1101 2008 1162; baseline -0.002 -13"><span class='ocrx_word' id='word_1_89' title='bbox 223 1120 248 1149; x_wconf 89' lang='lat' dir='ltr'>a</span> <span class='ocrx_word' id='word_1_90' title='bbox 282 1104 483 1151; x_wconf 87' lang='lat' dir='ltr'>Concilio</span> <span class='ocrx_word' id='word_1_91' title='bbox 517 1104 612 1162; x_wconf 91' lang='lat' dir='ltr'>ipso</span> <span class='ocrx_word' id='word_1_92' title='bbox 647 1103 967 1162; x_wconf 83' lang='lat' dir='ltr'>praescriptae.</span> <span class='ocrx_word' id='word_1_93' title='bbox 1004 1106 1101 1147; x_wconf 90' lang='lat' dir='ltr'>lmo</span> <span class='ocrx_word' id='word_1_94' title='bbox 1125 1101 1351 1159; x_wconf 85' lang='lat' dir='ltr'>sponsalia</span> <span class='ocrx_word' id='word_1_95' title='bbox 1380 1101 1473 1159; x_wconf 91' lang='lat' dir='ltr'>ipsa</span> <span class='ocrx_word' id='word_1_96' title='bbox 1498 1106 1741 1146; x_wconf 89' lang='lat' dir='ltr'>transeunt</span> <span class='ocrx_word' id='word_1_97' title='bbox 1766 1102 1811 1146; x_wconf 91' lang='lat' dir='ltr'>in</span> <span class='ocrx_word' id='word_1_98' title='bbox 1843 1115 2008 1146; x_wconf 70' lang='lat' dir='ltr'>verum</span> 
     </span>
     <span class='ocr_line' id='line_1_13' title="bbox 227 1185 2004 1245; baseline -0.003 -12"><span class='ocrx_word' id='word_1_99' title='bbox 227 1187 574 1234; x_wconf 85' lang='lat' dir='ltr'>matrimonium</span> <span class='ocrx_word' id='word_1_100' title='bbox 610 1202 688 1245; x_wconf 88' lang='lat' dir='ltr'>per</span> <span class='ocrx_word' id='word_1_101' title='bbox 719 1186 928 1244; x_wconf 89' lang='lat' dir='ltr'>copulam</span> <span class='ocrx_word' id='word_1_102' title='bbox 963 1186 1272 1230; x_wconf 88' lang='lat' dir='ltr'>subsecutam.</span> <span class='ocrx_word' id='word_1_103' title='bbox 1315 1188 1435 1229; x_wconf 87' lang='lat' dir='ltr'>Duae</span> <span class='ocrx_word' id='word_1_104' title='bbox 1471 1199 1579 1229; x_wconf 85' lang='lat' dir='ltr'>vero</span> <span class='ocrx_word' id='word_1_105' title='bbox 1613 1189 1722 1229; x_wconf 89' lang='lat' dir='ltr'>sunt</span> <span class='ocrx_word' id='word_1_106' title='bbox 1745 1185 1925 1242; x_wconf 81' lang='lat' dir='ltr'>regulae</span> <span class='ocrx_word' id='word_1_107' title='bbox 1948 1186 2004 1229; x_wconf 89' lang='lat' dir='ltr'>ad</span> 
     </span>
     <span class='ocr_line' id='line_1_14' title="bbox 223 1266 2003 1315; baseline -0.003 0"><span class='ocrx_word' id='word_1_108' title='bbox 223 1270 565 1315; x_wconf 89' lang='lat' dir='ltr'>diiudicandam</span> <span class='ocrx_word' id='word_1_109' title='bbox 602 1268 883 1313; x_wconf 87' lang='lat' dir='ltr'>matrimonii</span> <span class='ocrx_word' id='word_1_110' title='bbox 919 1267 1216 1313; x_wconf 79' lang='lat' dir='ltr'>existentiam</span> <span class='ocrx_word' id='word_1_111' title='bbox 1256 1267 1298 1311; x_wconf 90' lang='lat' dir='ltr'>in</span> <span class='ocrx_word' id='word_1_112' title='bbox 1335 1268 1421 1312; x_wconf 85' lang='lat' dir='ltr'>boc</span> <span class='ocrx_word' id='word_1_113' title='bbox 1453 1281 1577 1311; x_wconf 89' lang='lat' dir='ltr'>casu.</span> <span class='ocrx_word' id='word_1_114' title='bbox 1628 1266 1775 1311; x_wconf 89' lang='lat' dir='ltr'>Prima</span> <span class='ocrx_word' id='word_1_115' title='bbox 1816 1271 1914 1311; x_wconf 89' lang='lat' dir='ltr'>est:</span> <span class='ocrx_word' id='word_1_116' title='bbox 1962 1266 2003 1309; x_wconf 87' lang='lat' dir='ltr'>Si</span> 
     </span>
     <span class='ocr_line' id='line_1_15' title="bbox 225 1348 2010 1413; baseline -0.004 -14"><span class='ocrx_word' id='word_1_117' title='bbox 225 1359 419 1413; x_wconf 84' lang='lat' dir='ltr'>utraque</span> <span class='ocrx_word' id='word_1_118' title='bbox 454 1367 571 1411; x_wconf 87' lang='lat' dir='ltr'>pars,</span> <span class='ocrx_word' id='word_1_119' title='bbox 607 1357 686 1397; x_wconf 89' lang='lat' dir='ltr'>aut</span> <span class='ocrx_word' id='word_1_120' title='bbox 718 1351 956 1405; x_wconf 86' lang='lat' dir='ltr'>alterutra,</span> <span class='ocrx_word' id='word_1_121' title='bbox 993 1354 1130 1408; x_wconf 81' lang='lat' dir='ltr'>negat</span> <span class='ocrx_word' id='word_1_122' title='bbox 1166 1348 1514 1394; x_wconf 85' lang='lat' dir='ltr'>matrimonium</span> <span class='ocrx_word' id='word_1_123' title='bbox 1549 1348 1687 1393; x_wconf 86' lang='lat' dir='ltr'>fuisse</span> <span class='ocrx_word' id='word_1_124' title='bbox 1721 1348 1912 1403; x_wconf 88' lang='lat' dir='ltr'>initum,</span> <span class='ocrx_word' id='word_1_125' title='bbox 1959 1354 2010 1393; x_wconf 83' lang='lat' dir='ltr'>et.</span> 
     </span>
     <span class='ocr_line' id='line_1_16' title="bbox 225 1433 2012 1492; baseline -0.004 -10"><span class='ocrx_word' id='word_1_126' title='bbox 225 1437 360 1483; x_wconf 91' lang='lat' dir='ltr'>huius</span> <span class='ocrx_word' id='word_1_127' title='bbox 392 1436 640 1481; x_wconf 86' lang='lat' dir='ltr'>existentia</span> <span class='ocrx_word' id='word_1_128' title='bbox 674 1435 857 1480; x_wconf 89' lang='lat' dir='ltr'>aliunde</span> <span class='ocrx_word' id='word_1_129' title='bbox 893 1434 1071 1492; x_wconf 91' lang='lat' dir='ltr'>probari</span> <span class='ocrx_word' id='word_1_130' title='bbox 1107 1447 1198 1477; x_wconf 92' lang='lat' dir='ltr'>non</span> <span class='ocrx_word' id='word_1_131' title='bbox 1236 1433 1390 1490; x_wconf 89' lang='lat' dir='ltr'>possit,</span> <span class='ocrx_word' id='word_1_132' title='bbox 1427 1434 1472 1476; x_wconf 93' lang='lat' dir='ltr'>in</span> <span class='ocrx_word' id='word_1_133' title='bbox 1510 1433 1604 1477; x_wconf 85' lang='lat' dir='ltr'>toro</span> <span class='ocrx_word' id='word_1_134' title='bbox 1634 1436 1828 1476; x_wconf 83' lang='lat' dir='ltr'>externo</span> <span class='ocrx_word' id='word_1_135' title='bbox 1854 1436 2012 1489; x_wconf 84' lang='lat' dir='ltr'>partes</span> 
     </span>
     <span class='ocr_line' id='line_1_17' title="bbox 225 1514 2013 1578; baseline -0.003 -14"><span class='ocrx_word' id='word_1_136' title='bbox 225 1519 347 1578; x_wconf 90' lang='lat' dir='ltr'>ipsae</span> <span class='ocrx_word' id='word_1_137' title='bbox 382 1533 473 1563; x_wconf 93' lang='lat' dir='ltr'>non</span> <span class='ocrx_word' id='word_1_138' title='bbox 507 1522 756 1563; x_wconf 78' lang='lat' dir='ltr'>censentur</span> <span class='ocrx_word' id='word_1_139' title='bbox 790 1517 834 1560; x_wconf 92' lang='lat' dir='ltr'>in</span> <span class='ocrx_word' id='word_1_140' title='bbox 872 1515 1167 1560; x_wconf 90' lang='lat' dir='ltr'>matrimonio</span> <span class='ocrx_word' id='word_1_141' title='bbox 1192 1515 1393 1570; x_wconf 90' lang='lat' dir='ltr'>iunctae,</span> <span class='ocrx_word' id='word_1_142' title='bbox 1419 1514 1594 1559; x_wconf 87' lang='lat' dir='ltr'>etiamsi</span> <span class='ocrx_word' id='word_1_143' title='bbox 1620 1515 1779 1572; x_wconf 90' lang='lat' dir='ltr'>copula</span> <span class='ocrx_word' id='word_1_144' title='bbox 1807 1514 2013 1558; x_wconf 87' lang='lat' dir='ltr'>carnalis</span> 
     </span>
     <span class='ocr_line' id='line_1_18' title="bbox 226 1597 2002 1658; baseline -0.003 -12"><span class='ocrx_word' id='word_1_145' title='bbox 226 1603 376 1648; x_wconf 90' lang='lat' dir='ltr'>locum</span> <span class='ocrx_word' id='word_1_146' title='bbox 411 1601 634 1646; x_wconf 89' lang='lat' dir='ltr'>habuerit.</span> <span class='ocrx_word' id='word_1_147' title='bbox 670 1600 711 1644; x_wconf 91' lang='lat' dir='ltr'>Si</span> <span class='ocrx_word' id='word_1_148' title='bbox 746 1605 902 1644; x_wconf 90' lang='lat' dir='ltr'>tamen</span> <span class='ocrx_word' id='word_1_149' title='bbox 937 1603 1038 1658; x_wconf 90' lang='lat' dir='ltr'>post</span> <span class='ocrx_word' id='word_1_150' title='bbox 1070 1598 1183 1642; x_wconf 88' lang='lat' dir='ltr'>inita</span> <span class='ocrx_word' id='word_1_151' title='bbox 1217 1597 1444 1656; x_wconf 87' lang='lat' dir='ltr'>sponsalia</span> <span class='ocrx_word' id='word_1_152' title='bbox 1477 1598 1629 1642; x_wconf 86' lang='lat' dir='ltr'>habita</span> <span class='ocrx_word' id='word_1_153' title='bbox 1664 1597 1801 1642; x_wconf 84' lang='lat' dir='ltr'>fuerit</span> <span class='ocrx_word' id='word_1_154' title='bbox 1824 1597 2002 1655; x_wconf 89' lang='lat' dir='ltr'>copula,</span> 
     </span>
     <span class='ocr_line' id='line_1_19' title="bbox 226 1680 1998 1739; baseline -0.005 -9"><span class='ocrx_word' id='word_1_155' title='bbox 226 1687 271 1730; x_wconf 91' lang='lat' dir='ltr'>in</span> <span class='ocrx_word' id='word_1_156' title='bbox 308 1687 404 1730; x_wconf 87' lang='lat' dir='ltr'>t&#39;oro</span> <span class='ocrx_word' id='word_1_157' title='bbox 437 1687 632 1729; x_wconf 87' lang='lat' dir='ltr'>externo</span> <span class='ocrx_word' id='word_1_158' title='bbox 665 1683 793 1727; x_wconf 90' lang='lat' dir='ltr'>adest</span> <span class='ocrx_word' id='word_1_159' title='bbox 826 1681 1175 1727; x_wconf 85' lang='lat' dir='ltr'>matrimonium</span> <span class='ocrx_word' id='word_1_160' title='bbox 1212 1685 1574 1739; x_wconf 86' lang='lat' dir='ltr'>praesumptum,</span> <span class='ocrx_word' id='word_1_161' title='bbox 1611 1680 1653 1724; x_wconf 90' lang='lat' dir='ltr'>id</span> <span class='ocrx_word' id='word_1_162' title='bbox 1677 1685 1745 1724; x_wconf 89' lang='lat' dir='ltr'>est</span> <span class='ocrx_word' id='word_1_163' title='bbox 1770 1693 1998 1737; x_wconf 89' lang='lat' dir='ltr'>praesum-</span> 
     </span>
     <span class='ocr_line' id='line_1_20' title="bbox 226 1762 2011 1828; baseline -0.004 -15"><span class='ocrx_word' id='word_1_164' title='bbox 226 1770 319 1828; x_wconf 88' lang='lat' dir='ltr'>ptio</span> <span class='ocrx_word' id='word_1_165' title='bbox 354 1768 464 1813; x_wconf 90' lang='lat' dir='ltr'>iuris</span> <span class='ocrx_word' id='word_1_166' title='bbox 497 1771 542 1812; x_wconf 86' lang='lat' dir='ltr'>et</span> <span class='ocrx_word' id='word_1_167' title='bbox 574 1767 628 1811; x_wconf 92' lang='lat' dir='ltr'>de</span> <span class='ocrx_word' id='word_1_168' title='bbox 663 1766 760 1811; x_wconf 87' lang='lat' dir='ltr'>iure</span> <span class='ocrx_word' id='word_1_169' title='bbox 792 1766 895 1821; x_wconf 85' lang='lat' dir='ltr'>erit,</span> <span class='ocrx_word' id='word_1_170' title='bbox 934 1765 1281 1810; x_wconf 85' lang='lat' dir='ltr'>matrimonium</span> <span class='ocrx_word' id='word_1_171' title='bbox 1316 1764 1513 1808; x_wconf 83' lang='lat' dir='ltr'>existere</span> <span class='ocrx_word' id='word_1_172' title='bbox 1546 1768 1592 1808; x_wconf 88' lang='lat' dir='ltr'>et</span> <span class='ocrx_word' id='word_1_173' title='bbox 1629 1762 1857 1821; x_wconf 88' lang='lat' dir='ltr'>sponsalia</span> <span class='ocrx_word' id='word_1_174' title='bbox 1897 1775 2011 1806; x_wconf 90' lang='lat' dir='ltr'>cen·-</span> 
     </span>
     <span class='ocr_line' id='line_1_21' title="bbox 224 1846 2007 1909; baseline -0.004 -12"><span class='ocrx_word' id='word_1_175' title='bbox 224 1857 385 1898; x_wconf 90' lang='lat' dir='ltr'>sentur</span> <span class='ocrx_word' id='word_1_176' title='bbox 419 1866 497 1909; x_wconf 84' lang='lat' dir='ltr'>per</span> <span class='ocrx_word' id='word_1_177' title='bbox 529 1851 739 1908; x_wconf 87' lang='lat' dir='ltr'>copulam</span> <span class='ocrx_word' id='word_1_178' title='bbox 775 1848 1008 1893; x_wconf 88' lang='lat' dir='ltr'>transiisse</span> <span class='ocrx_word' id='word_1_179' title='bbox 1043 1848 1088 1892; x_wconf 91' lang='lat' dir='ltr'>in</span> <span class='ocrx_word' id='word_1_180' title='bbox 1126 1847 1491 1902; x_wconf 85' lang='lat' dir='ltr'>matrimonium,</span> <span class='ocrx_word' id='word_1_181' title='bbox 1529 1846 1614 1890; x_wconf 89' lang='lat' dir='ltr'>nisi</span> <span class='ocrx_word' id='word_1_182' title='bbox 1650 1846 1864 1904; x_wconf 88' lang='lat' dir='ltr'>probetur</span> <span class='ocrx_word' id='word_1_183' title='bbox 1893 1847 2007 1890; x_wconf 87' lang='lat' dir='ltr'>alte-</span> 
     </span>
     <span class='ocr_line' id='line_1_22' title="bbox 225 1928 2003 1988; baseline -0.004 -9"><span class='ocrx_word' id='word_1_184' title='bbox 225 1950 326 1980; x_wconf 89' lang='lat' dir='ltr'>rum</span> <span class='ocrx_word' id='word_1_185' title='bbox 363 1933 711 1979; x_wconf 86' lang='lat' dir='ltr'>matrimonium</span> <span class='ocrx_word' id='word_1_186' title='bbox 745 1937 853 1977; x_wconf 91' lang='lat' dir='ltr'>ante</span> <span class='ocrx_word' id='word_1_187' title='bbox 887 1932 1006 1976; x_wconf 91' lang='lat' dir='ltr'>hanc</span> <span class='ocrx_word' id='word_1_188' title='bbox 1040 1931 1250 1988; x_wconf 92' lang='lat' dir='ltr'>copulam</span> <span class='ocrx_word' id='word_1_189' title='bbox 1286 1934 1594 1974; x_wconf 87' lang='lat' dir='ltr'>contractum.</span> <span class='ocrx_word' id='word_1_190' title='bbox 1648 1932 1741 1973; x_wconf 91' lang='lat' dir='ltr'>Nec</span> <span class='ocrx_word' id='word_1_191' title='bbox 1791 1928 1920 1973; x_wconf 91' lang='lat' dir='ltr'>iuvat</span> <span class='ocrx_word' id='word_1_192' title='bbox 1966 1928 2003 1972; x_wconf 93' lang='lat' dir='ltr'>si</span> 
     </span>
     <span class='ocr_line' id='line_1_23' title="bbox 226 2012 2001 2077; baseline -0.003 -15"><span class='ocrx_word' id='word_1_193' title='bbox 226 2018 308 2077; x_wconf 90' lang='lat' dir='ltr'>ipsi</span> <span class='ocrx_word' id='word_1_194' title='bbox 342 2020 551 2062; x_wconf 90' lang='lat' dir='ltr'>asserant</span> <span class='ocrx_word' id='word_1_195' title='bbox 582 2030 629 2060; x_wconf 93' lang='lat' dir='ltr'>se</span> <span class='ocrx_word' id='word_1_196' title='bbox 664 2015 709 2059; x_wconf 92' lang='lat' dir='ltr'>in</span> <span class='ocrx_word' id='word_1_197' title='bbox 743 2019 847 2060; x_wconf 84' lang='lat' dir='ltr'>actu</span> <span class='ocrx_word' id='word_1_198' title='bbox 882 2015 1070 2072; x_wconf 86' lang='lat' dir='ltr'>copulae</span> <span class='ocrx_word' id='word_1_199' title='bbox 1106 2013 1217 2057; x_wconf 80' lang='lat' dir='ltr'>nihil</span> <span class='ocrx_word' id='word_1_200' title='bbox 1251 2013 1370 2058; x_wconf 91' lang='lat' dir='ltr'>aliud</span> <span class='ocrx_word' id='word_1_201' title='bbox 1407 2012 1675 2068; x_wconf 90' lang='lat' dir='ltr'>intendisse,</span> <span class='ocrx_word' id='word_1_202' title='bbox 1706 2027 1844 2070; x_wconf 87' lang='lat' dir='ltr'>quam</span> <span class='ocrx_word' id='word_1_203' title='bbox 1870 2017 2001 2057; x_wconf 90' lang='lat' dir='ltr'>natu-</span> 
     </span>
     <span class='ocr_line' id='line_1_24' title="bbox 226 2097 2002 2154; baseline -0.004 -9"><span class='ocrx_word' id='word_1_204' title='bbox 226 2099 308 2145; x_wconf 83' lang='lat' dir='ltr'>rali</span> <span class='ocrx_word' id='word_1_205' title='bbox 343 2098 631 2144; x_wconf 87' lang='lat' dir='ltr'>inclinationi</span> <span class='ocrx_word' id='word_1_206' title='bbox 666 2098 949 2142; x_wconf 85' lang='lat' dir='ltr'>satisfacere.</span> <span class='ocrx_word' id='word_1_207' title='bbox 1003 2098 1153 2142; x_wconf 83' lang='lat' dir='ltr'>Altera</span> <span class='ocrx_word' id='word_1_208' title='bbox 1189 2097 1342 2154; x_wconf 83' lang='lat' dir='ltr'>regula</span> <span class='ocrx_word' id='word_1_209' title='bbox 1376 2101 1471 2140; x_wconf 89' lang='lat' dir='ltr'>est:</span> <span class='ocrx_word' id='word_1_210' title='bbox 1517 2098 1714 2154; x_wconf 86' lang='lat' dir='ltr'>Utraque</span> <span class='ocrx_word' id='word_1_211' title='bbox 1749 2100 1874 2153; x_wconf 89' lang='lat' dir='ltr'>parte</span> <span class='ocrx_word' id='word_1_212' title='bbox 1909 2109 2002 2139; x_wconf 82' lang='lat' dir='ltr'>ma·</span> 
     </span>
     <span class='ocr_line' id='line_1_25' title="bbox 226 2178 2008 2237; baseline -0.003 -9"><span class='ocrx_word' id='word_1_213' title='bbox 226 2182 432 2228; x_wconf 88' lang='lat' dir='ltr'>trimonii</span> <span class='ocrx_word' id='word_1_214' title='bbox 466 2181 763 2227; x_wconf 83' lang='lat' dir='ltr'>existentiam</span> <span class='ocrx_word' id='word_1_215' title='bbox 797 2181 1072 2235; x_wconf 85' lang='lat' dir='ltr'>affirmante,</span> <span class='ocrx_word' id='word_1_216' title='bbox 1109 2181 1221 2224; x_wconf 85' lang='lat' dir='ltr'>haec</span> <span class='ocrx_word' id='word_1_217' title='bbox 1255 2194 1333 2237; x_wconf 90' lang='lat' dir='ltr'>pro</span> <span class='ocrx_word' id='word_1_218' title='bbox 1366 2184 1490 2224; x_wconf 89' lang='lat' dir='ltr'>certa</span> <span class='ocrx_word' id='word_1_219' title='bbox 1524 2180 1732 2223; x_wconf 89' lang='lat' dir='ltr'>habetur.</span> <span class='ocrx_word' id='word_1_220' title='bbox 1771 2178 1811 2222; x_wconf 88' lang='lat' dir='ltr'>Si</span> <span class='ocrx_word' id='word_1_221' title='bbox 1850 2182 2008 2223; x_wconf 65' lang='lat' dir='ltr'>tamen,</span> 
     </span>
     <span class='ocr_line' id='line_1_26' title="bbox 228 2261 1996 2326; baseline -0.005 -14"><span class='ocrx_word' id='word_1_222' title='bbox 228 2266 620 2326; x_wconf 88' lang='lat' dir='ltr'>pronuntiandum</span> <span class='ocrx_word' id='word_1_223' title='bbox 655 2270 773 2311; x_wconf 90' lang='lat' dir='ltr'>esset</span> <span class='ocrx_word' id='word_1_224' title='bbox 808 2266 927 2310; x_wconf 87' lang='lat' dir='ltr'>inter</span> <span class='ocrx_word' id='word_1_225' title='bbox 962 2264 1311 2309; x_wconf 89' lang='lat' dir='ltr'>matrimonium</span> <span class='ocrx_word' id='word_1_226' title='bbox 1345 2263 1464 2322; x_wconf 83' lang='lat' dir='ltr'>quod</span> <span class='ocrx_word' id='word_1_227' title='bbox 1499 2266 1650 2321; x_wconf 87' lang='lat' dir='ltr'>partes</span> <span class='ocrx_word' id='word_1_228' title='bbox 1682 2262 1790 2307; x_wconf 92' lang='lat' dir='ltr'>olim</span> <span class='ocrx_word' id='word_1_229' title='bbox 1831 2261 1996 2305; x_wconf 90' lang='lat' dir='ltr'>initum</span> 
     </span>
     <span class='ocr_line' id='line_1_27' title="bbox 226 2347 2010 2407; baseline -0.005 -11"><span class='ocrx_word' id='word_1_230' title='bbox 226 2351 520 2406; x_wconf 88' lang='lat' dir='ltr'>asserebant,</span> <span class='ocrx_word' id='word_1_231' title='bbox 571 2354 616 2394; x_wconf 92' lang='lat' dir='ltr'>et</span> <span class='ocrx_word' id='word_1_232' title='bbox 657 2349 774 2394; x_wconf 89' lang='lat' dir='ltr'>aliud</span> <span class='ocrx_word' id='word_1_233' title='bbox 821 2349 998 2407; x_wconf 91' lang='lat' dir='ltr'>publice</span> <span class='ocrx_word' id='word_1_234' title='bbox 1039 2352 1330 2393; x_wconf 86' lang='lat' dir='ltr'>contractum</span> <span class='ocrx_word' id='word_1_235' title='bbox 1359 2351 1403 2391; x_wconf 90' lang='lat' dir='ltr'>et</span> <span class='ocrx_word' id='word_1_236' title='bbox 1438 2347 1568 2405; x_wconf 89' lang='lat' dir='ltr'>plene</span> <span class='ocrx_word' id='word_1_237' title='bbox 1603 2359 1681 2404; x_wconf 93' lang='lat' dir='ltr'>per</span> <span class='ocrx_word' id='word_1_238' title='bbox 1713 2358 1817 2389; x_wconf 90' lang='lat' dir='ltr'>suos</span> <span class='ocrx_word' id='word_1_239' title='bbox 1866 2348 2010 2388; x_wconf 83' lang='lat' dir='ltr'>testes.</span> 
     </span>
     <span class='ocr_line' id='line_1_28' title="bbox 228 2426 2010 2494; baseline -0.006 -14"><span class='ocrx_word' id='word_1_240' title='bbox 228 2436 486 2494; x_wconf 85' lang='lat' dir='ltr'>probatum,</span> <span class='ocrx_word' id='word_1_241' title='bbox 523 2448 601 2493; x_wconf 91' lang='lat' dir='ltr'>pro</span> <span class='ocrx_word' id='word_1_242' title='bbox 635 2433 883 2492; x_wconf 87' lang='lat' dir='ltr'>posteriore</span> <span class='ocrx_word' id='word_1_243' title='bbox 918 2433 1003 2477; x_wconf 87' lang='lat' dir='ltr'>hoc</span> <span class='ocrx_word' id='word_1_244' title='bbox 1037 2430 1256 2476; x_wconf 90' lang='lat' dir='ltr'>iudicium</span> <span class='ocrx_word' id='word_1_245' title='bbox 1293 2431 1436 2474; x_wconf 83' lang='lat' dir='ltr'>fertur</span> <span class='ocrx_word' id='word_1_246' title='bbox 1468 2429 1646 2488; x_wconf 83' lang='lat' dir='ltr'>quoties</span> <span class='ocrx_word' id='word_1_247' title='bbox 1669 2442 1761 2472; x_wconf 92' lang='lat' dir='ltr'>non</span> <span class='ocrx_word' id='word_1_248' title='bbox 1784 2426 2010 2472; x_wconf 76' lang='lat' dir='ltr'>afferatur</span> 
     </span>
     <span class='ocr_line' id='line_1_29' title="bbox 229 2511 2000 2577; baseline -0.007 -14"><span class='ocrx_word' id='word_1_249' title='bbox 229 2521 361 2577; x_wconf 90' lang='lat' dir='ltr'>plena</span> <span class='ocrx_word' id='word_1_250' title='bbox 397 2516 678 2562; x_wconf 87' lang='lat' dir='ltr'>matrimonii</span> <span class='ocrx_word' id='word_1_251' title='bbox 729 2515 888 2574; x_wconf 89' lang='lat' dir='ltr'>prioris</span> <span class='ocrx_word' id='word_1_252' title='bbox 921 2514 1191 2560; x_wconf 88' lang='lat' dir='ltr'>clandestini</span> <span class='ocrx_word' id='word_1_253' title='bbox 1238 2511 1456 2571; x_wconf 87' lang='lat' dir='ltr'>probatio.</span> <span class='ocrx_word' id='word_1_254' title='bbox 1499 2511 1627 2565; x_wconf 82' lang='lat' dir='ltr'>Quod</span> <span class='ocrx_word' id='word_1_255' title='bbox 1660 2511 1696 2555; x_wconf 92' lang='lat' dir='ltr'>si</span> <span class='ocrx_word' id='word_1_256' title='bbox 1730 2521 1921 2568; x_wconf 89' lang='lat' dir='ltr'>sponsus</span> <span class='ocrx_word' id='word_1_257' title='bbox 1954 2512 2000 2552; x_wconf 87' lang='lat' dir='ltr'>et</span> 
     </span>
     <span class='ocr_line' id='line_1_30' title="bbox 226 2593 2000 2660; baseline -0.007 -12"><span class='ocrx_word' id='word_1_258' title='bbox 226 2616 391 2660; x_wconf 89' lang='lat' dir='ltr'>sponsa</span> <span class='ocrx_word' id='word_1_259' title='bbox 427 2615 518 2646; x_wconf 92' lang='lat' dir='ltr'>non</span> <span class='ocrx_word' id='word_1_260' title='bbox 556 2600 753 2646; x_wconf 90' lang='lat' dir='ltr'>maritali</span> <span class='ocrx_word' id='word_1_261' title='bbox 787 2600 970 2654; x_wconf 76' lang='lat' dir='ltr'>affectu,</span> <span class='ocrx_word' id='word_1_262' title='bbox 1007 2598 1083 2643; x_wconf 91' lang='lat' dir='ltr'>sed</span> <span class='ocrx_word' id='word_1_263' title='bbox 1119 2597 1364 2642; x_wconf 82' lang='lat' dir='ltr'>fornicario</span> <span class='ocrx_word' id='word_1_264' title='bbox 1398 2595 1642 2650; x_wconf 90' lang='lat' dir='ltr'>coiverint,</span> <span class='ocrx_word' id='word_1_265' title='bbox 1679 2608 1770 2639; x_wconf 92' lang='lat' dir='ltr'>non</span> <span class='ocrx_word' id='word_1_266' title='bbox 1804 2593 1904 2637; x_wconf 90' lang='lat' dir='ltr'>ideo</span> <span class='ocrx_word' id='word_1_267' title='bbox 1928 2605 2000 2636; x_wconf 84' lang='lat' dir='ltr'>eo·</span> 
     </span>
     <span class='ocr_line' id='line_1_31' title="bbox 229 2680 2009 2743; baseline -0.006 -13"><span class='ocrx_word' id='word_1_268' title='bbox 229 2699 331 2730; x_wconf 90' lang='lat' dir='ltr'>rum</span> <span class='ocrx_word' id='word_1_269' title='bbox 365 2683 589 2743; x_wconf 88' lang='lat' dir='ltr'>sponsalia</span> <span class='ocrx_word' id='word_1_270' title='bbox 625 2684 671 2728; x_wconf 94' lang='lat' dir='ltr'>in</span> <span class='ocrx_word' id='word_1_271' title='bbox 717 2697 879 2728; x_wconf 91' lang='lat' dir='ltr'>verum</span> <span class='ocrx_word' id='word_1_272' title='bbox 925 2680 1272 2726; x_wconf 89' lang='lat' dir='ltr'>matrimonium</span> <span class='ocrx_word' id='word_1_273' title='bbox 1313 2683 1556 2724; x_wconf 88' lang='lat' dir='ltr'>transeunt</span> <span class='ocrx_word' id='word_1_274' title='bbox 1602 2691 1756 2722; x_wconf 91' lang='lat' dir='ltr'>coram</span> <span class='ocrx_word' id='word_1_275' title='bbox 1809 2680 1914 2731; x_wconf 88' lang='lat' dir='ltr'>Deo,</span> <span class='ocrx_word' id='word_1_276' title='bbox 1950 2687 2009 2718; x_wconf 87' lang='lat' dir='ltr'>ac·</span> 
     </span>
     <span class='ocr_line' id='line_1_32' title="bbox 230 2759 2003 2828; baseline -0.006 -15"><span class='ocrx_word' id='word_1_277' title='bbox 230 2767 418 2828; x_wconf 89' lang='lat' dir='ltr'>proinde</span> <span class='ocrx_word' id='word_1_278' title='bbox 452 2781 607 2811; x_wconf 84' lang='lat' dir='ltr'>coram</span> <span class='ocrx_word' id='word_1_279' title='bbox 644 2770 733 2811; x_wconf 88' lang='lat' dir='ltr'>Deo</span> <span class='ocrx_word' id='word_1_280' title='bbox 766 2765 864 2810; x_wconf 91' lang='lat' dir='ltr'>sive</span> <span class='ocrx_word' id='word_1_281' title='bbox 901 2766 945 2809; x_wconf 90' lang='lat' dir='ltr'>in</span> <span class='ocrx_word' id='word_1_282' title='bbox 981 2765 1078 2809; x_wconf 83' lang='lat' dir='ltr'>toro</span> <span class='ocrx_word' id='word_1_283' title='bbox 1111 2762 1422 2808; x_wconf 89' lang='lat' dir='ltr'>conscientiae</span> <span class='ocrx_word' id='word_1_284' title='bbox 1457 2765 1645 2819; x_wconf 88' lang='lat' dir='ltr'>possunt</span> <span class='ocrx_word' id='word_1_285' title='bbox 1686 2760 1742 2804; x_wconf 91' lang='lat' dir='ltr'>ad</span> <span class='ocrx_word' id='word_1_286' title='bbox 1774 2759 1861 2803; x_wconf 90' lang='lat' dir='ltr'>alia</span> <span class='ocrx_word' id='word_1_287' title='bbox 1896 2762 2003 2802; x_wconf 89' lang='lat' dir='ltr'>vota</span> 
     </span>
     <span class='ocr_line' id='line_1_33' title="bbox 229 2841 2007 2898; baseline -0.007 -2"><span class='ocrx_word' id='word_1_288' title='bbox 229 2851 439 2896; x_wconf 87' lang='lat' dir='ltr'>transire.</span> <span class='ocrx_word' id='word_1_289' title='bbox 479 2851 562 2895; x_wconf 90' lang='lat' dir='ltr'>Sed</span> <span class='ocrx_word' id='word_1_290' title='bbox 595 2850 629 2894; x_wconf 92' lang='lat' dir='ltr'>si</span> <span class='ocrx_word' id='word_1_291' title='bbox 665 2850 710 2894; x_wconf 91' lang='lat' dir='ltr'>in</span> <span class='ocrx_word' id='word_1_292' title='bbox 747 2851 896 2894; x_wconf 82' lang='lat' dir='ltr'>forum</span> <span class='ocrx_word' id='word_1_293' title='bbox 930 2853 1177 2893; x_wconf 89' lang='lat' dir='ltr'>externum</span> <span class='ocrx_word' id='word_1_294' title='bbox 1211 2861 1264 2891; x_wconf 88' lang='lat' dir='ltr'>ac</span> <span class='ocrx_word' id='word_1_295' title='bbox 1287 2844 1496 2891; x_wconf 89' lang='lat' dir='ltr'>iudiciale</span> <span class='ocrx_word' id='word_1_296' title='bbox 1519 2844 1714 2888; x_wconf 90' lang='lat' dir='ltr'>deducta</span> <span class='ocrx_word' id='word_1_297' title='bbox 1737 2842 1795 2887; x_wconf 89' lang='lat' dir='ltr'>sit</span> <span class='ocrx_word' id='word_1_298' title='bbox 1825 2841 2007 2898; x_wconf 86' lang='lat' dir='ltr'>copula,</span> 
     </span>
     <span class='ocr_line' id='line_1_34' title="bbox 223 2924 2007 2994; baseline -0.007 -15"><span class='ocrx_word' id='word_1_299' title='bbox 223 2939 415 2994; x_wconf 55' lang='lat' dir='ltr'>,possent</span> <span class='ocrx_word' id='word_1_300' title='bbox 449 2934 583 2979; x_wconf 88' lang='lat' dir='ltr'>iidem</span> <span class='ocrx_word' id='word_1_301' title='bbox 617 2935 674 2978; x_wconf 93' lang='lat' dir='ltr'>ab</span> <span class='ocrx_word' id='word_1_302' title='bbox 705 2932 1015 2978; x_wconf 90' lang='lat' dir='ltr'>ecclesiastico</span> <span class='ocrx_word' id='word_1_303' title='bbox 1049 2930 1195 2975; x_wconf 90' lang='lat' dir='ltr'>iudice</span> <span class='ocrx_word' id='word_1_304' title='bbox 1229 2928 1536 2987; x_wconf 82' lang='lat' dir='ltr'>legitimorum</span> <span class='ocrx_word' id='word_1_305' title='bbox 1572 2926 1717 2972; x_wconf 92' lang='lat' dir='ltr'>instar</span> <span class='ocrx_word' id='word_1_306' title='bbox 1758 2924 2007 2982; x_wconf 85' lang='lat' dir='ltr'>coniugum</span> 
     </span>
    </p>
   </div>
   <div class='ocr_carea' id='block_1_4' title="bbox 351 3109 1032 3157">
    <p class='ocr_par' dir='ltr' id='par_1_6' title="bbox 351 3109 1032 3157">
     <span class='ocr_line' id='line_1_35' title="bbox 351 3109 1032 3157; baseline -0.012 -7"><span class='ocrx_word' id='word_1_307' title='bbox 351 3113 361 3131; x_wconf 84' lang='lat'>¹</span> <span class='ocrx_word' id='word_1_308' title='bbox 391 3113 425 3150; x_wconf 81' lang='lat' dir='ltr'>s</span> <span class='ocrx_word' id='word_1_309' title='bbox 452 3113 488 3149; x_wconf 87' lang='lat' dir='ltr'>e.</span> <span class='ocrx_word' id='word_1_310' title='bbox 517 3111 594 3149; x_wconf 83' lang='lat' dir='ltr'>Fid.</span> <span class='ocrx_word' id='word_1_311' title='bbox 624 3111 731 3157; x_wconf 79' lang='lat' dir='ltr'>prop.</span> <span class='ocrx_word' id='word_1_312' title='bbox 761 3110 803 3147; x_wconf 79' lang='lat'>14</span> <span class='ocrx_word' id='word_1_313' title='bbox 830 3110 901 3146; x_wconf 72' lang='lat' dir='ltr'>ian.</span> <span class='ocrx_word' id='word_1_314' title='bbox 930 3109 1032 3146; x_wconf 78' lang='lat'><strong>1821.</strong></span> 
     </span>
    </p>
   </div>
  </div>
 </body>
</html>
