2176 3386
780 203 907 231 Lmen
938 202 962 230 1.
998 203 1054 230 DE
1083 202 1277 232 emelinus
1869 193 1923 233 47

137 311 234 353 lmo
255 322 312 353 ex
341 308 678 355 Constitutione
714 328 733 350 a
762 309 1040 367 Apostolicae
1065 310 1192 354 Sedis
1218 328 1236 348 n
1279 309 1343 354 Pii
1362 313 1436 365 lx,
1459 311 1808 368 suspensionem
1834 314 1919 355 Ro·

137 403 274 434 mano
309 390 515 436 Pontifici
561 396 844 437 reservatam
890 392 984 449 ipso
1024 394 1146 437 facto
1189 393 1435 437 incurrunt
1467 406 1494 438 a
1526 383 1715 437 suorum
1749 393 1918 438 benefi—

134 473 310 519 ciorum
338 475 630 533 perceptione
663 476 718 519 ad
743 475 1079 534 beneplacitum
1106 479 1147 521 S.
1176 476 1314 532 Sedis,
1341 476 1546 534 Capitula
1580 481 1626 521 et
1648 480 1921 522 Conventus

136 559 439 604 Ecclesiarum
479 565 526 604 et
566 561 951 605 monasteriorum
996 559 1163 619 aliique
1203 574 1364 605 omnes
1409 561 1485 619 qui
1525 561 1581 605 ad
1620 560 1801 605 illarum
1835 574 1914 604 seu

132 645 313 689 illorum
352 644 557 702 regimen
603 650 649 688 et
691 643 1142 689 administrationem
1186 643 1415 702 recipiunt
1460 644 1703 702 Episcopos
1740 642 1918 688 aliosve

133 727 360 772 praelatos
382 727 435 772 de
460 727 703 786 praedictis
730 726 939 772 Ecclesiis
962 741 1041 771 seu
1066 726 1357 771 monasteriis
1389 726 1507 785 apud
1541 726 1751 771 eamdem
1778 729 1819 771 S.
1838 730 1912 771 Se·

129 814 234 856 dem
267 813 430 872 quovis
462 812 596 857 modo
630 812 850 870 provisos,
877 816 1127 871 antequam
1154 811 1234 870 ipsi
1257 810 1554 856 exhibuerint
1586 810 1761 855 litteras
1797 814 1910 869 Apo-

129 895 311 939 stolicas
332 896 386 940 de
419 908 499 940 sua
525 895 830 953 promotione.
867 895 1062 940 Ulterius
1099 895 1301 954 Episcopi
1336 895 1504 954 aliique
1527 894 1604 953 qui
1628 908 1653 939 a
1681 898 1729 939 R.
1759 895 1909 939 Ponti-

87 1040 91 1044 .
129 979 212 1023 tice
244 983 353 1023 sunt
385 979 688 1024 confirmandi
723 979 842 1023 intra
879 992 1085 1024 mensem
1110 983 1209 1036 post
1233 991 1511 1023 consensum
1540 976 1627 1021 iter
1659 977 1714 1021 ad
1748 977 1910 1022 Sedem

128 1062 433 1120 Apostolicam
467 1063 668 1121 arripere
701 1067 921 1107 tenentur
944 1062 1017 1106 vel
1041 1076 1119 1120 per
1142 1075 1189 1106 se
1215 1061 1286 1106 vel
1311 1075 1390 1118 per
1424 1065 1783 1118 procuratorem,
1819 1074 1914 1119 quo

126 1149 331 1204 tempore
364 1145 516 1204 elapso
549 1146 604 1190 ad
637 1145 725 1189 iter
768 1146 1024 1190 necessario
1066 1144 1256 1204 aliisque
1298 1144 1353 1188 35
1399 1143 1558 1187 diebus
1590 1142 1905 1200 culpabiliter,

125 1228 222 1274 iure
255 1229 488 1274 decidunt.

243 1314 313 1358 68.
355 1314 522 1359 Electio
555 1318 710 1358 autem
749 1328 826 1372 per
857 1312 1210 1371 appellationem
1251 1311 1419 1356 irritari
1463 1316 1627 1369 potest,
1672 1315 1719 1356 at
1758 1312 1793 1356 si
1828 1325 1906 1369 ap-

124 1398 306 1455 pellatio
340 1396 600 1455 indignitati
638 1410 857 1455 personae
892 1395 1133 1451 innitatur,
1159 1409 1212 1439 ac
1234 1395 1467 1453 appellans
1490 1394 1536 1438 in
1562 1394 1907 1452 probationibus

123 1480 357 1536 defecerit,
394 1480 478 1525 nisi
513 1481 647 1525 claris
689 1480 979 1525 documentis
1021 1493 1067 1523 se
1112 1493 1136 1524 a
1171 1478 1402 1523 calumnia
1439 1483 1615 1536 purget,
1653 1492 1731 1536 per
1763 1479 1904 1522 trien-

123 1565 252 1609 nium
286 1580 310 1609 a
344 1563 578 1609 beneficiis
601 1563 909 1622 suspenditur,
945 1568 989 1607 et
1022 1563 1057 1607 si
1092 1562 1252 1606 iisdem
1277 1575 1322 1606 se
1347 1560 1587 1618 ingesserit
1611 1561 1770 1605 iisdem
1808 1560 1908 1618 ipso

123 1649 218 1693 iure
256 1648 462 1706 privatur
498 1650 526 1692 ².

719 1782 736 1825 ,ξ
763 1782 795 1816 5.
852 1802 859 1804 Δ
894 1780 951 1815 De
979 1779 1295 1815 Consecratnnze.

239 1899 309 1942 69.
350 1898 602 1944 lurisdictio
635 1898 774 1942 etiam
813 1898 1177 1953 consecratione,
1213 1899 1461 1943 accedente
1487 1899 1722 1955 mandato,
1748 1901 1900 1959 acqui-

120 1979 236 2023 ritur
271 1981 419 2039 quoad
461 1995 512 2025 ea
547 1981 721 2026 scilicet
763 1994 879 2039 quae
920 1986 1028 2025 sunt
1061 1981 1299 2039 potestatis
1339 1980 1526 2025 ordinis.
1577 1984 1899 2040 Episcoporum

119 2063 403 2108 consecratio
442 2067 488 2107 R.
520 2063 724 2109 Pontifici
759 2067 827 2108 est
861 2068 1112 2119 reservata,
1139 2064 1214 2123 qui
1241 2065 1312 2108 vel
1341 2079 1428 2121 per
1460 2079 1519 2120 se,
1548 2066 1620 2109 vel
1656 2079 1735 2123 per
1757 2066 1897 2110 alium

119 2145 242 2190 illam
275 2146 411 2191 officit
434 2147 464 2190 ².
514 2148 598 2201 Qui
637 2152 805 2192 Romae
838 2152 1210 2192 consecratorem
1245 2147 1411 2205 eligere
1446 2154 1636 2205 possunt
1667 2163 1722 2193 ex
1760 2149 1897 2207 privi-

117 2229 258 2287 legio,
294 2233 335 2273 S.
376 2234 422 2274 R.
463 2234 508 2275 E.
546 2230 833 2275 Cardinalem
870 2231 941 2275 vel
984 2231 1181 2290 aliquem
1215 2245 1271 2276 ex
1305 2237 1503 2290 quatuor
1542 2232 1817 2277 patriarchis
1850 2233 1895 2278 in

117 2313 228 2358 urbe
261 2313 563 2358 residentibus
595 2313 760 2371 eligere
793 2314 976 2359 debent.
1024 2315 1065 2359 Si
1100 2328 1158 2359 ex
1193 2315 1262 2358 liis
1295 2315 1446 2359 nullus
1482 2329 1649 2359 munus
1681 2316 1893 2374 accipiat,

116 2397 231 2441 alius
257 2397 327 2441 vel
352 2396 728 2455 Archiepiscopus
762 2398 832 2441 vel
871 2397 1114 2455 Episcopus
1146 2397 1246 2454 eligi
1282 2402 1448 2456 potest,
1474 2402 1523 2442 at
1555 2398 1590 2442 si
1628 2402 1797 2443 Romae
1829 2413 1894 2443 re-

116 2480 318 2537 periatur
351 2480 657 2538 Metropolim,
695 2480 802 2524 huic
835 2481 1121 2525 consecratio
1154 2480 1243 2525 erit
1274 2482 1524 2538 deleganda
1562 2482 1591 2524 ³.

235 2562 306 2606 70.
342 2562 635 2607 consecratio
667 2563 739 2608 die
767 2563 1002 2608 Dominica
1028 2565 1097 2608 vel
1123 2564 1168 2608 in
1196 2564 1426 2608 natalibus
1451 2565 1767 2622 Apostolorum
1798 2580 1892 2624 per-

115 2646 287 2702 agenda
324 2649 408 2701 est,
445 2650 491 2690 et
523 2650 704 2705 praeter
740 2646 1008 2704 Episcopum
1043 2650 1414 2692 consecratorem
1448 2648 1536 2692 duo
1574 2648 1779 2705 Episcopi
1817 2648 1892 2691 ad-

115 2728 327 2774 sistentes
359 2729 514 2774 adesse
548 2729 730 2773 debent.
774 2733 822 2773 ln
863 2729 1149 2775 necessitatis
1187 2743 1294 2774 casu
1334 2730 1594 2775 sacerdotes
1623 2730 1896 2788 Episcopum

235 2908 242 2926 ¹
274 2908 358 2954 Cap.
390 2909 418 2949 l,
445 2909 488 2944 de
516 2910 620 2944 elect.
651 2910 683 2944 in
713 2910 744 2944 6.

223 2965 243 2997 ”
270 2979 402 3016 Bened.
431 2979 532 3015 xlv.
557 2981 709 3015 constit.
740 2981 806 3023 (mi
830 2985 1022 3026 postrema.

231 3050 244 3069 ³
272 3050 404 3086 Bened.
433 3050 528 3085 XlV.
557 3052 591 3087 in
620 3053 740 3087 tlonst.
769 3051 890 3088 citata.
