2176 3386
765 189 894 218 mni-:n
922 189 950 217 1.
981 188 1038 216 DE
1067 180 1262 216 cin-:mem
1828 173 1904 214 177

22 274 56 327 ’τ’
124 302 199 347 ehi
232 300 435 355 licentia,
470 298 582 358 quin
617 297 879 356 requiratur
909 295 1177 354 approbatio
1210 308 1267 339 ex
1292 297 1421 352 parte
1447 293 1654 351 Episcopi
1674 292 1795 338 illius
1817 298 1906 338 ter-

126 384 287 430 ritorii.
328 388 421 428 [mo
454 395 604 440 neque
638 380 823 439 parochi
859 378 1045 424 licentia
1088 376 1346 421 necessaria
1389 381 1458 420 est
1502 376 1547 420 in
1576 369 1702 420 'casu
1755 376 1909 435 gravis

127 465 430 512 necessitatis.
469 462 742 509 Missionarii
768 462 815 506 in
839 461 978 505 exilio
1003 460 1244 505 facultates
1267 472 1484 502 exercere
1509 463 1715 516 possunt,
1753 459 1907 503 habita

127 548 312 594 licentia
345 546 594 601 Ordinarii,
630 545 715 590 nisi
751 543 944 588 difficilis
977 543 1034 587 sit
1066 554 1278 587 accessus
1310 542 1367 586 ad
1399 540 1695 587 ordinarium
1731 542 1804 586 vel
1827 545 1907 585 Oi·-

125 630 330 675 dinarius
363 628 546 673 deficiat
574 628 601 671 ¹.
641 631 821 672 Mortuo
859 625 1075 683 Episcopo
1112 624 1183 668 vel
1217 626 1269 668 V.
1317 622 1572 682 Apostolico
1616 623 1803 667 eaedem
1846 623 1907 667 fa-

126 713 322 757 cultates
353 715 632 755 exercentur
663 710 721 753 ab
752 708 849 752 eius
882 708 1163 762 coadiutore,
1201 708 1271 750 vel
1308 709 1358 750 V.
1397 705 1626 759 Generali,
1663 705 1908 763 Capitulari

129 795 202 839 vel
236 794 550 840 Gubernatore
584 796 664 836 aut
698 791 1080 836 Administratore
1106 791 1136 834 ².

217 878 314 921 252.
349 879 421 920 IV.
461 878 523 919 De
559 875 856 919 Facultatum
897 874 1164 917 Cessatione.
1231 899 1258 902 -
1297 872 1339 916 si
1375 872 1632 916 Facultates
1665 885 1909 916 concessae

127 964 219 1003 sint
251 959 303 1003 ad
330 957 668 1016 beneplacitum
693 955 959 1001 Sanctitatis
983 958 1097 999 Suae
1135 957 1172 1011 ¹1)
1201 959 1383 999 cessant
1408 958 1554 998 morte
1582 955 1772 998 Romani
1800 959 1908 998 Pon-

126 1042 262 1086 tifieis
286 1042 327 1099 ³3
371 1044 411 1097 2)
449 1046 630 1085 cessant
668 1040 921 1084 Facultates
953 1039 1232 1083 adxeniente
1280 1043 1487 1096 tempore
1536 1037 1715 1083 etiamsi
1763 1039 1911 1083 adhuc

126 1139 261 1170 casus
294 1130 496 1179 maneat,
523 1125 596 1168 vel
630 1124 824 1181 expletis
858 1123 1054 1178 casibus,
1091 1121 1270 1166 etiamsi
1307 1125 1489 1178 ternpus
1523 1136 1614 1166 non
1649 1121 1908 1177 advenerit,

132 1206 218 1251 nisi
252 1211 407 1251 tamen
443 1206 720 1251 adveniente
755 1211 959 1263 tempore
991 1218 1138 1248 novae
1177 1205 1421 1247 facultates
1460 1203 1627 1260 petitae
1668 1217 1761 1247 non
1795 1203 1910 1261 sint3

128 1291 171 1347 5)
199 1296 378 1335 cessant
412 1291 448 1336 si
482 1292 614 1335 datae
648 1296 755 1335 sunt
790 1289 1106 1348 personaliter,
1145 1288 1204 1332 ita
1240 1293 1290 1331 ut
1325 1288 1545 1331 industria
1568 1301 1790 1345 personae
1824 1288 1911 1331 ele-

132 1379 207 1418 cta
241 1374 314 1429 sit,
352 1379 497 1419 morte
534 1374 698 1418 Vicarii
736 1371 995 1431 Apostolici.

472 1520 489 1564 ξς
516 1520 547 1554 2.
574 1539 620 1542 —
646 1519 705 1554 De
732 1517 1050 1563 Obliqationibus
1085 1517 1275 1552 ViCarior.
1304 1517 1569 1563 Apostolicor.

220 1628 321 1672 255.
362 1628 516 1672 Relate
549 1628 604 1671 ad
639 1626 951 1681 residentiam,
992 1629 1039 1669 V.
1079 1625 1364 1684 Apostolieus
1400 1630 1547 1683 potest
1584 1623 1781 1668 residere
1804 1638 1912 1683 qno-

131 1725 329 1770 cumque
363 1712 470 1755 loco
487 1711 562 1754 ubi
586 1711 753 1755 adsunt
786 1709 883 1754 eius
907 1709 1200 1754 missionarii.
1240 1712 1340 1752 Non
1364 1714 1514 1766 potest
1538 1707 1696 1752 venire
1723 1711 1913 1752 Romam

134 1795 220 1839 nisi
255 1797 420 1839 haheat
452 1794 687 1840 licentiam
727 1794 1046 1852 Propagandae
1080 1792 1220 1848 Fidei,
1256 1797 1302 1837 et
1338 1793 1475 1836 relate
1509 1792 1563 1836 ad
1600 1790 1914 1835 visitationem

134 1880 198 1925 ad
231 1881 401 1924 limina
436 1882 585 1937 potest
618 1878 782 1935 eligere
820 1881 1166 1921 Procuratorem
1200 1877 1247 1920 in
1281 1876 1399 1919 [rbe
1436 1880 1603 1919 Roma:
1630 1874 1764 1918 debet
1789 1875 1912 1918 insti-

133 1968 261 2006 tuere
305 1960 546 2006 eonsilium
591 1960 985 2004 missionariorum
1033 1959 1173 2003 relate
1216 1959 1271 2002 ad
1315 1957 1644 2002 alienationem
1687 1957 1914 2001 bonorum

132 2044 578 2090 ecclesiasticorum:
615 2043 772 2088 omnia
806 2057 922 2102 quae
956 2042 1078 2087 dicta
1111 2047 1220 2086 sunt
1267 2041 1322 2085 de
1369 2041 1597 2099 Episcopis
1637 2040 1683 2084 in
1731 2040 1815 2084 hac
1849 2054 1913 2094 re,

135 2127 302 2171 iterum
336 2127 529 2172 dicenda
563 2132 671 2171 sunt
705 2127 846 2171 relate
879 2128 934 2170 ad
979 2125 1211 2170 Vicarium
1257 2124 1584 2181 Apostolicum.
1642 2124 1769 2167 Unde
1807 2123 1916 2168 obli-

132 2210 340 2267 gationes
363 2213 413 2254 V.
443 2214 596 2268 Apost.
625 2215 815 2268 possunt
848 2209 1001 2254 reduci
1031 2209 1086 2253 ad
1116 2209 1537 2265 praedicationem,
1559 2207 1863 2252 residentiam
1884 2207 1913 2261 ¹⁸,

134 2295 444 2337 visitationem
491 2295 749 2337 Vicariatas
781 2299 821 2335 et
856 2294 932 2336 SS.
970 2294 1211 2335 Liminum
1245 2299 1325 2335 etc.
1353 2290 1521 2334 Vicarii
1546 2289 1792 2347 Apostolici
1821 2289 1916 2346 lege

138 2376 410 2421 residentiae
445 2380 665 2421 tenentur
698 2378 816 2421 sieut
849 2389 1011 2420 omnes
1043 2376 1307 2420 animarum
1348 2380 1564 2418 rectores.
1612 2377 1724 2429 lmo,
1761 2379 1811 2417 ut
1854 2373 1919 2418 ait

137 2460 179 2503 S.
216 2459 514 2517 Congregatio
549 2463 678 2517 Prop.
717 2459 856 2515 Fidei,
893 2459 928 2503 si
964 2459 1130 2517 ubique
1163 2459 1371 2503 locorum
1415 2462 1622 2501 Pastores
1655 2457 1917 2501 animarum
1947 2480 1953 2485 ·

140 2555 218 2600 pro
250 2542 385 2587 officii
419 2543 487 2587 sui
522 2542 700 2587 ratione
733 2542 1031 2586 continenter
1064 2542 1109 2585 in
1144 2541 1296 2586 medio
1329 2541 1476 2599 gregis
1515 2540 1673 2584 vivere
1707 2544 1914 2598 oportet,

135 2625 193 2669 ad
216 2625 257 2670 id
283 2627 446 2684 potiori
480 2627 619 2671 etiam
643 2627 777 2671 titulo
797 2626 857 2670 illi
880 2631 1101 2670 tenentur
1122 2626 1287 2685 quibus
1309 2625 1573 2669 animarum
1598 2638 1707 2668 cura
1735 2624 1919 2667 deman-

258 2759 264 2777 ¹
294 2759 382 2796 Coll.
411 2769 446 2795 n.
475 2760 554 2796 151.

255 2830 268 2849 ¹
293 2830 442 2867 Collect.
469 2841 504 2868 n.
532 2832 608 2874 145,
638 2831 715 2868 146.

257 2902 269 2921 ⁸
296 2902 443 2940 Collect.
474 2903 552 2939 149.

255 2973 269 2992 ⁸
295 2974 393 3010 Trid.
421 2974 556 3021 Synod.
584 2976 681 3012 Sess.
709 2975 768 3018 VI,
795 2985 826 3011 e.
856 2974 872 3009 1
901 2974 945 3010 de
974 2974 1048 3010 Rei.
1075 2978 1110 3009 et
1138 2983 1228 3010 sess.
1247 2972 1303 3016 25,
1330 2972 1374 3009 de
1395 2972 1470 3008 Res.
1497 2982 1527 3008 e.
1550 2972 1585 3013 1;
1606 2971 1791 3007 Benedici.
1820 2970 1917 3011 XIV,

135 3051 254 3082 const.
280 3045 328 3082 acl
358 3046 459 3083 Univ.
488 3045 713 3083 Christianae
739 3047 966 3092 Reipublicae
992 3047 1142 3088 statum,
1171 3044 1228 3080 die
1254 3043 1275 3078 5
1303 3044 1401 3089 Sept.
1424 3043 1526 3079 1746.

263 3118 578 3149 ZlTELLl-SOLfflm.
851 3139 854 3144 .
1756 3113 1794 3142 12
