2176 3386
205 172 286 212 350
851 186 962 216 PARS
990 187 1016 216 1.
1053 187 1111 216 DE
1139 187 1351 217 PERsoms

207 292 254 332 et
284 300 520 333 sacrorum
555 293 729 335 statuta
771 304 1004 336 canonum
1053 291 1236 349 piorum
1275 291 1534 352 principum
1583 295 1993 342 constitutionibus

206 371 503 417 adiuvantur.
539 399 567 405 -
600 378 694 418 Hae
726 374 1048 432 dispositiones
1079 389 1196 434 quae
1229 389 1308 434 pro
1340 375 1519 421 clericis
1551 377 1834 435 regularibus
1871 378 1990 423 latae

206 460 316 499 sunt
363 455 408 500 in
459 457 660 502 Concilio
712 458 1005 502 Lateranensi
1048 462 1106 503 111
1137 473 1212 504 an.
1261 459 1371 504 1179
1418 459 1502 504 sub
1544 459 1805 505 Alexandro
1839 464 1896 506 111
1928 460 1991 506 ita

206 544 427 585 extensae
460 546 570 585 sunt
601 540 777 586 clericis
808 541 1118 586 saecularibus
1151 556 1256 586 cum
1291 542 1360 586 his
1394 542 1671 600 prohibitum
1704 548 1774 588 est
1802 558 1859 588 ne
1887 557 1991 589 cau·

207 637 362 670 sarum
394 624 686 670 defensiones
719 624 763 669 in
799 626 896 670 foro
927 624 1077 670 laicali
1109 625 1396 683 susciperent
1430 625 1515 670 uisi
1547 627 1602 671 de
1624 639 1763 671 causa
1788 624 1986 685 proprIa,

207 709 278 753 vel
318 708 559 764 Ecclesiae,
606 708 678 753 vel
714 708 1041 754 miserabilium
1082 723 1386 768 personarum
1418 716 1645 768 ageretur.
1684 709 1879 755 Hilarius
1910 723 1988 754 au-

206 797 301 837 tem
337 796 392 836 111
426 805 638 850 expresse
672 791 727 836 ad
759 792 949 837 clericos
979 793 1236 837 saeculares
1269 806 1470 837 canones
1501 792 1682 838 concilii
1710 797 1986 838 Lateranen-

205 876 266 920 sis
300 880 354 921 11.
387 875 599 920 extendit
624 876 651 919 ¹.
692 878 860 920 Verum
896 876 1007 920 haec
1043 876 1286 933 prohibitio
1321 877 1382 921 ita
1416 876 1710 934 intelligenda
1734 881 1803 920 est
1826 880 1876 920 ut
1899 876 1988 920 cle-

207 958 314 1003 ricis
344 958 655 1003 saecularibus
688 959 748 1002 ita
783 958 1085 1003 interdicatur
1116 959 1317 1004 studium
1352 960 1504 1017 legum
1540 973 1838 1004 romanarum
1880 973 1989 1019 qua-

205 1045 341 1086 tenus
374 1055 465 1086 non
499 1041 637 1086 ducat
668 1041 722 1085 ad
756 1041 1089 1100 assequendam
1127 1041 1236 1086 iuris
1269 1041 1480 1086 canonici
1516 1041 1728 1086 notitiam
1753 1056 1806 1087 ac
1828 1042 1884 1087 ad
1912 1046 1990 1086 Ec-

205 1124 369 1170 clesiae
403 1125 651 1169 utilitatem
687 1139 778 1170 uon
813 1125 1052 1170 inserviat.
1090 1129 1206 1170 Sane
1241 1125 1372 1170 hodie
1407 1125 1451 1170 in
1494 1125 1744 1171 Poutificiis
1794 1126 1984 1170 Univer-

206 1206 416 1251 sitatibus
449 1212 696 1266 utrumque
731 1207 799 1251 ius
833 1221 1078 1251 romanum
1113 1221 1166 1251 ac
1198 1207 1474 1252 canonicum
1507 1207 1713 1263 docetur,
1740 1207 1863 1252 etde
1886 1221 1986 1252 cae-

208 1294 306 1334 tero
340 1291 488 1347 legum
525 1304 820 1335 romanarum
854 1289 1056 1348 cognitio
1091 1290 1347 1334 neccssaria
1382 1294 1450 1334 est
1486 1289 1537 1334 iis
1569 1290 1647 1349 qui
1684 1291 1886 1348 perfecte
1921 1290 1996 1333 ius

209 1373 485 1419 canonicum
523 1373 775 1431 intelligere
808 1373 1013 1431 cupiant.

323 1456 425 1500 446.
463 1455 647 1501 Clericis
681 1455 958 1514 prohibitum
993 1461 1062 1500 est
1100 1461 1251 1500 artem
1298 1455 1526 1500 medicam
1559 1467 1637 1498 seu
1668 1453 1991 1511 clcz'ruryicam
2050 1514 2053 1519 ι

207 1551 423 1582 exercere
448 1538 480 1594 ²,
515 1542 723 1583 attamen
759 1538 873 1583 iusta
909 1538 1225 1583 intercedente
1258 1551 1394 1582 causa
1427 1536 1725 1595 apostolicum
1761 1536 1988 1581 indultum

207 1621 395 1666 concedi
430 1623 557 1666 solet.
595 1621 813 1666 Similiter
845 1621 996 1666 clerici
1032 1620 1109 1680 qui
1154 1621 1349 1665 militiae
1392 1626 1611 1665 armatae
1659 1620 1769 1663 dent
1817 1632 1986 1662 nomen

206 1705 501 1761 deposicionis
530 1718 683 1763 poena
713 1707 883 1762 puniri
909 1710 1103 1763 possunt
1136 1704 1167 1747 ³.
1204 1707 1444 1749 Caeterum
1486 1701 1664 1748 clericis
1709 1701 1991 1761 prohibitum

208 1801 300 1832 non
334 1793 403 1832 est
434 1788 636 1832 hostium
672 1787 887 1832 iniuriam
923 1787 966 1831 vi
1001 1787 1218 1845 repellere
1251 1786 1565 1831 moderamine
1612 1789 1797 1830 servato
1845 1785 1989 1831 incul-

207 1876 340 1931 patae
375 1872 543 1916 tutelae
567 1872 598 1916 ⁸.
637 1878 889 1915 Armorum
922 1872 1092 1916 delatio
1123 1872 1339 1916 similiter
1370 1872 1548 1916 clericis
1578 1869 1813 1927 prohibita
1836 1876 1912 1924 est,
1939 1875 1986 1914 et

204 1963 446 2014 portantes
478 1959 883 2001 excommunicari
914 1955 1055 2001 etiam
1081 1959 1270 2014 possunt
1293 1955 1323 2000 ⁵.
1362 1957 1577 1999 Attamen
1600 1953 1720 2013 quod
1755 1952 1817 1996 ad
1849 1965 1989 1996 vena-

208 2043 378 2085 tioncm
399 2039 615 2098 pertinet,
637 2040 805 2096 tripleoe
823 2042 873 2084 in
894 2053 944 2082 rc
964 2040 1092 2083 adest
1108 2041 1356 2083 sentencia.
1384 2040 1498 2082 Sunt
1514 2037 1640 2082 enim
1658 2037 1705 2092 a)
1731 2035 1807 2094 qui
1829 2034 1993 2079 dicunt

207 2123 351 2182 ipsam
385 2126 578 2166 omnino
609 2124 788 2167 clericis
820 2125 1009 2167 vetitam
1043 2136 1134 2166 esse
1166 2127 1212 2166 et
1245 2122 1330 2167 hoc
1362 2121 1594 2165 deducunt
1628 2134 1686 2164 ex
1735 2117 1996 2164 canonibus

209 2205 236 2248 8
259 2209 305 2248 et
332 2205 400 2259 19,
426 2203 528 2248 dist.
557 2204 630 2259 80,
658 2203 809 2248 relatis
834 2204 878 2247 in
903 2203 1206 2248 decretalibus
1239 2202 1440 2261 Gregorii
1478 2207 1530 2247 [X
1564 2202 1609 2246 in
1634 2201 1719 2245 Tit.
1747 2201 1820 2256 24,
1844 2199 1920 2244 lib.
1948 2199 1991 2254 5,

208 2291 256 2332 et
287 2301 386 2346 cap.
426 2288 496 2343 12,
531 2300 641 2331 sess.
677 2287 733 2331 24
768 2287 822 2331 de
864 2288 958 2331 Ref.
997 2289 1133 2332 Conc.
1173 2286 1290 2330 Trid.
1338 2286 1377 2343 b)
1417 2285 1499 2331 Alii
1545 2285 1834 2342 distinguunt
1873 2282 1997 2326 inter

209 2375 504 2417 venationem
529 2374 721 2417 tacitam
744 2374 790 2415 et
811 2372 1137 2426 clamorosam,
1174 2375 1219 2414 et
1252 2370 1370 2415 lianc
1404 2369 1680 2428 prohibitam
1715 2367 1892 2413 clericis
1917 2380 1994 2411 vo-

208 2455 323 2501 lunt.
355 2457 394 2512 c)
432 2458 604 2500 Verum
639 2453 772 2499 tertia
805 2453 1037 2498 sententia
1073 2453 1347 2511 probabilius
1380 2457 1507 2497 tenet
1540 2455 1645 2497 iure
1682 2457 1854 2497 attento
1886 2463 1994 2495 con·

208 2538 370 2584 stituto
403 2539 591 2583 nullam
625 2537 923 2583 venationem
957 2536 1134 2583 clericis
1164 2536 1453 2594 prohibitam
1497 2549 1594 2580 esse
1636 2533 1884 2579 dummodo
1927 2531 1996 2578 vi-

328 2762 337 2781 ¹
367 2762 454 2808 Cap.
485 2762 540 2807 10,
567 2761 698 2804 tit..52‚
719 2761 780 2797 lib.
799 2761 836 2797 5.

328 2834 340 2852 ²
367 2833 456 2880 Cap.
477 2834 531 2876 10,
552 2834 604 2870 tit.
625 2833 655 2876 1,
675 2832 736 2869 111).
768 2834 802 2869 5.

331 2906 344 2926 ⁸
370 2905 458 2952 Cap.
477 2905 499 2942 9
517 2909 553 2941 et
572 2905 638 2942 ult.
659 2905 714 2941 tit.
728 2904 784 2947 54,
804 2904 870 2941 111).
892 2904 932 2948 5;
951 2913 1034 2950 cap.
1054 2903 1111 2946 25,
1133 2903 1187 2939 111.
1205 2902 1261 2947 59,
1288 2901 1354 2939 lib.
1375 2901 1412 2938 5.

330 2978 344 2996 ⁸
370 2977 456 3024 Cap.
484 2977 565 3019 2-8,
591 2977 645 3012 tit.
673 2976 727 3019 12,
755 2975 821 3012 lib.
847 2975 887 3020 5;
916 2985 996 3012 can.
1025 2974 1059 3018 4,
1085 2983 1186 3011 caus.
1213 2973 1269 3017 20,
1296 2984 1331 3021 q.
1356 2973 1401 3016 53
1429 2982 1510 3019 cap.
1534 2972 1566 3015 2,
1594 2973 1647 3009 tit.
1666 2971 1722 3014 49,
1752 2970 1817 3007 111).
1838 2969 1874 3007 5.

330 3042 342 3062 ⁸
369 3042 457 3088 Cap.
483 3041 522 3084 2,
549 3042 602 3078 tit.
630 3042 662 3085 1,
686 3041 749 3078 lib.
777 3041 809 3079 5.
