2176 3386
806 193 936 223 Lan-:u
964 194 988 222 1.
1019 193 1076 221 DE
1105 192 1300 222 cummis
1896 182 1946 222 77

165 303 318 362 legalis
349 302 654 361 obligationis,
688 302 809 362 quod
841 315 899 346 ex
931 314 1012 346 sua
1055 301 1154 359 lege
1194 301 1426 360 procedit,
1462 314 1554 345 non
1601 300 1749 345 teneri
1788 306 1944 344 autem

162 387 310 447 quoad
346 387 439 431 vim
474 386 584 444 legis
629 385 930 430 coercitivam
976 385 1092 429 idest
1133 384 1430 438 coactivam,
1465 382 1593 443 quia·
1617 397 1754 428 nemo
1797 388 1868 428 cst
1899 382 1946 427 in

161 471 379 516 socictate
412 471 488 530 qui
522 484 625 514 eam
658 470 704 514 in
738 469 1045 526 legislatorem
1079 481 1296 512 exercere
1333 467 1484 512 valeat
1518 467 1546 509 ¹.
1591 471 1713 511 Haec
1746 466 1946 512 secunda

162 554 391 600 sententia
426 553 738 599 communiter
769 568 794 598 a
827 553 1091 598 doctoribus
1123 552 1334 597 traditur.
1376 554 1543 617 Verum
1579 556 1687 609 puto
1719 550 1947 610 quaestio-

166 652 270 682 nem
305 637 467 682 melius
500 637 835 683 enucleandam
869 650 982 681 esse.
1030 640 1079 681 ln
1113 649 1403 695 quacumque
1443 634 1721 692 obligatione
1761 635 1850 678 duo
1883 633 1947 678 di-

162 721 435 778 stinguenda
483 725 608 776 sunt,
655 734 818 779 nempe
863 721 901 778 l)
947 722 1149 764 materia
1190 720 1487 777 obligationis
1529 731 1607 763 seu
1656 718 1699 762 id
1732 721 1788 763 ad
1828 719 1948 778 quod

162 805 434 862 obligamur,
470 809 516 849 et
548 806 590 862 2)
627 794 868 849 vinealium
900 804 1210 860 obliyationis.
1259 802 1377 847 Nihil
1423 802 1634 861 prohibet
1674 807 1739 857 ut,
1785 803 1947 847 eadem

164 893 384 931 incenante
420 889 636 942 materia,
674 886 913 931 vinculum
948 886 1239 945 obligationis
1272 887 1518 947 aliquando
1555 887 1729 944 dupleoe
1764 886 1834 929 vel
1872 884 1948 929 tri-

163 970 265 1028 plex
298 971 380 1027 sit;
420 971 480 1014 ita
515 970 681 1015 accidit
714 971 768 1015 de
803 970 857 1014 iis
889 985 1005 1030 quae
1042 985 1085 1014 v.
1123 986 1163 1028 g.
1204 974 1306 1014 iare
1339 971 1572 1026 ummah,
1610 970 1770 1014 divino
1804 973 1849 1012 et
1881 982 1948 1013 ec-

161 1054 410 1098 clesiastico
444 1060 667 1112 urgentur
701 1055 848 1111 prouti
881 1054 1056 1098 solvere
1078 1054 1286 1099 decimas
1301 1073 1314 1106 ,·
1348 1053 1458 1098 nibil
1485 1052 1694 1111 prohibet
1717 1058 1765 1096 ut
1789 1051 1950 1110 aliquis

163 1137 218 1180 ad
253 1136 372 1181 idem
409 1136 735 1194 praestandum
761 1135 844 1179 lzoc
869 1138 972 1179 iure
995 1141 1225 1180 teneatur.
1253 1135 1369 1179 alius
1394 1149 1504 1179 vero
1528 1136 1675 1179 altero
1698 1137 1816 1178 iure.
1854 1138 1949 1178 [loc

134 1238 135 1241 ¹
165 1218 308 1275 posito
344 1218 526 1263 videtur
558 1222 737 1262 certum
773 1232 879 1262 cum
922 1219 1136 1262 omnibus
1170 1218 1476 1275 legislatorem
1517 1218 1664 1261 teneri
1708 1217 1763 1261 ad
1808 1223 1947 1262 mate-

165 1305 286 1346 riam
319 1316 433 1346 suae
466 1302 590 1359 leyis,
631 1315 796 1359 nempe
828 1302 884 1346 ad
919 1301 960 1345 id
996 1302 1323 1360 praestandum
1357 1304 1477 1360 quod
1500 1300 1599 1344 aliis
1619 1302 1691 1344 lex
1727 1300 1945 1358 imperat;

161 1391 207 1429 at
240 1386 480 1430 difficultas
514 1390 582 1429 est
616 1385 660 1429 in
698 1386 782 1429 boc
815 1399 874 1430 an
909 1386 1085 1430 scilicet
1122 1390 1334 1430 teneatur
1367 1386 1551 1429 vinculo
1583 1400 1697 1429 setae
1720 1386 1847 1442 loyes,
1876 1385 1947 1429 vel

166 1469 347 1513 vincalo
381 1471 500 1513 iaris
522 1470 777 1514 nataralia.
809 1473 860 1513 Et
884 1474 992 1527 puto
1017 1469 1286 1527 simpliciter
1318 1470 1562 1514 dicendum
1591 1470 1736 1514 teneri
1763 1470 1949 1514 vinculo

164 1552 275 1596 iuris
324 1552 576 1607 naturalis,
613 1552 717 1610 quia
770 1572 786 1591 a
816 1555 967 1609 turpis
1008 1558 1071 1596 est
1112 1556 1263 1597 omnt’s
1307 1567 1425 1609 pars
1468 1567 1549 1596 sao
1595 1556 1810 1597 universo
1854 1567 1947 1598 non

162 1649 428 1692 eorntqruens
461 1635 492 1678 ².
549 1639 600 1679 Et
634 1635 852 1693 probatur
889 1650 943 1679 ex
987 1635 1340 1693 incongruentia
1376 1637 1635 1681 contrariae
1670 1637 1946 1681 sententiae.

165 1721 280 1761 Nam
314 1720 358 1772 a)
396 1718 563 1762 dicitur
598 1732 688 1762 non
727 1718 871 1763 teneri
906 1719 961 1762 ad
999 1719 1089 1763 vim
1128 1719 1235 1775 legis
1263 1720 1564 1764 coercitivam
1590 1719 1694 1778 quia
1722 1734 1857 1764 nemo
1881 1725 1950 1765 est

165 1800 424 1858 Legislatori
459 1801 665 1859 superior
699 1802 730 1857 ³,
768 1802 893 1861 atqui
927 1802 1009 1846 hoc·
1042 1817 1186 1861 (cellae
1222 1802 1309 1847 diei
1347 1807 1498 1860 posset
1539 1804 1592 1847 de
1637 1805 1679 1846 x‘i
1724 1803 1948 1848 directix'a

162 1898 278 1942 quae
311 1899 369 1928 ex
405 1884 592 1929 vinculo
626 1884 723 1929 eius
763 1886 872 1943 legis
906 1885 1077 1942 oritur,
1122 1887 1160 1941 h)
1199 1886 1368 1930 dicitur
1402 1887 1547 1931 teneri
1590 1887 1820 1944 legislator
1857 1889 1949 1932 suis

163 1966 334 2025 legibus
366 1967 537 2012 directe
572 1968 669 2012 iure
704 1972 913 2023 naturae,
953 1969 1174 2013 indirecte
1208 1983 1287 2013 sua
1333 1970 1454 2026 lege3
1492 1971 1569 2014 sed
1607 1971 1727 2029 quod
1769 1971 1951 2015 videtur

164 2049 438 2108 impossibile
474 2064 620 2110 neque
656 2050 878 2096 indirecte
912 2052 1094 2096 admitti
1140 2058 1302 2110 potest,
1348 2053 1472 2112 atqui
1523 2040 1704 2098 videtur
1743 2053 1949 2112 impossi-

163 2132 249 2177 bile
281 2134 400 2192 quod
434 2134 664 2192 legislator
699 2134 884 2179 vinculo
920 2132 1126 2193 propriae
1162 2137 1270 2194 legis
1303 2137 1543 2195 obligetur,
1569 2138 1674 2197 quia
1709 2143 1830 2183 esset
1863 2138 1946 2183 sibi

164 2217 417 2261 secundum
453 2217 570 2261 idem
606 2218 813 2275 superior
847 2223 892 2262 et
925 2218 1132 2272 inferior,
1185 2234 1290 2278 ergo
1341 2225 1429 2264 ete.
1482 2221 1610 2275 Quod
1643 2221 1857 2277 obligatio
1892 2222 1949 2265 sit

162 2301 335 2344 directa
370 2301 442 2345 vel
478 2300 699 2345 indirecta
736 2316 826 2346 non
862 2308 1012 2347 mutat
1045 2303 1291 2348 essentiam
1327 2305 1633 2362 obligationis,
1669 2306 1746 2350 sed
1785 2306 1838 2350 ad
1874 2306 1948 2349 ob·

164 2384 393 2441 ligationis
424 2383 647 2442 originem
683 2399 729 2429 sc
764 2386 921 2440 refert,
957 2386 1083 2445 atqui
1119 2387 1235 2430 ratio
1259 2401 1347 2446 qua
1376 2386 1620 2444 Legislator
1642 2388 1829 2445 obligari
1856 2403 1947 2433 non

283 2559 293 2578 ¹
323 2561 363 2595 D.
390 2560 518 2596 Thom.
549 2561 578 2596 1.
605 2560 637 2596 2.
665 2571 699 2606 q.
725 2560 787 2604 96,
814 2566 880 2597 art.
907 2562 930 2597 5
955 2562 1001 2598 ad
1028 2563 1059 2606 5,
1087 2573 1116 2597 0.
1144 2563 1176 2599 ⁶2.
1205 2564 1246 2599 D.
1273 2574 1306 2609 q.
1346 2565 1383 2600 L.
1414 2564 1429 2599 1
1465 2563 1498 2599 ff.
1539 2564 1601 2600 ubi
1641 2565 1774 2601 dicitur
1818 2578 1831 2595 α
1850 2565 1948 2608 quod

163 2631 319 2677 quisque
346 2631 438 2668 iuris
466 2632 502 2667 in
527 2632 683 2670 alterum
710 2634 836 2669 statuit
862 2634 992 2670 eodem
1021 2634 1098 2679 ipsc
1126 2635 1176 2670 uti
1196 2635 1303 2671 debet
1325 2650 1355 2677 »3
1384 2645 1465 2671 can.
1485 2635 1530 2671 20
1556 2647 1626 2672 non
1653 2637 1756 2672 liceat
1785 2636 1838 2680 12,
1862 2637 1895 2679 9,
1915 2636 1948 2672 2.

166 2702 203 2737 L.
230 2701 251 2737 4
279 2703 365 2739 Cod.
391 2703 436 2740 de
465 2704 532 2740 LL.
559 2704 628 2740 Cfr.
657 2705 832 2746 Macrin,
858 2715 916 2751 op.
944 2705 1002 2741 cit.
1032 2705 1094 2742 lib.
1125 2706 1154 2748 1,
1183 2712 1205 2742 t.
1232 2705 1264 2742 2.

285 2773 296 2791 ²
323 2774 359 2809 C.
386 2773 418 2817 2,
446 2774 478 2810 d.
506 2775 528 2809 8
555 2775 590 2810 iu
618 2775 784 2811 Deci-eto.
818 2776 913 2813 Hinc
945 2778 1133 2822 sapienter
1167 2778 1338 2813 dixerunt
1369 2778 1418 2814 ait
1444 2779 1584 2814 clariss.
1617 2779 1792 2821 FERRARI,
1819 2778 1949 2825 (instit.

166 2853 245 2879 can.
273 2854 355 2890 pag.
385 2845 467 2891 152)
494 2851 568 2882 not.
596 2846 628 2882 4.
658 2847 900 2893 Imperatores
928 2849 1158 2885 Theodosius
1188 2854 1223 2885 et
1251 2849 1536 2886 Valentinianus
1575 2860 1659 2887 cum
1700 2850 1793 2886 hanc
1820 2850 1948 2886 emise-

165 2919 249 2951 runt
275 2917 505 2953 sententiam:
533 2918 653 2963 Digna
671 2928 742 2954 vox
766 2923 821 2955 est
849 2920 1040 2956 maiestate
1067 2921 1267 2966 regnantis,
1286 2920 1432 2966 legibus
1459 2921 1651 2966 alligatum
1678 2931 1716 2957 se
1744 2921 1947 2967 principem

168 2987 331 3031 profiteri
359 2988 397 3023 L.
424 2987 446 3023 4
471 2987 559 3025 Cod.
587 2989 631 3025 de
660 2989 730 3035 leg.

286 3058 299 3077 ³
324 3058 462 3102 MAcn.,
490 3069 549 3105 op.
576 3061 636 3096 cit,
664 3060 685 3097 l.
713 3061 772 3099 cit.
