2176 3386
209 185 288 225 390
852 197 962 227 PARS
990 198 1013 226 1.
1050 197 1107 226 DE
1135 198 1346 228 PEnsoms

208 305 309 350 aliis
341 305 577 362 interesse,
604 321 696 352 non
723 306 891 351 idcirco
913 307 1003 351 ulla
1022 305 1398 351 distributionum
1422 296 1549 365 parte
1576 307 1847 365 privabitur,
1871 324 1985 370 quas

208 388 291 433 sibi
326 390 575 449 adquirunt
607 390 682 449 qui
718 390 843 434 chori
878 390 1025 434 officio
1057 394 1163 434 actu
1187 389 1420 434 intersunt
1450 403 1504 435 ac
1535 392 1762 448 serviunt,
1798 392 1885 438 nisi
1908 393 1983 438 ob-

209 475 299 517 stet
331 473 547 518 voluntas
571 474 801 518 testatoris
821 474 851 517 ¹.
880 477 975 518 [mo
999 486 1109 517 vero
1133 473 1293 517 eadem
1316 473 1371 517 de
1394 486 1531 518 causa
1552 475 1712 534 nequit
1728 476 1984 522 Canonicus

208 556 460 614 Theologus
492 556 548 600 ad
581 555 773 614 Capituli
808 555 1007 614 negotia,
1044 555 1200 614 procul
1233 570 1258 600 a
1292 555 1402 600 locis
1435 556 1481 600 in
1514 556 1678 616 quibus
1712 571 1881 604 munus
1906 559 1981 604 ob-

207 639 340 694 tinet,
376 639 558 697 allegari
584 640 615 684 ².

323 723 426 766 495.
464 723 528 767 Ad
562 722 845 767 Canonicum
880 722 1143 779 theologum
1167 722 1376 780 proxime
1397 722 1575 768 accedit
1596 724 1853 769 Canonicus
1875 728 1981 770 Poe·

206 805 516 861 nitentiarius,
552 805 628 865 qui
655 805 1032 863 excipiendarum
1061 805 1402 851 confessionum
1437 806 1483 851 in
1518 807 1708 852 ecclesia
1731 808 1982 853 cathedrali

205 890 433 935 ordinaria
458 894 683 948 potestate
709 889 876 933 fruitur
900 889 929 934 ³.
971 890 1182 934 Decrevit
1206 890 1251 934 in
1275 889 1489 935 omnibus
1511 891 1848 935 cathedralibus
1876 896 1981 937 Poe-

205 973 525 1018 nitentiariutn
569 987 674 1017 cum
720 972 890 1018 unione
934 972 1219 1031 praebendae
1253 974 1462 1031 proxime
1507 979 1754 1019 vacaturae
1797 975 1893 1020 fore
1924 976 1982 1020 ab

208 1058 425 1116 Episcopo
457 1056 812 1112 instituendum,
847 1055 924 1115 qui
958 1043 1175 1114 magister
1207 1057 1265 1101 sit
1298 1058 1369 1101 vel
1403 1057 1575 1111 doctor,
1608 1062 1688 1102 aut
1719 1057 1981 1103 licentiatus

205 1140 250 1184 in
287 1139 510 1197 theologia
547 1140 617 1184 vel
660 1139 757 1183 iure
797 1139 1021 1184 canonico
1056 1144 1101 1183 et
1133 1153 1362 1184 annorum
1405 1139 1722 1198 quadraginta,
1757 1153 1835 1185 seu
1870 1139 1980 1185 alias

203 1224 279 1283 qui
319 1223 468 1281 aptior
512 1237 590 1282 pro
625 1223 708 1267 loci
752 1222 973 1282 qualitate
1007 1222 1276 1281 reperiatur,
1320 1223 1396 1282 qui
1436 1224 1545 1268 dum
1589 1224 1899 1269 confessiones
1931 1224 1978 1269 in

202 1307 393 1351 ecclesia
427 1307 598 1362 audiet,
636 1306 822 1351 interim
868 1319 1081 1365 praesens
1121 1306 1166 1350 in
1207 1307 1345 1351 choro
1391 1311 1650 1363 censeatur,
1687 1307 1748 1352 ita
1783 1314 1830 1352 ut
1866 1307 1977 1351 nihil

202 1390 577 1436 distributionum
617 1391 904 1449 aliorumque
947 1390 1087 1435 etiam
1131 1390 1553 1436 emolumentorum
1588 1391 1736 1435 eidem
1770 1391 1975 1436 decedat.

202 1477 340 1519 Porro
375 1473 759 1518 Poenitcntiarius
793 1488 884 1518 nou
920 1478 1069 1532 potest
1106 1487 1236 1518 suam
1283 1479 1557 1532 potestatem
1591 1474 1799 1532 delegare
1831 1488 1978 1533 neque

201 1556 322 1602 circa
356 1571 488 1602 casus
522 1562 796 1612 reservatos,
832 1571 855 1601 a
890 1556 1163 1615 quibus.nec
1198 1558 1289 1615 ipse
1313 1561 1463 1615 potest
1483 1557 1735 1613 absolvere,
1761 1557 1858 1602 sine
1882 1570 1977 1615 spe·

202 1642 305 1686 ciali
329 1641 614 1700 delegatione
639 1641 670 1684 ⁴.

926 1811 1157 1841 ARTlCULUS
1192 1812 1252 1840 ΙΙΙ.

454 1920 514 1961 De
548 1918 777 1962 relatione
817 1918 1019 1974 Capituli
1049 1931 1154 1961 cum
1191 1920 1410 1974 Episcopo
1432 1918 1535 1961 sede
1569 1918 1728 1974 plena.

317 2062 418 2106 496.
447 2061 705 2119 Capitulum
725 2061 859 2105 debet
881 2062 1099 2119 Episcopo
1117 2059 1427 2104 reverentiam
1446 2064 1491 2104 et
1508 2059 1832 2104 obedientiam.
1857 2063 1977 2104 Haec

198 2150 353 2190 autem
390 2145 648 2190 reverentia
683 2145 928 2189 exhibetur
971 2144 1017 2188 in
1057 2144 1304 2189 deferendo
1348 2144 1409 2188 illi
1449 2144 1575 2202 signa
1623 2144 1824 2199 honoris,
1859 2158 1976 2204 quae

197 2228 311 2272 adeo
342 2231 451 2271 sunt
482 2227 634 2272 debita
672 2228 906 2286 Episcopo,
941 2230 992 2270 ut
1029 2226 1263 2280 Canonici,
1299 2225 1513 2286 quamvis
1551 2226 1770 2283 exempti,
1806 2239 1859 2270 ea
1894 2225 1975 2270 mi-

197 2309 322 2355 nime
355 2310 581 2367 denegare
615 2310 803 2368 possint.
840 2309 972 2367 Signa
1012 2314 1167 2354 autem
1204 2310 1389 2355 honoris
1423 2309 1469 2353 in
1504 2309 1648 2354 tribus
1686 2309 1974 2368 potissimum

316 2505 325 2524 ¹
356 2506 435 2543 Sac.
461 2505 642 2552 Congreg.
670 2506 781 2542 Conc.
806 2505 852 2541 20
870 2509 960 2551 sept.
989 2505 1091 2541 1879.
1117 2505 1225 2550 (Acta
1251 2505 1348 2548 XIII,
1375 2515 1410 2551 p.
1440 2504 1512 2551 90).

314 2576 327 2595 ²
354 2577 388 2613 S.
414 2576 529 2622 Cong.
557 2576 668 2612 Cone.
695 2576 793 2622 apud
819 2576 953 2612 Bened.
981 2575 1078 2620 XIV,
1106 2575 1194 2612 lust.
1225 2575 1301 2620 117,
1327 2585 1363 2612 n.
1390 2576 1445 2613 55.

313 2647 326 2666 ⁸
353 2649 462 2685 Cone.
489 2648 743 2684 Tridentinum
770 2648 868 2684 Sess.
893 2647 1028 2692 XXIV,
1056 2647 1142 2693 Cap.
1170 2647 1254 2683 vill
1281 2640 1323 2684 de
1348 2648 1508 2694 Reform.

313 2718 326 2738 ³
351 2719 462 2756 Nulla
487 2730 509 2756 a
535 2720 614 2756 iure
641 2720 821 2756 canonico
847 2724 882 2755 et
902 2719 1065 2756 Concilio
1086 2719 1181 2755 Trid.
1209 2718 1325 2756 forma
1351 2719 1579 2765 praescripta
1603 2722 1658 2755 est
1687 2728 1750 2764 pro
1781 2717 1972 2763 utriusque

194 2792 428 2838 praebendae
454 2793 668 2835 collatione3
700 2798 736 2830 at
762 2794 800 2829 in
829 2793 933 2829 Italia
968 2798 1004 2829 et
1029 2792 1162 2829 insulis
1198 2792 1453 2829 adiacentibus
1485 2796 1560 2829 tum
1594 2791 1805 2838 praehenda
1830 2791 1973 2828 theolo-

194 2863 287 2909 galis
315 2870 389 2901 tum
418 2865 707 2911 poenitentiaria,
736 2865 900 2902 obnoxia
929 2870 984 2901 est
1011 2864 1222 2901 concursui.
1248 2864 1384 2902 Bened.
1412 2864 1500 2900 xm
1526 2864 1648 2900 Const.
1677 2864 1877 2900 Pastor-alis
1908 2864 1973 2909 Of-

194 2935 273 2981 ficii.
289 2935 498 2981 Theologus
513 2935 623 2972 debet
640 2945 720 2972 esse
740 2935 868 2972 doctor
887 2937 923 2971 in
943 2945 1046 2972 sacra
1073 2935 1279 2981 theologia3
1309 2934 1616 2972 Poenitcntiarius
1644 2944 1731 2971 vcro
1756 2934 1864 2972 debet
1889 2944 1971 2971 esse

192 3007 320 3044 doctor
345 3007 401 3044 vel
427 3007 637 3044 licentiatus
663 3008 700 3043 in
727 3017 833 3044 sacra
859 3007 1048 3054 theologia
1071 3011 1133 3044 aut
1157 3007 1235 3044 iure
1263 3007 1456 3052 canonico,
1482 3011 1519 3044 et
1544 2997 1663 3045 annos
1691 3005 1820 3043 saltem
1844 3006 1892 3043 40
1907 3015 1972 3042 na-

193 3083 263 3122 tus,
290 3079 360 3115 nisi
387 3079 492 3116 aliter
517 3080 722 3116 necessitas
748 3083 812 3116 aut
838 3078 976 3116 utililas
1003 3078 1174 3126 postulet.
