2176 3386
179 164 259 204 262
853 178 963 208 PARS
993 179 1031 207 11.
1067 179 1125 208 DE
1155 180 1293 209 nenos

185 283 399 342 appellati
431 284 489 329 ab
519 299 679 330 eorum
727 286 981 336 ordinariis
1026 287 1083 333 ad
1128 288 1382 334 audiendas
1429 290 1742 336 confessiones
1790 290 1967 350 possint

183 367 500 414 indifferenter
530 369 687 414 audire
721 370 1032 415 confessiones
1063 370 1273 416 omnium
1307 384 1610 430 personarum
1636 372 1965 433 cuiuscumque

184 451 386 497 nationis
417 457 464 497 et
497 452 610 497 ritus
642 452 893 511 orientalis,
929 467 1046 512 quae
1080 453 1374 512 reperiuntur
1404 454 1454 499 in
1489 454 1578 499 illis
1609 454 1830 513 partibus,
1867 454 1966 500 Emi

184 533 341 579 audito
375 540 483 581 voto
520 540 606 581 Du.
634 537 955 582 Consultorum
979 537 1222 582 dixerunt:
1261 538 1515 583 Maronitas
1548 552 1641 583 non
1670 551 1767 583 esse
1788 537 1965 598 inquie-

185 618 350 663 tandos
374 618 402 662 ¹.
441 619 628 663 Accedit
649 619 788 664 etiam
814 623 1058 665 Decretum
1093 620 1468 679 Congregationis
1492 620 1616 666 Fidei
1646 621 1965 679 propagandae

185 714 262 745 an.
304 702 413 746 1650
445 715 551 761 quo,
589 702 816 748 referente
849 703 1075 749 Cardinali
1110 704 1332 759 Bondino⁷
1368 707 1595 749 statutum
1634 704 1722 749 fuit
1764 718 1858 748 non
1890 704 1964 749 de-

183 784 288 829 bere
320 786 490 831 latinos
529 788 765 843 Episcopos
793 787 1039 844 prohibere
1069 789 1269 833 subditos
1298 803 1426 845 suos,
1463 803 1523 833 ne
1554 788 1860 846 confessiones
1891 788 1968 846 fa-

185 871 314 913 ciant
346 883 450 913 cum
482 871 795 915 sacerdotibus
828 871 1053 916 Ballienis
1089 875 1231 917 unitis
1263 872 1320 917 ab
1349 873 1625 917 ordinariis
1647 873 1850 916 locorum
1887 885 1967 929 ap-

182 952 403 1008 probatis,
435 966 516 996 nec
539 968 561 996 e
582 960 748 998 contra
772 957 1014 1012 Episcopos
1037 956 1271 1000 Rnclicnos
1294 959 1449 1001 unitos
1470 957 1671 1001 subditos
1701 971 1804 1001 suos
1825 958 1970 1002 simili

181 1035 492 1092 prohibitione
514 1037 681 1094 hyeme,
708 1051 766 1081 ne
788 1038 1096 1094 confessarios
1117 1040 1287 1084 latinos
1320 1041 1596 1098 approbatos
1619 1042 1681 1086 ad
1702 1041 1968 1099 confitenda

183 1125 375 1175 peccata
405 1133 492 1163 sua
528 1120 725 1173 adcant;
774 1134 888 1165 nam
921 1135 1026 1164 caen
1062 1121 1267 1166 Eumeni
1299 1125 1447 1178 uniti,
1482 1125 1576 1166 sini
1607 1125 1709 1166 veri
1737 1122 1964 1178 catholici,

186 1201 265 1245 ubi
296 1204 415 1246 ricus
446 1202 692 1247 diversitas
724 1217 816 1246 non
853 1211 1105 1262 repuynac,
1142 1206 1400 1251 discordias
1433 1214 1473 1252 ci
1505 1209 1700 1254 dissidia
1739 1212 1862 1254 inter
1899 1225 1970 1255 cos

186 1288 438 1331 coecicantcs
459 1286 529 1330 vel
551 1289 811 1331 nutrientes
835 1288 1130 1332 introducere
1155 1291 1487 1334 inconveniens
1518 1297 1558 1335 ei
1585 1291 1864 1336 damnosum
1888 1300 1964 1338 est.

187 1371 317 1422 Quod
351 1369 385 1413 si
419 1370 586 1414 alicubi
613 1371 762 1428 plures
784 1371 877 1415 sint
904 1371 1125 1430 Episcopi,
1152 1372 1228 1431 qui
1253 1373 1299 1416 in
1335 1372 1453 1418 solos
1477 1373 1630 1419 lideles
1662 1375 1830 1434 proprii
1856 1376 1969 1421 ritus

186 1453 550 1498 iurisdictionem
584 1454 778 1508 habent,
814 1468 887 1498 ex.
925 1469 990 1512 gr.
1037 1455 1072 1499 si
1106 1469 1294 1513 graecus
1342 1457 1548 1515 graecis,
1583 1470 1718 1515 syrus
1757 1459 1965 1516 syriacis,

189 1536 416 1580 maronita
451 1536 708 1594 maronitis,
743 1542 790 1581 et
821 1551 1040 1582 armenus
1074 1538 1275 1583 Antistes
1320 1540 1526 1585 armenis
1560 1541 1753 1599 praesit,
1789 1546 1900 1586 tunc
1934 1542 1971 1587 si

190 1618 432 1677 Episcopus
465 1619 732 1684 facultatem
780 1620 1058 1678 presbyteris
1098 1621 1344 1666 limitatam
1382 1623 1594 1668 concedit
1635 1626 1690 1669 ad
1723 1625 1973 1670 audiendas

187 1702 360 1747 scilicet
383 1703 693 1748 confessiones
717 1703 917 1748 fidelium
943 1705 1111 1763 proprii
1146 1705 1276 1761 ritus,
1303 1711 1483 1751 certum
1509 1712 1577 1751 est
1614 1721 1691 1752 eos
1714 1722 1806 1753 non
1842 1722 1970 1767 posse

187 1787 423 1832 absolvere
457 1788 626 1833 diversi
664 1788 778 1833 ritus
819 1788 1136 1846 poenitentes;
1184 1790 1304 1849 quod
1337 1790 1373 1834 si
1408 1790 1602 1836 limitata
1644 1793 1838 1836 facultas
1877 1806 1969 1837 non

188 1871 261 1926 sit,
298 1874 344 1914 et
378 1871 497 1915 nulla
538 1871 613 1915 lex
645 1871 765 1916 adsit
798 1872 1038 1930 peculiaris
1064 1872 1133 1917 vel
1158 1874 1442 1918 consuetudo
1475 1888 1592 1933 quae
1628 1875 1721 1919 xim
1755 1875 1863 1932 legis
1895 1876 1970 1919 ob-

188 1954 350 2010 tineat,
386 1969 491 2013 qua,
527 1957 581 1999 ad
615 1956 982 2000 conservandam
1032 1956 1155 2001 inter
1195 1957 1407 2002 homines
1441 1958 1610 2003 diversi
1644 1959 1758 2003 ritus
1791 1973 1967 2017 pacem,
2140 1943 2176 2003 ἰ’

188 2037 446 2095 obligentur
478 2051 639 2082 omnes
678 2038 844 2097 proprii
889 2038 1003 2084 ritus
1050 2040 1382 2085 confessarium
1422 2041 1571 2097 adire;
1623 2042 1737 2086 nillil
1783 2043 1971 2100 impedit
2147 2028 2149 2030 ³

187 2122 435 2180 quominus
456 2122 647 2181 quisque
671 2123 894 2167 sacerdoti
919 2137 942 2167 a
968 2123 1148 2182 proprio
1170 2124 1386 2183 Episcopo
1406 2127 1655 2183 approbato
1678 2125 1967 2171 confiteatur.

311 2205 435 2250 1188.
470 2206 626 2260 Quoad
663 2205 994 2251 Eucharistiam
1042 2207 1303 2266 quaesitum
1339 2208 1426 2253 fuit
1461 2223 1518 2254 an
1554 2210 1764 2255 sacerdos
1803 2211 1972 2256 latinus

189 2290 236 2334 in
280 2290 389 2336 locis
422 2305 689 2348 graecorum
734 2296 781 2334 et
812 2305 1002 2349 graecus
1036 2291 1080 2336 in
1115 2291 1364 2338 latinorum
1408 2293 1593 2351 regione
1627 2294 1767 2352 possit
1803 2296 1973 2340 Eucha-

187 2373 364 2419 ristiam
398 2374 527 2419 iuxta
560 2374 646 2419 loci
679 2375 821 2419 ritum
844 2389 1128 2421 consecrare.
1179 2381 1315 2422 Porro
1349 2391 1407 2421 ex
1439 2377 1525 2433 iis,
1561 2391 1678 2437 quae
1719 2378 1774 2422 de
1807 2377 1973 2434 obliga-

187 2458 313 2504 tione
349 2458 564 2504 manendi
589 2457 635 2503 in
663 2460 804 2504 semel
827 2463 1036 2518 suscepto
1070 2460 1160 2504 ritu
1193 2461 1405 2519 superius
1437 2461 1658 2519 diximuS‚
1684 2461 1816 2506 facile
1849 2467 1974 2520 patet

189 2555 281 2586 non
318 2555 444 2599 posse
477 2542 728 2602 quemlibet
759 2541 962 2587 alienum
997 2542 1137 2588 ritum
1170 2543 1298 2603 sequi
1334 2544 1380 2588 in
1415 2544 1765 2589 consecratione
1803 2545 1973 2589 Eucha-

189 2624 359 2670 ristiae.
396 2625 523 2680 Quod
557 2626 741 2684 quidem
775 2625 1079 2671 confirmatur
1100 2626 1409 2685 peculIarihus
1436 2627 1661 2672 Ecclesiae
1693 2626 1866 2685 legibus
1887 2627 1973 2672 hac

189 2707 236 2752 in
268 2722 317 2752 re
350 2709 467 2754 latis.
520 2713 664 2767 Sane,
701 2714 883 2768 praeter
919 2724 972 2755 ea
1004 2724 1121 2771 quae
1163 2711 1211 2755 in
1246 2711 1507 2756 Florentina
1559 2711 1741 2769 Synodo
1789 2711 1971 2756 decreta

189 2797 318 2850 sunt,
354 2798 508 2837 exstat
545 2796 584 2838 S.
630 2793 690 2838 Pii
732 2796 766 2837 V
804 2798 957 2839 Const.
1002 2796 1206 2839 Romani
1252 2795 1490 2854 Pontificis
1523 2794 1555 2849 ²,
1591 2799 1636 2839 et
1669 2794 1833 2839 Bened.
1876 2796 1974 2840 XIV

308 2961 318 2980 ¹
348 2961 479 3007 congr.
511 2961 544 2998 S.
573 2961 614 2997 O.
640 2962 698 2998 die
725 2963 747 2998 5
773 2963 851 2999 dec.
886 2963 988 2999 1715.

307 3033 320 3051 ²
347 3033 434 3070 XIII
463 3034 541 3071 Kal.
570 3039 661 3079 sept.
691 3033 793 3071 1566.
