2176 3386
767 193 897 221 Lusi-:n
926 193 965 221 11.
1001 192 1057 221 DE
1087 191 1388 220 REGULAmnus
1891 179 1973 220 459

186 301 519 356 stitutionibus‚
554 305 867 346 commutetur
899 301 946 346 in
979 300 1127 355 aliud,
1162 300 1282 360 quod
1316 300 1598 370 paupertati,
1637 300 1890 346 valetudini
1924 304 1973 346 et

192 383 387 443 regionis
421 382 622 441 moribus
654 387 1019 428 consentaneum
1053 387 1136 428 est.

306 468 378 512 ⁹20.
415 465 716 524 Superiorissa
764 465 1004 523 generalis,
1038 469 1288 525 antequam
1323 478 1469 510 novas
1500 465 1742 509 domorum
1789 470 1870 510 aut
1903 465 1972 510 in-

184 550 452 595 stitutorum
489 549 641 607 (vulgo
662 549 980 602 stabilimenti)
1009 547 1302 593 fundationes
1323 547 1535 606 accipiat,
1561 548 1760 606 episcopi
1793 548 1972 593 dioece-

185 633 284 679 sani
319 637 365 677 et
397 632 646 678 Cardinalis
680 631 954 677 Protectoris
986 644 1264 676 consensum
1300 630 1479 690 assequi
1512 630 1710 676 debebit.

306 718 377 761 21.
415 716 717 774 Superiorissa
765 713 991 772 generalis
1033 716 1077 758 in
1112 713 1385 772 specialibus
1434 713 1676 759 ministerii
1727 714 1796 759 sui
1833 714 1969 773 parti-

188 801 270 844 bus
301 798 522 844 obeundis
567 798 778 857 episcopo
811 812 903 842 non
951 796 1192 842 subiicitur
1226 797 1272 841 in
1305 797 1435 842 cuius
1474 797 1670 843 dioecesi
1704 797 1858 842 sedem
1893 798 1971 842 ha-

187 884 278 929 bet.
314 882 539 929 Cardinali
575 881 822 927 Protectori
858 885 1000 939 paret,
1036 880 1109 925 cui
1142 881 1391 940 quotannis
1423 881 1477 926 de
1511 880 1710 926 instituti
1744 885 1866 925 statu
1903 895 1969 925 ra-

187 967 361 1012 tionem
396 966 539 1011 reddit
568 967 594 1010 ¹.

305 1052 375 1094 22.
414 1048 725 1095 Generalissae
761 1061 928 1092 munus
971 1047 1313 1106 incompatibile
1348 1047 1606 1092 declaratur
1638 1060 1744 1090 cum
1780 1059 1972 1090 munere

182 1133 508 1192 superiorissae
556 1131 710 1176 localis
742 1131 787 1176 in
822 1130 1064 1176 ordinariis
1111 1130 1204 1175 suis
1246 1130 1515 1175 muneribus
1546 1143 1599 1174 ac
1633 1129 1807 1174 iuribus
1841 1128 1971 1174 iuxta

184 1215 538 1261 constitutiones
579 1214 862 1260 exercendis.
907 1218 1192 1273 Quapropter
1224 1214 1271 1258 in
1307 1214 1460 1258 localis
1502 1212 1828 1271 superiorissae
1872 1226 1971 1256 mu-

186 1313 313 1354 nera,
348 1304 394 1344 et
425 1299 631 1353 domum,
657 1298 733 1343 ubi
767 1302 990 1354 moratur,
1018 1312 1109 1342 non
1144 1311 1241 1342 sese
1277 1298 1454 1355 ingeret
1488 1298 1604 1342 ultra
1647 1297 1689 1341 id
1722 1297 1842 1356 quod
1867 1296 1967 1355 ipsi,

182 1385 340 1438 utpote
373 1379 571 1437 generali
608 1378 746 1423 totius
782 1378 981 1424 instituti
1017 1377 1327 1432 moderatrici,
1364 1375 1598 1434 competit.

303 1465 374 1508 25.
413 1463 713 1520 superiorissa
750 1462 904 1507 localis
937 1474 1106 1506 munus
1139 1461 1307 1519 poterit
1339 1459 1463 1505 obire
1496 1474 1587 1504 una
1621 1473 1727 1504 cum
1757 1459 1970 1504 assisten-

185 1548 306 1592 tibus
338 1546 624 1605 generalibus
658 1546 703 1589 in
738 1546 890 1599 domo,
926 1545 1000 1588 ubi
1038 1544 1220 1599 residet,
1256 1544 1506 1589 dummodo
1539 1557 1596 1588 ex
1621 1543 1970 1588 communitatis

183 1631 398 1688 suffragio
434 1630 561 1674 iuxta
595 1631 772 1688 regulas
805 1630 944 1674 libere
978 1629 1033 1673 ad
1068 1629 1174 1672 illud
1210 1627 1409 1672 officium
1443 1628 1652 1684 eligatur.

303 1714 374 1758 24.
411 1712 649 1767 Quaelibet
680 1712 976 1771 superiorissa
1000 1711 1154 1756 localis
1176 1711 1502 1770 superiorissae
1534 1711 1759 1769 generalis
1781 1710 1971 1755 consilia

179 1796 422 1856 exquirere
455 1809 508 1840 ac
545 1795 672 1854 sequi
719 1799 902 1839 tenetur
936 1796 980 1839 in
1015 1794 1229 1839 omnibus
1276 1793 1456 1838 casibus
1489 1793 1637 1837 dubiis
1670 1797 1716 1837 et
1750 1793 1970 1850 graviori-

185 1883 282 1925 bus.
320 1880 531 1934 Quolibet
563 1893 686 1924 anno
719 1878 1042 1937 superiorissae
1075 1878 1276 1936 generali
1312 1878 1579 1923 distinctam
1613 1882 1970 1937 accuratamque

183 1965 240 2009 de
275 1964 476 2008 instituti
511 1967 632 2008 statu
668 1963 938 2008 relationem
974 1963 1134 2018 mittit,
1170 1976 1223 2007 ac
1257 1962 1527 2007 summatim
1563 1962 1790 2007 rationem
1825 1961 1971 2006 reddit

180 2047 236 2091 (le
260 2046 556 2091 oeconomica
591 2046 990 2091 administratione
1023 2047 1122 2090 sine
1146 2046 1425 2104 praeiudicio
1459 2060 1616 2090 earum
1655 2046 1970 2105 praescriptio·

185 2144 312 2185 num,
333 2143 449 2189 quae
484 2130 530 2174 in
568 2131 731 2188 regulis
763 2131 958 2176 traditae
992 2136 1112 2176 sunt.
1148 2135 1387 2176 Praeterea
1422 2136 1472 2175 ut
1504 2131 1801 2189 superiorissa
1835 2146 1969 2190 gene-

182 2212 288 2257 ralis
335 2213 669 2258 accuratiorem
719 2205 932 2258 notitiam
980 2215 1187 2273 acquirat
1235 2215 1289 2259 de
1332 2215 1495 2259 domus
1527 2219 1648 2259 statu
1702 2217 1968 2274 praesertim

184 2295 360 2351 morali,
395 2296 535 2341 etiam
583 2297 825 2342 domorum
867 2297 1104 2343 ministrae
1136 2300 1190 2343 de
1225 2312 1278 2343 eo
1312 2313 1392 2357 per
1437 2312 1541 2344 suas
1572 2313 1780 2359 quaeque
1813 2300 1969 2346 literas

182 2379 326 2437 ipsam
358 2385 533 2425 secreto
567 2381 812 2426 certiorem
835 2381 1038 2440 quolibet
1070 2396 1193 2426 anno
1229 2382 1414 2427 facient.

300 2464 371 2508 25.
410 2465 465 2507 L't
497 2447 712 2508 sustineri
759 2465 958 2524 ferrique
1001 2465 1175 2523 possint
1217 2470 1453 2523 sumptus,
1496 2466 1571 2525 qui
1612 2480 1670 2510 ex
1710 2466 1853 2511 literis
1891 2481 1970 2525 per

182 2544 383 2603 publicos
420 2546 677 2591 tabellarios
724 2546 955 2605 acceptis,
993 2552 1038 2592 et
1070 2547 1311 2592 itineribus
1359 2548 1549 2608 aliisque
1586 2549 1728 2595 titulis
1762 2551 1807 2594 in
1843 2565 1967 2595 com·

183 2627 458 2673 munitatem
492 2628 723 2686 derivant,
760 2629 806 2674 in
841 2644 929 2690 qua
963 2632 1174 2688 generale
1209 2632 1413 2689 regimen
1447 2632 1601 2676 sedem
1638 2632 1790 2689 babet,
1831 2647 1967 2692 quae-

182 2710 291 2756 libet
322 2712 485 2757 domus
517 2718 690 2758 certam
726 2728 959 2759 suminam
993 2716 1295 2774 generalissae
1329 2716 1591 2774 pensitabit.
1633 2717 1858 2777 Quidquid
1893 2731 1966 2762 su·

302 2919 310 2938 ¹
340 2919 382 2955 In
408 2919 579 2956 Animad.
606 2921 652 2957 ad
678 2921 794 2959 Const.
815 2923 892 2958 Sor.
910 2922 1036 2968 hospit.
1057 2922 1245 2958 Car-neten.
1266 2923 1312 2958 12
1338 2923 1408 2959 Iul.
1427 2924 1545 2966 1860,
1572 2927 1586 2964 s
1612 2925 1672 2967 10,
1699 2935 1781 2971 paq.
1801 2927 1869 2967 27,
1897 2926 1918 2961 l.
1937 2936 1966 2962 c.

181 2991 413 3037 praecipitur,
442 2998 480 3028 ut
506 2992 736 3038 generalissa
760 2993 924 3038 quolibet
952 2994 1112 3030 triennio
1139 2994 1182 3030 de
1210 2993 1373 3030 Instituti
1407 2998 1502 3030 statu
1531 2994 1674 3031 formali
1701 2995 1746 3031 ad
1774 2995 1808 3032 S.
1835 2995 1873 3032 C.
1899 2997 1965 3043 Ep.

182 3066 217 3098 et
244 3062 333 3107 Reg.
359 3062 504 3099 referat.
