2176 3386
751 194 880 223 LIBER
909 194 948 222 11.
985 194 1041 222 DE
1071 193 1374 223 REGULARIBUS
1879 181 1965 222 447

898 410 1129 441 Alimentus
1159 411 1231 441 vn.

552 518 612 560 De
648 517 872 572 Fufiam-5
904 527 959 560 ac
993 516 1216 572 Apostatis
1248 515 1575 573 Reqularz'bus.

15 691 27 701 '¹
7 435 48 661 *tuns-ra·-
12 405 28 417 “-
14 326 42 383 '‘st'’

292 633 391 678 581.
430 635 672 691 Apostatae
712 633 956 691 Regulares
1001 633 1219 677 dicuntur
1254 632 1332 692 qui
1375 636 1476 691 post
1519 631 1852 677 professionem
1893 633 1958 677 sa-

173 719 295 761 ctam
332 714 613 773 Religionem
659 715 877 760 deserunt
908 714 1065 760 animo
1097 729 1189 760 non
1227 715 1514 760 revertendi:
1562 714 1759 773 Fugitivi
1798 718 1959 760 autem

173 803 422 843 censentur
467 799 544 858 qui
593 798 872 845 Monasterio
905 798 960 843 ad
994 803 1174 857 tempus
1205 798 1446 844 discedunt
1479 813 1571 844 non
1604 799 1784 844 abiecto
1833 814 1961 858 pror-

172 896 247 928 sus
284 882 547 927 revertendi
580 878 752 927 animo.

291 969 532 1024 Apostatae
580 979 633 1010 ac
669 965 864 1024 Fugitivi
900 967 1142 1024 Regulares
1184 967 1240 1011 ab
1277 965 1505 1026 Episcopis
1552 981 1605 1012 ac
1639 966 1962 1026 Superioribus

172 1050 467 1108 Regularibus
518 1050 733 1095 monendi
766 1055 874 1094 sunt
906 1054 956 1094 ut
988 1050 1044 1094 ad
1081 1049 1360 1108 Religionem
1410 1051 1617 1106 redeant,
1654 1065 1739 1096 nec
1785 1052 1840 1097 de
1878 1053 1954 1098 ad-

169 1132 304 1177 ducta
350 1131 642 1189 professionis
690 1131 900 1177 nullitate
947 1132 1195 1176 audiantur
1243 1133 1327 1178 nisi
1375 1133 1499 1192 prius
1530 1133 1586 1178 ad
1619 1133 1956 1179 Monasterium

170 1213 388 1259 redierint
411 1215 443 1269 ¹,
478 1228 530 1259 ac
577 1229 602 1259 a
637 1214 952 1273 Superioribus
999 1216 1310 1260 commendati
1359 1216 1415 1260 ad
1449 1216 1610 1261 Sedem
1647 1216 1954 1275 Apostolicain

171 1302 424 1343 recurrant.
464 1301 707 1356 Apostatae
741 1303 786 1343 et
820 1298 1017 1357 Fugitivi
1050 1300 1135 1343 tria
1173 1304 1279 1344 vota
1313 1299 1631 1345 substantialia
1679 1315 1732 1345 ac
1770 1301 1961 1346 Ordinis

168 1381 522 1426 constitutiones
567 1395 752 1426 servare
800 1386 1036 1438 tenentur,
1072 1383 1286 1427 omnibus
1325 1382 1574 1442 privilegiis
1623 1383 1866 1442 privantur
1898 1399 1955 1430 ac

167 1463 393 1510 Ordinarii
444 1464 745 1510 iurisdictioni
795 1465 1116 1521 subiiciuntur‚
1151 1480 1204 1511 ac
1244 1466 1289 1510 in
1325 1481 1493 1525 poenas
1542 1468 1785 1512 incurrunt
1834 1482 1958 1527 quae

167 1552 268 1593 tum
301 1548 536 1594 communi
572 1548 669 1593 iure
693 1553 791 1593 tum
826 1550 1176 1608 particularibus
1196 1549 1380 1595 Ordinis
1412 1550 1820 1596 constitutionibus
1843 1565 1956 1596 con·

170 1633 237 1674 tra
273 1633 510 1688 Apostatas
542 1635 588 1674 et
621 1630 853 1689 Fugitivos
885 1636 1084 1677 statutae
1116 1637 1237 1678 sunt.

167 1785 262 1821 dinis
289 1786 534 1828 observantia,
554 1797 620 1823 suo
647 1788 756 1824 modo
777 1788 983 1834 perfectiori
1011 1789 1105 1826 vilae
1125 1790 1283 1826 student.
1311 1790 1509 1826 Tertiarios
1528 1790 1597 1826 sibi
1626 1790 1826 1836 adiungere
1847 1791 1955 1828 nullo

167 1857 337 1894 Instituto
364 1858 548 1904 Regulari,
576 1858 645 1895 nisi
683 1869 729 1895 ex
757 1859 904 1896 licentia
939 1861 1094 1897 Sanctae
1122 1861 1240 1904 Sedis,
1265 1863 1486 1907 permissum
1526 1866 1593 1900 est.
1633 1863 1775 1900 Horum
1816 1864 1946 1909 triplex

166 1937 283 1974 genus
301 1934 367 1965 est.
397 1930 519 1966 Unum
547 1930 708 1967 virorum
735 1937 797 1968 aut
816 1932 1009 1969 mulierum
1036 1933 1278 1978 collegialiter
1304 1935 1515 1972 viventium.
1544 1935 1660 1972 Porro
1678 1946 1723 1972 ex
1745 1936 1801 1972 his
1827 1946 1947 1972 mares

166 2001 327 2046 gaudent
346 2001 523 2038 Ordinum
551 2003 754 2048 privilegiis
775 2008 811 2040 et
828 2005 990 2051 exempti
1010 2010 1093 2042 sunt
1114 2016 1135 2042 a
1153 2011 1334 2052 potestate
1354 2006 1548 2051 Ordinarii,
1568 2017 1642 2044 non
1662 2009 1748 2044 item
1776 2009 1951 2054 feminae,

166 2071 346 2117 siquidem
374 2083 436 2110 eas
464 2073 630 2110 Ecclesia
656 2075 715 2111 vix
744 2075 872 2111 tolerat
899 2080 933 2111 et
961 2076 1144 2113 subiectas
1171 2078 1344 2124 relinquit
1370 2079 1535 2116 locorum
1563 2079 1777 2123 Ordinariis,
1806 2084 1842 2116 at
1873 2091 1951 2118 non

166 2142 351 2180 Parochis.
380 2144 458 2180 Sao.
486 2145 617 2191 Congr.
645 2146 756 2183 Conc.
783 2147 831 2183 50
857 2148 946 2183 iunii
978 2147 1088 2190 1722;
1116 2149 1251 2186 Bened.
1279 2150 1377 2194 XIV,
1403 2151 1486 2187 Not.
1517 2151 1606 2195 105,
1634 2162 1668 2189 n.
1695 2151 1752 2189 80.
1779 2152 1947 2189 Alterum

165 2213 359 2250 mulierum
386 2219 538 2259 tantum,
564 2226 656 2262 quae
682 2217 781 2253 domi
812 2219 993 2255 coelibem
1019 2224 1082 2256 aut
1106 2225 1243 2256 castam
1274 2222 1468 2265 vidualem,
1494 2223 1630 2259 emisso
1658 2223 1836 2260 castitatis
1863 2228 1946 2260 voto

163 2291 198 2321 et
225 2285 262 2321 in
289 2286 415 2323 habitu
443 2286 601 2331 Ordinis,
630 2288 741 2325 vitam
779 2289 929 2327 ducunt.
956 2291 1050 2327 Istae
1077 2301 1099 2328 a
1126 2293 1202 2329 suis
1229 2293 1379 2338 quidem
1407 2294 1668 2339 Superioribus
1711 2295 1951 2340 regularibus

165 2357 332 2395 habitum
358 2359 548 2405 recipiunt,
563 2360 628 2396 sed
647 2360 830 2398 Ordinarii
856 2366 911 2398 est
938 2362 972 2398 id
1000 2363 1207 2408 permittere
1234 2368 1342 2411 atque
1369 2365 1451 2401 ideo
1479 2365 1671 2411 explorare
1698 2375 1746 2402 an
1768 2366 1840 2402 sint
1867 2367 1946 2403 ido-

164 2439 265 2466 neae.
292 2430 436 2466 Etenim
464 2440 616 2468 necesse
642 2437 698 2468 est
725 2437 764 2469 ut
789 2438 826 2469 et
852 2433 1026 2479 probatae
1054 2434 1148 2472 vitae
1177 2436 1248 2471 sint
1274 2440 1309 2471 et
1335 2446 1472 2473 annum
1501 2437 1630 2473 saitem
1657 2437 1704 2474 40
1730 2438 1864 2474 fuerint
1892 2438 1944 2474 in-

164 2509 311 2545 gressae
337 2506 374 2538 et
399 2502 443 2541 de
470 2502 547 2538 suis
573 2503 777 2540 redditibus
805 2505 925 2541 vivere
957 2505 1113 2542 valeant.
1154 2507 1320 2543 Gaudent
1346 2512 1469 2545 autem
1497 2509 1738 2555 indulgentiis
1766 2509 1947 2546 Ordinum

163 2575 200 2607 et
223 2570 290 2607 fori
318 2572 521 2618 privilegio,
548 2574 611 2610 sed
638 2584 712 2611 non
739 2576 984 2622 exemptione,
1011 2578 1194 2624 siquidem
1221 2579 1357 2616 nedum
1386 2580 1589 2617 Ordinariis
1616 2582 1679 2618 sed
1706 2586 1741 2617 et
1767 2582 1948 2619 Parcchis

164 2640 353 2678 subiectae
379 2647 476 2679 sunt.
502 2644 637 2681 Bened.
653 2646 749 2691 XIV,
777 2647 899 2683 Const.
927 2647 1123 2685 Emanavit
1149 2660 1259 2695 saper
1286 2650 1328 2686 17
1355 2654 1446 2696 sept.
1468 2650 1569 2688 1749.
1598 2652 1848 2695 Quamobrem
1875 2654 1945 2689 Pa-

163 2712 286 2749 rochis
313 2718 453 2751 tantum
479 2714 563 2752 licet
589 2716 642 2752 eis
668 2717 875 2754 ministrare
914 2720 1215 2756 communionem
1242 2721 1280 2757 in
1306 2721 1497 2765 paschate,
1525 2723 1711 2766 viaticum,
1738 2727 1943 2760 extremam

164 2784 375 2821 unctionem
414 2787 610 2824 morituris.
638 2789 771 2826 Bened.
799 2790 897 2834 XIV,
923 2790 1033 2827 Notis.
1064 2792 1140 2834 105,
1168 2802 1202 2828 n.
1230 2792 1287 2829 68.
1318 2794 1479 2830 Tertium
1520 2795 1681 2840 denique
1720 2805 1848 2833 eorum
1875 2801 1945 2838 est,

163 2858 254 2906 (sive
279 2871 400 2899 mares
427 2863 511 2907 sint,
537 2865 613 2901 sive
640 2866 810 2910 feminae,
836 2867 913 2904 sive
939 2868 1141 2914 coniugati)
1168 2870 1231 2915 qui
1260 2870 1362 2907 nullo
1389 2877 1561 2917 suscepto
1587 2872 1727 2918 habitu,
1753 2882 1822 2909 nec
1849 2874 1947 2910 inito

164 2934 248 2968 voto
276 2932 483 2977 pefectioris
511 2935 614 2978 vitae,
643 2937 808 2982 regulam
836 2938 1060 2983 profitentur,
1087 2950 1180 2985 quae
1217 2940 1319 2978 nullo
1347 2941 1457 2978 modo
1485 2952 1549 2980 eos
1575 2943 1715 2989 obligat
1741 2953 1787 2980 ne
1815 2945 1943 2981 venia·

163 3001 247 3040 liter
270 3005 433 3051 quidem.
460 3008 503 3044 Hi
530 3009 757 3054 regularium
785 3011 1024 3057 indulgentiis
1050 3017 1086 3049 at
1112 3022 1185 3049 non
1211 3013 1415 3060 privilegiis
1441 3015 1675 3062 participant.

283 3073 294 3094 ¹
323 3075 418 3112 Trid.
445 3076 554 3114 Conc.
582 3079 677 3116 Sess.
705 3080 809 3117 XXV
835 3081 879 3117 de
908 3083 1047 3128 Regul„
1074 3093 1151 3129 cap.
1180 3083 1278 3121 XIX.
