2176 3386
286 191 365 232 194
926 203 1038 232 PARS
1067 204 1091 232 1.
1126 204 1183 232 DE
1211 203 1424 233 Pssnsoms

285 309 474 355 alternis
494 314 785 369 praesentare
799 313 830 366 ¹,
848 316 928 356 aut
946 311 1030 355 nisi
1050 311 1183 357 aliter
1199 311 1332 357 alicui
1354 312 1588 369 paroeciae
1607 312 1834 370 provideri
1853 327 1946 358 non
1965 327 2063 372 pos·

285 392 387 450 sit23
410 407 494 438 nec
519 393 736 438 benelicia
773 394 982 438 diversae
1014 394 1234 439 dioecesis
1257 394 1378 439 inter
1409 408 1456 440 se
1473 394 1503 440 ³.
1540 395 1651 440 Heic
1673 409 1783 441 vero
1807 397 2063 441 notandum

285 481 369 531 est,
391 477 749 536 suppressiones,
772 477 1038 534 divisiones,
1059 478 1255 523 uniones
1272 479 1451 524 odiosas
1468 492 1565 524 esse
1583 484 1628 524 et
1646 479 1922 525 considerari
1947 483 2063 523 tam-

284 573 420 618 quam
445 560 770 617 alienatione53
809 562 928 604 unde
952 562 1159 620 sequitur
1179 575 1272 616 eas,
1299 567 1348 606 nt
1373 566 1496 606 ratae
1518 561 1628 617 sint,
1653 561 1749 607 fieri
1774 576 1866 607 non
1898 563 2065 607 debere

285 643 371 687 nisi
394 658 450 687 ex
487 658 667 702 magna
685 650 729 689 et
763 645 966 689 evidenti
995 645 1220 690 Ecclesiae
1245 647 1516 691 necessitate
1553 647 1622 691 vel
1647 645 1862 703 utilitate,
1888 647 2067 691 vocatis

283 728 498 772 omnibus
529 742 722 787 quornm
749 728 957 783 interest,
983 743 1180 788 cumque
1203 742 1429 774 consensu
1452 733 1551 774 tum
1576 730 1768 788 Capituli
1792 728 2067 774 cathedralis

287 812 528 867 Ecclesiae,
566 811 650 856 nisi
690 812 933 870 Episcopus
965 816 1201 870 tamquam
1241 813 1479 870 Delegatus
1511 812 1634 857 Sedis
1661 813 1942 871 Apostolicae
1967 827 2066 871 pro·

283 895 431 950 cedat,
469 897 540 939 vel
566 895 685 939 aliud
710 894 1043 939 consuetudine
1069 895 1307 939 inductum
1331 894 1405 950 sit,
1431 900 1529 939 tum
1555 909 1714 940 eorum
1737 910 1931 955 quorum
1967 897 2063 940 iura

283 994 340 1024 ex
364 979 631 1034 abolitione,
657 979 723 1022 dix
740 979 901 1033 isione,
926 979 1098 1023 unione
1125 980 1238 1023 sorte
1262 979 1569 1023 laederentur.
1608 982 1663 1023 At
1686 992 1792 1023 vero
1815 978 1849 1023 si
1874 979 2067 1022 evidens

284 1062 534 1107 necessitas
567 1067 743 1119 urgeat,
780 1062 886 1106 licet
914 1062 1129 1120 Episcopo
1163 1062 1231 1106 bis
1253 1062 1393 1106 etiam
1418 1067 1465 1106 et
1486 1061 1692 1119 Capitulo
1715 1061 1880 1116 invito,
1906 1066 2061 1120 atque,

284 1145 328 1189 in
366 1146 590 1202 parochiis
622 1145 881 1190 dividendis
916 1150 1097 1204 propter
1130 1147 1333 1191 locorum
1358 1146 1643 1199 distantiam,
1671 1146 1818 1190 invito
1846 1147 2063 1200 Parocbo,

283 1229 522 1287 providere
558 1230 834 1274 necessitati.
875 1235 994 1275 l-laec
1030 1244 1138 1274 vero
1171 1244 1287 1288 quae
1320 1230 1374 1274 de
1407 1230 1634 1275 divisione
1668 1235 1714 1274 et
1735 1244 1960 1275 consensu
1984 1234 2062 1276 Ca-

283 1311 411 1369 pituli
447 1311 664 1367 diximus,
701 1313 987 1358 observanda
1022 1318 1129 1357 sunt
1163 1314 1303 1358 etiam
1339 1313 1385 1357 in
1419 1313 1843 1369 dismembratione,
1879 1314 2064 1373 quando

281 1395 455 1439 scilicet
486 1396 635 1455 aliqua
672 1396 787 1440 bona
821 1410 900 1441 seu
934 1396 1138 1441 redditus
1170 1396 1363 1441 alicuius
1395 1397 1612 1441 ecclesiae
1648 1397 1720 1441 vel
1755 1396 1963 1441 beneficii
1996 1412 2063 1442 se-

283 1483 503 1535 parantur
535 1479 757 1538 alterique
791 1480 1012 1524 beneficio
1060 1480 1127 1523 vel
1171 1479 1389 1523 ecclesiae
1432 1479 1735 1536 applicantur.
1787 1506 1841 1510 —-
1892 1481 2064 1524 Poterit

286 1563 528 1621 Episcopus
563 1563 871 1620 indulgentias
904 1563 1025 1607 intra
1062 1563 1230 1606 limites
1262 1577 1286 1606 a
1312 1563 1408 1606 iure
1433 1561 1601 1620 positos
1626 1561 1867 1620 impertiri,
1895 1562 2065 1619 gratias

281 1661 334 1690 ac
369 1646 603 1704 privilegia
638 1661 754 1705 quae
791 1660 880 1689 non
916 1646 1008 1690 sint
1041 1651 1201 1690 contra
1236 1645 1304 1689 ius
1337 1658 1611 1699 commune,
1648 1649 1728 1689 aut
1772 1650 1932 1688 contra
1978 1648 2060 1689 Ro-

281 1730 406 1774 mani
444 1728 674 1773 Pontificis
709 1729 1045 1773 reservationes
1078 1728 1275 1786 elargiri,
1313 1728 1407 1785 pias
1433 1740 1587 1785 preces
1613 1728 1843 1784 <collectas
1872 1729 2059 1782 vocant)

282 1813 447 1857 missae
479 1812 702 1857 sacrificio
725 1812 906 1867 addere,
933 1817 1012 1855 ant
1034 1811 1172 1855 ctiam
1198 1811 1366 1855 ieiunia
1391 1810 1608 1865 indicere,
1635 1811 1913 1869 veniamque
1936 1823 2059 1867 prae-

279 1896 458 1942 dicandi
497 1897 711 1940 tribuere.
753 1896 920 1940 Poterit
953 1895 1273 1940 antlienticare
1308 1894 1536 1954 reliquias.
1582 1899 1679 1948 Qua
1712 1894 1896 1952 quidem
1932 1893 1976 1937 in
2012 1908 2062 1938 re

280 1985 444 2025 caveat
481 1980 745 2038 Episcopus:
790 1981 824 2031 1)
858 1993 914 2022 ne
950 1984 1122 2023 temere
1155 1992 1208 2022 ac
1242 1978 1339 2022 sine
1365 1983 1543 2022 matura
1568 1976 1935 2022 consideratione
1961 1991 2061 2035 pro·

279 2062 426 2106 cedat.
463 2062 580 2106 Hinc
615 2060 878 2105 'tridentina
914 2060 1124 2117 Synodus
1156 2074 1263 2104 sess.
1305 2063 1421 2105 XXV
1456 2059 1663 2104 decrevit
1696 2063 1745 2102 ut
1773 2058 1975 2117 Episcopi
2003 2059 2058 2102 ad

281 2146 322 2189 id
350 2145 515 2202 negotii
543 2146 585 2189 in
612 2144 854 2189 consilium
880 2144 1128 2188 adhibeant
1151 2144 1384 2201 theologos
1406 2143 1608 2202 aliosque
1635 2143 1756 2189 viros
1780 2143 1890 2200 pios.
1932 2142 2060 2195 Quod

279 2228 315 2273 Si
349 2228 498 2287 aliqua
533 2229 716 2286 gravior
749 2226 954 2286 quaestio
991 2227 1217 2282 inciderit,
1254 2226 1617 2270 controversiam
1656 2239 1746 2269 non
1769 2224 1954 2269 dirimat
1980 2239 2058 2268 an-

279 2315 465 2369 tequam
504 2310 838 2368 Mctropolitani
876 2316 921 2355 el.
954 2309 1415 2366 comprovincialium
1443 2309 1764 2367 Episcoporum
1790 2308 1833 2351 in
1859 2307 2062 2352 Concilio

398 2436 406 2454 ¹
436 2438 513 2473 Leo
542 2437 724 2472 Tuusaua.
754 2437 837 2472 For.
866 2437 946 2472 eccl.
976 2436 1037 2471 lib.
1066 2436 1108 2470 ΙΙ.
1139 2434 1254 2476 16,11ι
1282 2446 1328 2471 ex
1356 2435 1389 2471 S.
1418 2434 1532 2478 cong.
1560 2435 1670 2470 Cone.

398 2508 410 2526 ²
439 2508 539 2544 Conf.
566 2509 724 2544 leAEUS
750 2508 802 2543 De
828 2518 959 2543 eaecess.
984 2508 1100 2552 prael.
1132 2508 1239 2542 (jons.
1266 2506 1299 2541 5.

399 2580 411 2599 ³
439 2581 586 2616 Praeter
614 2581 703 2615 baec
730 2589 823 2625 quac
853 2579 994 2615 ratione
1021 2589 1193 2625 personae
1226 2582 1411 2613 reservata
1447 2581 1543 2618 sunt,
1582 2577 1724 2611 ratione
1761 2576 1916 2622 beneficii
1948 2585 2064 2612 reser-

280 2657 409 2689 vantur
437 2652 624 2688 Ecclesiae
651 2650 905 2694 cathedrales;
933 2650 1158 2686 monasteria
1185 2648 1461 2685 concistorialia
1500 2657 1594 2692 quae
1621 2646 1692 2683 200
1734 2646 1897 2682 florenos
1931 2646 2057 2682 valore

279 2724 478 2768 excedunt3
507 2724 666 2759 maiores
692 2722 891 2767 dignitates
918 2721 1187 2758 cathedralium
1215 2726 1250 2756 et
1278 2721 1417 2765 primae
1444 2718 1731 2764 Collegiataruin
1758 2726 1853 2762 quae
1882 2716 1925 2753 10
1950 2715 2062 2752 flore-

278 2805 346 2831 nos
372 2795 496 2831 valoi·e
523 2794 717 2836 excedunt,
744 2794 933 2831 Prioratus
961 2798 995 2829 et
1022 2792 1116 2828 aliae
1143 2792 1343 2837 dignitates
1378 2789 1641 2826 conventuales
1671 2793 1740 2824 etc.
1791 2788 1945 2823 Ratione
1971 2796 2057 2823 vero

278 2868 448 2914 temporis
474 2871 707 2903 reservantur
735 2865 914 2902 beneficia
939 2873 1034 2910 quae
1061 2869 1194 2900 vacant
1219 2862 1443 2908 (incipiendo
1469 2871 1490 2896 a
1517 2860 1706 2906 Ianuario)
1733 2859 1924 2895 mensibus
1949 2858 2055 2894 alter-

277 2939 391 2975 natim
418 2939 587 2984 sumptis,
613 2939 644 2974 si
671 2938 827 2973 collator
853 2937 899 2972 sit
928 2936 1134 2981 Episcopus
1166 2940 1201 2970 et
1237 2934 1272 2969 in
1310 2933 1470 2969 dioecesi
1507 2932 1686 2973 resideat,
1722 2931 1819 2967 binis
1854 2934 1975 2966 autem
2010 2938 2057 2965 cx

278 3011 396 3047 tribus
423 3010 605 3056 quibusve
632 3008 754 3055 quoad
781 3008 943 3054 reliquos
970 3006 1177 3048 collatores,
1205 3014 1300 3050 quae
1327 3008 1450 3040 tamen
1469 3003 1668 3057 reservatio
1687 3006 1808 3038 cessat
1829 3010 1893 3046 per
1911 3000 1947 3037 id
1965 3005 2058 3036 tem·

278 3093 347 3129 pus
374 3092 448 3128 quo
475 3081 586 3118 Sedes
614 3080 829 3126 Apostolica
857 3083 972 3120 vacat,
999 3082 1034 3115 et
1061 3077 1135 3114 alia
1159 3077 1204 3114 de
1230 3076 1366 3123 quibus
1392 3075 1436 3111 cf.
1463 3075 1650 3112 Fssmums
1667 3073 1712 3110 V.
1730 3072 1960 3118 Beneficium.

2122 3109 2135 3183 ‘a‘
