2176 3386
235 205 288 245 92
907 215 1017 244 PARS
1046 216 1086 243 11.
1122 215 1179 243 DE
1211 215 1349 244 izi-:Bos

238 320 348 366 sitas
381 321 559 379 exigat3
595 334 775 366 summa
811 325 968 366 tamen
1001 318 1352 378 scrupulositate
1378 319 1613 378 ‘agendum
1647 320 1691 365 id
1724 325 1811 375 est,
1847 323 1898 365 ut
1933 320 2015 366 sci-

238 403 345 449 licet
377 418 480 448 cum
507 404 658 449 oleum
681 403 926 462 aliquando
958 403 1153 449 deficere
1178 402 1250 448 vel
1282 417 1375 449 non
1404 404 1610 449 sufficere
1644 417 1772 462 posse
1805 403 2019 449 videatur

237 500 387 546 neque
419 487 540 532 aliud
574 486 866 531 benedictum
902 486 1058 531 haberi
1091 490 1255 546 queat,
1292 486 1471 532 modico
1509 487 1608 532 oleo
1650 501 1741 532 non
1775 487 2019 532 benedicto

236 571 284 616 in
306 571 471 617 minori
494 571 753 631 quantitate
777 570 1067 629 superinfuso
1090 574 1343 629 reparetur.
1381 574 1535 616 Potest
1557 576 1712 616 autem
1745 571 1896 616 oleum
1919 585 2014 617 non

237 654 531 700 benedictum
567 654 770 712 pluribus
802 654 980 699 vicibus
1023 654 1265 699 benedicto
1308 654 1649 713 super-infundi,
1685 655 1746 700 ita
1782 659 1833 699 ut
1864 656 2016 700 oleum

236 737 469 791 additum,
505 737 804 782 consideratis
845 737 1059 782 omnibus
1099 738 1407 783 additionibus
1439 738 1593 794 simul,
1631 753 1721 783 non
1755 739 1835 784 flat
1874 752 2019 798 quan-

236 819 343 864 titas
379 821 523 865 maior
557 821 783 866 benedicti
808 821 841 865 ¹.

983 1071 1161 1116 CAPUT
1194 1073 1267 1114 VI.

938 1204 1012 1239 DE
1063 1202 1317 1239 ORDINE.

354 1323 455 1367 794.
497 1326 599 1367 Esse
632 1322 678 1366 in
718 1321 915 1367 Ecclesia
961 1321 1187 1366 catholica
1233 1321 1537 1367 hierarchiam
1571 1322 1794 1367 divinitus
1836 1322 2019 1367 institu-

239 1410 348 1461 tam,
384 1419 500 1463 quac
534 1409 717 1450 constat
739 1420 796 1449 ex
825 1405 1069 1463 Episcopis‚
1096 1405 1379 1463 Presbyteris
1402 1410 1448 1450 et
1473 1405 1708 1460 Ministris,
1734 1406 1898 1464 dogma
1928 1410 2017 1461 est,

233 1490 354 1549 quod
387 1490 555 1548 absque
591 1488 693 1533 fidei
725 1489 901 1533 iactura
939 1489 1056 1533 xerti
1089 1488 1225 1533 dubio
1259 1503 1352 1533 non
1388 1492 1550 1547 potest.
1586 1493 1709 1533 Haec
1731 1494 1888 1534 autem
1922 1489 2014 1534 hic·

234 1573 412 1618 rarchia
449 1587 540 1618 non
574 1577 626 1616 ut
658 1572 704 1617 in
730 1573 877 1618 veteri
911 1576 1191 1617 testamento
1224 1572 1396 1617 carnali
1430 1572 1726 1630 generatione
1761 1576 1806 1616 et
1838 1585 2014 1617 succes·

234 1658 362 1702 sione
396 1657 631 1711 fundatur,
657 1656 735 1700 sed
768 1655 992 1701 electione
1027 1659 1072 1699 et
1104 1655 1393 1701 ordinatione
1426 1655 1660 1710 statuitur,
1684 1669 1773 1714 qua
1807 1654 2021 1700 homines

234 1755 259 1785 a
297 1745 387 1785 Deo
422 1739 575 1785 vocati
608 1743 654 1784 et
686 1753 745 1784 ex
780 1738 1020 1783 bominum
1054 1738 1229 1797 reliquo
1262 1737 1503 1796 assumpti,
1529 1737 1813 1797 diversisque
1846 1737 1892 1781 in
1916 1751 2012 1795 gra-

233 1825 365 1870 dibus
398 1824 655 1878 constituti,
691 1822 850 1867 divino
883 1822 1210 1880 mancipantur
1242 1821 1458 1881 obsequio
1491 1825 1538 1866 et
1569 1821 1725 1866 altaris
1746 1820 2019 1866 deserviunt.

233 1907 471 1954 sacrificio
511 1907 627 1951 Hinc
658 1907 779 1951 Ordo
811 1909 880 1950 est
914 1909 1263 1950 Sacramentum
1298 1918 1387 1964 quo
1420 1904 1643 1949 stabiliter
1678 1908 1877 1962 potestas
1909 1917 2019 1949 con-

234 1993 380 2037 fertur
412 1992 468 2036 ad
501 1990 863 2036 consecrandam
918 1989 1248 2035 Eucharistiam
1283 1992 1330 2034 et
1361 1988 1415 2033 ad
1449 1988 1534 2033 alia
1575 1988 1881 2034 ecclesiastica
1931 1987 2017 2032 mi-

234 2076 421 2121 nisteria
459 2075 543 2119 rite
576 2074 804 2119 obeunda.

353 2171 454 2223 7952
493 2169 684 2215 Materia
720 2173 896 2213 remota
930 2171 1000 2213 est
1033 2181 1104 2212 res
1136 2181 1252 2226 quae
1286 2167 1505 2223 traditur,
1544 2167 1752 2225 proxima
1789 2167 1887 2212 eius
1923 2171 2018 2212 tra-

232 2253 361 2298 ditio.
398 2256 511 2298 Cum
536 2266 646 2297 vero
669 2252 716 2295 in
742 2250 998 2295 minoribus
1019 2250 1265 2295 Ordinibus
1287 2250 1530 2299 tradantur
1550 2250 1877 2305 instrumenta,
1903 2249 2013 2294 hinc

233 2340 303 2381 est
335 2336 455 2395 quod
490 2334 682 2380 materia
715 2333 989 2379 Ostiariatus
1021 2337 1130 2377 sunt
1158 2333 1312 2378 claves
1344 2333 1580 2388 ecclesiae,
1607 2338 1873 2379 Lectoratus
1903 2333 2020 2378 liber

233 2432 468 2464 sacrarum
512 2417 762 2463 lectionum
799 2417 870 2461 vel
913 2415 1278 2474 Scripturarum,
1323 2416 1635 2461 Exorcistatus
1682 2415 1794 2461 liber
1839 2415 2013 2461 exorci-

232 2514 456 2556 smorum,
498 2499 800 2558 Acolythatus
832 2498 1004 2544 urceoli
1037 2503 1083 2544 et
1114 2498 1440 2543 candelabrum
1474 2511 1580 2543 cum
1614 2512 1747 2543 cereo
1787 2497 2013 2543 extincto.

234 2584 461 2630 Maiorum
496 2597 607 2629 vero
640 2587 736 2638 est,
773 2583 819 2627 in
855 2582 1192 2627 Subdiaconatu
1225 2582 1317 2627 sola
1355 2582 1771 2627 instrumentorum
1810 2579 2013 2636 traditio,

233 2666 276 2711 id
309 2671 379 2712 est
411 2666 530 2711 calix
556 2679 730 2711 vacuus
762 2679 868 2709 cum
904 2669 1070 2723 patena
1094 2679 1241 2710 vacua
1265 2678 1318 2709 ac
1350 2664 1451 2710 libri
1489 2663 1822 2722 Epistolarum3
1862 2662 2016 2707 Diaco-

232 2755 370 2796 natus
402 2750 633 2809 impositio
667 2762 833 2795 manus
865 2752 912 2794 et
943 2748 1057 2794 liber
1092 2749 1472 2807 Evangeliorum;
1524 2747 1900 2806 Praesbyteratus
1930 2746 2015 2791 im-

232 2833 398 2892 positio
431 2847 674 2890 manuum,
701 2832 821 2878 calix
845 2847 951 2877 cum
976 2832 1087 2877 vino
1109 2837 1156 2877 et
1179 2836 1342 2889 patena
1377 2845 1483 2877 cum
1518 2831 1680 2877 hostia.
1719 2830 2018 2889 Episcopatus

233 2930 344 2961 vero
368 2917 560 2962 materia
585 2921 683 2961 tum
708 2920 884 2961 remota
909 2930 1047 2976 quam
1073 2915 1281 2974 proxima
1305 2919 1374 2960 est
1394 2915 1487 2960 sola
1510 2913 1741 2974 impositio
1769 2926 2010 2959 manuum.

351 3093 358 3111 ¹
390 3095 423 3132 S.
451 3093 585 3140 Congr.
614 3094 683 3130 Ril.
710 3094 755 3130 25
781 3099 872 3140 sept.
902 3093 1003 3131 1682.
