2176 3386
529 217 655 245 LIBER
686 217 709 244 1.
742 217 798 244 DF,
829 217 967 245 REBUS
997 217 1232 246 ECCLESIAE
1261 218 1587 247 SPIRITUALIBUS
1874 207 1946 248 101

166 338 254 383 que
287 324 334 368 in
369 324 493 379 locis,
530 324 604 371 ubi
638 324 826 383 impune
860 330 1127 381 grassantur
1166 326 1378 371 haereses
1401 326 1434 369 ¹.
1469 327 1514 383 4)
1542 326 1698 386 Oritur
1736 341 1794 372 ex
1827 327 1948 372 defe-

167 411 241 452 ctu
277 406 381 452 fidei
414 407 701 462 obfirmatae,
738 412 788 453 ut
822 408 867 452 in
901 408 1146 467 neophitis.

284 491 387 536 825.
424 491 629 536 Secunda
654 491 964 549 irregularitas
987 492 1196 550 imposita
1232 497 1301 537 est
1323 492 1557 537 carentiae
1593 494 1814 538 bonorum
1851 507 1948 538 cor-

167 557 308 633 poris,
343 589 459 634 quae
492 579 600 622 sunt
632 574 907 632 integritaS,
931 575 1188 632 proportio,
1224 589 1278 620 ac
1311 575 1499 620 sanitas.
1557 579 1638 620 Per
1672 576 1948 633 integritatis

165 659 396 703 defectum
421 657 690 715 intelligitur
715 657 899 711 vitium,
935 658 992 702 ob
1013 657 1134 717 quod
1160 671 1351 702 munera
1376 658 1688 703 ecclesiastica
1713 658 1815 718 quis
1839 672 1943 702 cum

165 740 387 798 dignitate
419 754 635 784 exercere
669 754 760 783 non
797 740 953 798 possit,
982 741 1051 784 vel
1085 754 1238 797 aegre,
1265 745 1312 784 et
1334 740 1566 785 indecore.
1602 745 1698 785 Hac
1730 741 1785 785 de
1809 754 1943 786 causa

167 823 436 880 irregulares
467 827 600 867 sunt:
639 825 682 875 a)
722 822 853 877 muti,
889 822 1030 876 surdi,
1066 828 1113 866 et
1145 823 1292 880 caeci,
1329 825 1368 878 b)
1406 824 1661 882 epileptici3
1697 826 1736 882 c)
1771 824 1847 883 qui
1875 825 1943 869 vel

167 919 330 950 manus
365 905 534 950 liabent
565 909 844 963 amputatas,
885 906 955 950 vel
990 911 1151 950 carent
1184 906 1336 963 digitis
1371 907 1549 964 pollice,
1575 910 1622 951 et
1655 906 1823 961 indice,
1852 921 1943 951 non

165 989 288 1034 enim
323 989 359 1033 si
393 994 553 1034 carent
576 989 727 1046 digitis
759 989 874 1045 aliis,
903 990 987 1033 nisi
1024 989 1066 1034 id
1090 1004 1249 1035 eorum
1275 992 1406 1048 culpa
1441 990 1675 1046 evenerit3
1717 991 1763 1047 d)
1798 991 1946 1035 abste-

167 1072 262 1128 mii,
296 1073 372 1132 qui
405 1073 469 1117 sic
501 1073 751 1118 abhorrent
782 1088 807 1118 a
842 1073 967 1129 vino,
995 1078 1043 1117 ut
1066 1074 1121 1118 ad
1149 1074 1374 1119 xomitum
1411 1079 1739 1133 provocentur,
1764 1075 1945 1119 eadem-

164 1169 250 1214 que
286 1155 479 1210 ratione,
515 1156 591 1215 qui
629 1157 846 1201 tremulas
880 1157 1050 1201 habent
1086 1171 1266 1212 manus,
1295 1162 1344 1201 ut
1380 1158 1510 1202 facile
1545 1158 1734 1217 calicem
1772 1158 1946 1215 possint

163 1239 424 1295 effundere3
460 1242 643 1284 demum
680 1241 718 1296 e)
752 1240 828 1299 qui
863 1254 1051 1298 corpore
1086 1241 1149 1286 sic
1183 1242 1413 1286 deformes
1446 1246 1569 1296 sunt,
1608 1246 1658 1285 ut
1690 1242 1744 1285 ad
1783 1242 1941 1297 risum,

163 1326 209 1366 et
241 1327 558 1381 contemptum
595 1328 833 1378 moveant,
860 1323 991 1367 cuius
1024 1324 1329 1369 deformitatis
1365 1324 1581 1369 iudicium
1612 1324 1816 1382 Episcopi
1844 1338 1944 1382 pru-

163 1405 345 1450 dentiae
379 1405 653 1465 relinquitur
680 1407 711 1449 ².

281 1490 381 1533 826.
419 1489 566 1534 Tertia
593 1490 900 1547 irregularitas¹
923 1490 1068 1534 oritur
1090 1506 1147 1535 ex
1172 1491 1352 1536 defectu
1387 1496 1550 1536 status.
1588 1496 1685 1537 Huc
1711 1491 1943 1550 pertinent

162 1573 367 1618 defectus
392 1575 642 1628 nalaliwn,
664 1575 902 1624 libertatis,
923 1575 1070 1619 bonae
1092 1574 1270 1632 lamae,
1299 1579 1604 1620 sacramenti.
1643 1576 1757 1620 Hinc
1791 1576 1830 1620 1⁰
1851 1575 1942 1619 ille-

162 1656 306 1710 gitimi
341 1670 518 1712 omnes,
554 1657 669 1701 idest
701 1662 831 1702 extra
869 1658 1051 1715 nuptias
1086 1659 1198 1711 nati,
1236 1659 1506 1716 irregulares
1539 1666 1802 1704 censentur.
1846 1663 1940 1704 Iam

163 1738 207 1782 in
242 1739 395 1794 dubio,
420 1754 479 1784 an
514 1740 614 1798 quis
639 1745 774 1784 natus
807 1741 864 1785 sit
899 1741 943 1784 in
980 1742 1150 1800 nuptiis
1174 1741 1437 1799 illegitimis,
1465 1743 1702 1788 habendus
1735 1748 1804 1787 est
1828 1749 1943 1787 tam·

161 1836 298 1880 quam
336 1822 577 1879 legitimus.
634 1825 833 1881 Expositi
871 1839 995 1879 veru,
1032 1840 1136 1869 eum
1174 1831 1527 1883 praesumantur
1565 1840 1662 1870 esse
1700 1826 1938 1883 illegitimi,

161 1905 484 1963 dispensantur
515 1907 568 1950 ad
605 1909 849 1952 cautelam.
905 1913 1039 1952 t’orro
1089 1909 1200 1953 baec
1245 1909 1556 1966 irregularitas
1592 1910 1763 1953 tollitur
1798 1909 1940 1967 legiti-

163 1988 381 2044 matione,
420 2004 535 2048 quae
569 1989 620 2034 fit
654 2005 731 2048 per
767 1991 1038 2050 rescriptum
1075 1992 1249 2037 Summi
1290 1993 1535 2045 rontilieis,
1563 1994 1634 2037 x‘el
1662 2008 1739 2052 per
1774 1994 1942 2051 profes·

161 2071 334 2116 sionem
370 2073 646 2130 religiosam,
675 2075 783 2129 (non
810 2079 964 2119 tamen
992 2090 1070 2133 pro
1095 2076 1366 2134 praelaturis
1389 2076 1485 2120 sive
1512 2076 1821 2121 saecularibus
1844 2076 1940 2120 sive

163 2155 487 2211 regularibus),
526 2155 595 2199 vel
630 2170 709 2214 per
741 2157 1023 2216 subsequens
1058 2158 1422 2202 matrimonium.
1478 2159 1667 2203 Tollitur
1707 2163 1939 2216 praeterea

161 2236 523 2295 dispensatione,
558 2253 694 2297 quam
737 2243 952 2284 Summus
986 2242 1195 2286 Pontifex
1241 2242 1361 2286 solus
1400 2257 1479 2300 pro
1514 2242 1654 2287 sacris
1686 2243 1937 2298 ordinibus,

162 2319 391 2364 beneficiis
424 2321 611 2376 curatis,
636 2326 683 2365 et
705 2321 1003 2380 dignitatibus
1025 2324 1336 2381 Capitulorum
1370 2325 1657 2383 impertitum
1699 2325 1941 2382 Episcopus

159 2407 314 2446 autem
350 2417 429 2460 pro
462 2403 607 2461 prima
644 2412 856 2459 tonsura,
895 2406 1148 2450 minoribus
1181 2408 1443 2463 ordinibus,
1478 2414 1524 2451 et
1558 2407 1789 2452 beneficiis
1834 2408 1940 2452 sim-

160 2485 380 2543 plicibus,
416 2501 532 2546 quae
566 2487 771 2532 ordinem
809 2503 988 2534 sacrum
1025 2504 1115 2533 non
1151 2491 1359 2548 exigunt.
1408 2494 1455 2535 2⁰
1494 2495 1555 2535 Ex
1591 2491 1772 2535 defectu
1809 2491 1940 2536 liber-

160 2568 267 2612 tatis
290 2568 560 2626 irregulares
581 2575 714 2614 sunt:
757 2573 792 2627 t)
821 2572 959 2627 servi,
986 2573 1174 2625 scilicet,
1205 2574 1278 2632 qui
1304 2588 1361 2618 ex
1388 2574 1483 2618 iure
1508 2573 1712 2631 gentium
1740 2575 1941 2619 subeunt

159 2650 449 2706 servitutem,
474 2651 561 2695 nisi
585 2652 758 2696 domini
782 2653 1060 2698 ordinationi
1084 2670 1244 2700 eorum
1269 2657 1613 2712 consenserint,
1643 2659 1683 2713 2)
1704 2656 1733 2700 ii
1757 2671 1934 2711 omues,

158 2733 234 2793 qui
268 2749 325 2778 ex
362 2748 552 2779 munere
589 2737 658 2780 vel
692 2737 839 2781 officio
875 2738 945 2782 vel
980 2739 1162 2796 negotio
1195 2740 1415 2784 saeculari
1451 2741 1627 2785 clericis
1673 2741 1933 2794 interdicto,

278 2944 287 2963 ¹
317 2943 448 2990 Congr.
476 2945 510 2981 S.
538 2945 604 2982 Off.
631 2946 677 2982 ad
704 2947 770 2992 Ep.
798 2947 1007 2984 Hal-lamen.
1034 2949 1092 2984 dic
1119 2949 1140 2984 9
1169 2949 1245 2985 iulii
1276 2949 1375 2985 1884.

277 3017 289 3035 ²
316 3017 378 3052 lus
404 3017 642 3063 dispensandi
680 3019 717 3054 in
756 3019 1019 3065 irregularibus
1046 3021 1093 3056 ob
1124 3021 1305 3058 detectum
1332 3022 1520 3067 corporis,
1550 3023 1704 3067 pertinet
1731 3024 1774 3059 ad
1803 3024 1938 3060 Roma-

157 3095 246 3123 num
274 3087 503 3124 Pontificem.
