2176 3386
498 190 629 219 Lmen
656 190 680 218 1.
716 189 773 217 DE
803 187 941 218 mzssus
970 164 1207 215 Eccmsmr:
1235 185 1564 216 SPIRITUALIBUS
1848 175 1926 216 267

145 297 360 356 sbytero,
395 295 482 341 nisi
515 310 574 341 ex
607 293 844 353 privilegio
883 292 1060 338 Summi
1104 291 1350 338 pontificis.
1403 291 1631 337 Ecclesiae
1670 291 1929 338 benedictio

146 381 286 426 etiam
322 378 602 439 presbyteris
632 378 690 424 ab
726 377 942 436 Episcopo
974 374 1204 422 committi
1240 379 1388 432 potest
1416 375 1448 420 ¹.

266 465 399 510 1205.
438 467 574 508 Porro
619 460 906 507 consecratio
944 460 1086 506 semel
1128 460 1248 505 facta
1282 473 1538 519 numquam
1586 458 1805 514 iteratur,
1842 459 1928 504 nisi

149 546 341 592 ecclesia
374 550 613 591 exsecrata
647 544 723 600 sit,
753 544 827 589 vel
859 544 914 588 de
947 542 1046 588 eius
1077 542 1425 588 consecratione
1448 542 1710 599 dubitetur;
1746 555 1929 600 praesu·

146 630 290 676 mitur
321 634 477 675 autem
526 633 821 684 consecrata,
857 628 892 672 si
927 627 970 671 id
1003 630 1186 672 constet
1225 640 1281 670 ex
1325 626 1638 670 instrumento
1682 624 1930 669 dotationis

147 713 281 771 illius,
319 713 392 758 vel
426 727 484 757 ex
517 712 670 757 tabula
704 712 855 771 aliqua
896 724 1186 765 marmorea,
1221 714 1301 754 aut
1333 724 1391 755 ex
1426 709 1639 754 crucibus
1676 708 1723 753 in
1759 709 1931 768 pariete

148 796 363 853 depictis;
399 794 566 840 sufficit
598 794 739 839 etiam
772 793 808 838 si
843 806 962 838 unus
995 792 1113 838 adsit
1147 793 1276 838 testis
1308 806 1518 837 asserens
1555 806 1601 837 se
1636 792 1819 847 vidisse,
1859 793 1930 837 vel

148 879 377 924 audivisse
411 879 582 924 dictam
618 878 858 923 ecclesiam
894 878 1033 922 fuisse
1065 881 1402 922 consecratam.

270 963 397 1007 1204.
437 961 635 1007 Ecclesia
668 964 935 1006 consecrata
969 965 1118 1019 potest
1151 959 1382 1004 exsecrari
1415 959 1485 1004 vel
1521 959 1675 1018 pollui.
1715 963 1928 1004 Exsecra-

146 1047 222 1088 tur
252 1043 518 1103 parietibus,
557 1043 628 1088 vel
660 1043 871 1098 tectorio,
909 1042 1068 1087 maiori
1100 1057 1160 1088 ex
1196 1046 1323 1102 parte
1361 1042 1586 1101 collapsis,
1621 1047 1702 1086 aut
1739 1041 1927 1098 abrasis,

147 1129 220 1172 vel
253 1127 443 1183 exustis,
472 1142 564 1172 non
599 1127 710 1172 item
746 1127 798 1183 si,
835 1127 1000 1173 illaesis
1029 1127 1294 1186 parietibus,
1322 1127 1471 1172 fornix
1499 1127 1572 1171 vel
1606 1126 1929 1185 pax·in1entum

149 1211 404 1256 deciderint
436 1225 522 1256 nec
555 1211 590 1256 si
626 1216 778 1270 partes
800 1211 1019 1256 ecclesiae
1052 1210 1312 1256 successive
1347 1216 1638 1270 reparentur,
1661 1211 1840 1256 etiamsi
1875 1212 1932 1256 ob

149 1295 370 1339 eiusmodi
404 1294 720 1353 reparationes
753 1295 876 1339 nulla
913 1308 1015 1353 pars
1047 1295 1101 1339 de
1137 1294 1273 1353 priori
1307 1294 1514 1340 aedificio
1557 1295 1768 1352 supersit.
1816 1299 1927 1339 ltem

145 1377 391 1423 dicendum
428 1378 610 1423 videtur
648 1379 682 1422 si
723 1378 915 1422 interior
947 1383 1101 1423 crusta
1142 1393 1220 1436 per
1264 1383 1416 1437 partes
1460 1377 1660 1423 minores
1699 1378 1932 1423 reficiatur

148 1461 369 1519 paulatim
407 1466 516 1516 tota,
554 1463 627 1506 vel
661 1462 696 1506 si
730 1461 921 1506 ecclesia
954 1461 1278 1520 amplificetur,
1309 1461 1370 1506 ita
1397 1467 1553 1506 tamen
1590 1466 1640 1505 ut
1672 1474 1776 1520 pars
1809 1474 1930 1505 nova

148 1545 206 1589 sit
239 1543 406 1599 minor,
433 1549 544 1589 tunc
569 1545 694 1589 enim
719 1545 886 1589 sufficit
917 1549 968 1589 ut
1001 1559 1122 1589 noxa
1148 1558 1250 1603 pars
1273 1558 1390 1604 aqua
1416 1543 1589 1588 lustrali
1614 1544 1926 1602 adspergatur.

269 1629 396 1673 1205.
433 1629 655 1673 I'olluitur
695 1628 885 1674 ecclesia
931 1643 1009 1689 per
1041 1629 1191 1688 aliqua
1234 1628 1428 1673 crimina
1472 1629 1518 1672 in
1555 1628 1928 1686 iureffexpressa,

146 1711 339 1756 scilicet:
384 1713 418 1767 l)
448 1714 695 1767 iniuriosa,
734 1712 1009 1757 voluntaria
1041 1718 1081 1756 ec
1114 1714 1327 1769 yravicer
1356 1715 1684 1770 peccaminosa
1728 1711 1933 1756 humani

144 1798 397 1853 sanyuim's
428 1797 651 1854 effusione
685 1799 733 1840 in
766 1797 956 1841 ecclesia
988 1802 1215 1850 causalem
1262 1797 1303 1851 2)
1333 1797 1599 1840 voluntario
1632 1803 1673 1840 ec
1704 1798 1931 1839 iniurioso

146 1879 391 1936 horplicldio
423 1883 498 1924 sai
529 1882 672 1937 ipsius
715 1880 785 1924 vel
832 1880 1029 1924 alterius
1061 1882 1229 1935 eliam,
1266 1880 1368 1924 licet
1401 1893 1496 1923 non
1543 1881 1777 1923 'moriatur
1812 1881 1848 1922 is
1880 1880 1930 1922 in

145 1962 361 2016 ecclesia;
399 1963 440 2019 5)
466 1966 723 2008 criminosa
761 1969 803 2007 et
834 1963 1110 2008 voluntaria
1152 1963 1357 2008 humani
1392 1965 1585 2007 seminis
1624 1962 1848 2020 effusione
1882 1963 1930 2004 in

145 2045 230 2089 illa
263 2044 422 2102 facicm
471 2046 514 2102 4)
551 2049 942 2092 excommunicati
987 2047 1174 2091 vitandi
1213 2047 1283 2091 vel
1315 2047 1519 2105 infidelis
1549 2046 1819 2103 sepultura,
1855 2043 1931 2087 ad·

148 2143 291 2188 eoque
323 2142 408 2174 nec
433 2130 668 2187 haeretici,
694 2130 778 2174 etsi
802 2131 1214 2186 excommunicati,
1242 2145 1327 2175 nec
1362 2130 1612 2187 interdicti,
1638 2129 1722 2174 etsi
1754 2127 1930 2173 vitandi

149 2212 236 2257 nisi
270 2213 443 2257 fuerint
476 2214 752 2258 nominatim
799 2214 1076 2258 denuntiati.
1128 2215 1383 2259 Iniidelium
1427 2219 1584 2259 autem
1627 2213 1931 2272 appellatione

150 2310 242 2341 non
266 2297 495 2342 contineri
519 2298 893 2353 catechumenOS,
919 2298 1213 2343 communior
1244 2298 1475 2343 sententia
1499 2303 1583 2354 est,
1611 2313 1695 2343 nec
1729 2298 1932 2342 infantes

149 2394 206 2425 ex
241 2380 505 2425 christianis
539 2380 802 2438 parentibus
835 2381 949 2437 nali,
986 2382 1155 2426 mortui
1189 2381 1288 2426 sine
1324 2382 1565 2440 baptismo.

272 2464 398 2508 1206.
439 2467 574 2508 Porro
606 2463 643 2508 si
676 2463 867 2509 ecclesia
904 2464 1163 2524 polluatur,
1200 2465 1259 2509 ibi
1295 2464 1535 2510 immolare
1569 2466 1642 2510 vel
1676 2464 1833 2510 divina
1866 2466 1931 2510 os—

149 2545 250 2591 ficia
285 2560 498 2604 peragere
531 2551 600 2590 est
633 2547 791 2602 nefas,
826 2546 937 2606 quin
985 2547 1108 2606 prius
1142 2549 1466 2593 reconcilietur
1489 2548 1519 2593 ².
1573 2553 1695 2594 Haec
1731 2549 1931 2594 reconci-

149 2628 293 2684 liatio,
329 2628 365 2672 si
398 2628 589 2674 ecclesia
621 2635 691 2674 est
723 2635 1009 2686 consecrata,
1037 2631 1135 2676 fieri
1169 2632 1302 2676 debet
1335 2632 1391 2676 ab
1428 2631 1661 2690 Episcopo,
1687 2630 1723 2676 si
1748 2635 1931 2676 tantum

149 2710 408 2766 benedicta,
443 2725 469 2756 a
500 2713 736 2757 sacerdote
769 2711 866 2757 fieri
901 2718 1066 2772 potest.
1106 2717 1274 2759 Verum
1309 2714 1345 2759 si
1379 2715 1549 2772 polluta
1583 2714 1722 2758 fuerit
1752 2728 1834 2772 per
1865 2714 1932 2758 in-

271 2906 277 2923 ¹
307 2905 442 2941 Bened.
470 2906 568 2949 XIV,
595 2905 719 2943 Const.
746 2907 808 2944 Ea:
834 2908 906 2944 tuis
934 2907 977 2944 16
1003 2918 1087 2946 nov.
1119 2907 1221 2945 1748.

270 2976 282 2995 ³
309 2977 345 3015 Si
374 2977 412 3013 in
438 2978 593 3015 transitu
620 2979 805 3016 exercitus
832 2980 969 3017 milites
989 2981 1027 3016 in
1045 2980 1170 3026 aliqua
1196 2980 1354 3016 ecclesia
1381 2989 1444 3025 per
1463 2980 1616 3017 biduum
1643 2981 1823 3026 degerint,
1842 2981 1933 3018 haec

151 3047 423 3085 reconcilianda
449 3054 504 3086 est
531 3051 577 3087 ad
603 3051 795 3088 cautelam.
823 3052 912 3088 Pius
930 3051 998 3088 VII
1024 3052 1045 3088 5
1072 3052 1192 3088 martii
1222 3050 1324 3094 1821,
1352 3051 1387 3088 S.
1413 3052 1484 3087 Rit.
1503 3051 1636 3097 Congr.
1654 3051 1699 3088 27
1720 3051 1809 3088 sehr.
1830 3051 1932 3087 1847.
