2176 3386
209 146 290 186 200
497 147 499 151 “
605 164 606 167 ’
883 159 994 189 PAns
1022 160 1062 188 11.
1093 160 1150 188 DE
1179 160 1317 189 nunus

209 266 264 311 de
296 270 419 312 statu
451 267 611 323 libero,
654 267 746 326 peti
785 282 878 313 non
917 273 1068 326 potest
1104 271 1156 313 ut
1186 271 1454 315 iuramento
1500 273 1800 327 nupturienti
1838 271 1989 318 delato

207 349 316 394 liuic
338 349 541 407 defectui
569 337 847 408 suppleatur
881 351 967 396 nisi
1000 351 1046 396 in
1081 353 1262 397 casibus
1293 355 1588 410 necessitatis,
1622 354 1727 398 etsi
1751 358 1913 412 agatur
1933 355 1990 400 de

209 432 361 478 viduis
390 447 507 494 quae
540 433 856 493 probationem
879 434 934 479 de
957 434 1083 479 obitu
1116 435 1325 492 coniugis
1346 439 1584 495 nequeunt
1615 435 1850 492 exhibere,
1876 450 1990 481 non-

210 515 294 560 nisi
329 516 376 561 in
409 530 517 562 casu
550 517 820 563 conceditur
840 532 931 578 quo
947 519 1197 564 accedente
1221 519 1398 577 publica
1423 520 1544 564 tama
1578 518 1767 579 aliisque
1789 519 1988 577 indiciis,

209 598 265 643 de
297 599 504 657 coniugis
535 600 662 644 obitu
696 601 941 659 probabilis
975 601 1285 660 praesumptio
1318 601 1555 647 habeatur.

591 757 608 803 ἓ
634 758 667 794 3.
696 778 737 783 —
767 758 915 803 Quibus
941 759 989 795 de
1017 759 1145 795 causis
1171 759 1415 806 dispensatio
1437 762 1601 806 petatur

761 830 810 866 ab
831 830 1127 877 impedimentis
1145 831 1439 867 dirimentibus.

331 934 458 979 1049.
496 933 579 979 Hic
602 934 774 993 pariter
797 935 1072 993 principium
1098 936 1394 981 recolendum
1419 941 1487 981 est
1509 936 1599 981 iam
1624 950 1758 995 supra
1794 938 1989 982 relatum

206 1017 327 1076 quod
377 1031 542 1075 nempe
590 1017 868 1075 dispensatio
903 1018 993 1075 peti
1028 1032 1121 1062 non
1156 1021 1305 1075 potest
1337 1018 1422 1063 nisi
1455 1033 1513 1064 ex
1547 1018 1675 1076 gravi
1713 1023 1760 1064 et
1792 1018 1990 1064 rationa-

207 1099 281 1143 bili
316 1113 471 1155 causa,
497 1104 543 1145 et
574 1100 759 1159 quidem
783 1105 914 1146 tanto
948 1100 1132 1158 gravior
1161 1115 1297 1146 causa
1322 1101 1585 1161 requiritur,
1610 1106 1784 1161 quanto
1807 1102 1992 1160 gravius

207 1185 275 1226 est
307 1181 709 1239 impedimentum.

331 1265 456 1309 1050.
494 1267 707 1311 Ceterum
743 1269 930 1310 notetur
965 1267 1002 1323 l)
1048 1269 1150 1311 Una
1183 1280 1328 1312 causa
1360 1269 1549 1311 seorsim
1582 1266 1894 1323 insufficiens,
1929 1268 1991 1312 al·

206 1351 303 1392 tera
337 1348 615 1403 accedente,
651 1348 881 1394 sufficiens
929 1349 1026 1394 fieri
1062 1353 1224 1407 potest.
1276 1351 1318 1406 2)
1360 1350 1449 1395 Etsi
1497 1350 1704 1410 superior
1741 1350 1840 1396 sine
1873 1350 1991 1396 iusta

207 1445 343 1476 causa
368 1431 511 1490 possit
533 1431 815 1490 dispensare,
847 1446 939 1477 non
974 1433 1284 1491 praesumitur
1316 1438 1471 1478 tamen
1506 1433 1567 1478 ita
1601 1448 1750 1492 agere.
1796 1435 1836 1489 5)
1876 1435 1992 1479 [nfe-

208 1514 299 1558 rior
329 1517 429 1558 sine
464 1516 584 1559 iusta
617 1527 763 1559 causa
795 1516 1005 1560 invalide
1036 1516 1284 1575 dispensat.
1338 1519 1513 1561 Causae
1546 1521 1836 1575 praecipuae
1874 1532 1991 1577 quae

207 1598 252 1643 in
289 1600 385 1643 iure
419 1599 487 1643 uti
522 1600 802 1644 sufficientes
824 1600 879 1644 ad
903 1600 1150 1658 petendam
1182 1599 1572 1656 dispensationem
1605 1606 1730 1646 sunt:
1770 1603 1808 1658 1)
1836 1607 1991 1659 Anqu-

204 1686 294 1727 stia
328 1683 414 1726 loci
446 1683 545 1727 sive
577 1683 815 1738 absoluta,
852 1683 951 1728 sive
995 1683 1205 1740 relativa,
1243 1685 1308 1730 uti
1342 1686 1378 1729 si
1413 1685 1625 1742 cognatio
1674 1685 1902 1730 foeminae
1946 1686 1990 1730 in

207 1765 305 1809 loco
353 1765 542 1823 originis
575 1765 648 1810 vel
682 1766 901 1811 domicilii
951 1767 1013 1811 ita
1046 1767 1106 1812 sit
1140 1773 1384 1826 propagata
1419 1773 1469 1812 ut
1501 1768 1642 1813 alium
1683 1768 1805 1826 paris
1836 1768 1989 1814 condi-

205 1848 345 1892 tionis
379 1848 591 1893 invenire
625 1853 825 1908 nequeat
864 1849 950 1894 nisi
999 1850 1396 1908 consanguineum
1433 1852 1503 1895 vel
1536 1852 1738 1896 affinem.
1790 1854 1991 1909 Angusta

204 1932 301 1977 loca
337 1937 588 1977 censentur
618 1946 814 1991 quorum
850 1933 1163 1978 inhabitante-s
1211 1947 1302 1978 non
1351 1938 1460 1978 sunt
1496 1935 1614 1978 ultra
1653 1934 1781 1989 1500,
1817 1933 1883 1978 uti
1917 1934 1990 1978 de-

204 2016 400 2062 claravit
422 2016 527 2061 Pius
551 2021 607 2061 lx
631 2016 679 2061 in
702 2031 773 2075 ep.
799 2017 855 2062 ad
879 2018 1008 2062 Card.
1036 2017 1217 2076 Spinola
1244 2018 1589 2062 Pro-datarium
1623 2017 1751 2062 1847.
1788 2019 1830 2074 2)
1860 2023 1991 2063 Aetas

205 2099 443 2157 foeminae
464 2101 816 2157 superadultae.
844 2102 886 2156 5)
912 2100 1123 2157 Defectus
1145 2106 1229 2145 aut
1253 2103 1616 2158 inconyruentia
1642 2100 1772 2144 dotis.
1798 2102 1841 2157 4)
1869 2104 1991 2144 Pau-

203 2189 365 2239 pertas
397 2184 581 2228 viduae.
618 2183 658 2238 5)
697 2186 880 2227 Bonum
911 2186 1060 2240 pacis.
1111 2185 1152 2240 6)
1183 2186 1340 2228 Nimia
1371 2188 1582 2240 suspecta
1618 2183 1882 2240 periculosa
1916 2181 1990 2239 fa-

206 2266 462 2310 miliaritas
508 2266 578 2309 vel
618 2265 894 2311 cohabitatio
926 2267 1007 2310 sub
1039 2267 1195 2310 eodem
1229 2271 1351 2310 tecto.
1386 2266 1428 2322 7)
1458 2265 1629 2323 Copula
1661 2278 1766 2309 cum
1799 2277 1992 2309 consan-

204 2351 382 2406 9ui'nea
405 2350 474 2393 vel
498 2349 643 2408 affini
666 2349 738 2393 vel
761 2348 847 2393 alia
872 2362 1064 2407 persona
1090 2349 1422 2406 impedimento
1446 2349 1682 2393 laborante
1707 2346 1987 2405 praehabita,

205 2436 252 2476 et
284 2431 429 2490 magis
451 2431 487 2475 si
512 2436 760 2477 consecuta
793 2431 851 2476 sit
875 2431 1141 2490 praegnatio
1164 2435 1210 2476 et
1231 2431 1293 2476 ita
1316 2430 1396 2475 fiat
1430 2430 1685 2475 necessaria
1720 2429 1990 2488 legitimatio

205 2514 357 2572 prolis.
395 2515 438 2572 8)
475 2515 691 2572 Infamia
725 2516 937 2559 mulie-ris
959 2530 1013 2559 ex
1033 2517 1293 2571 suspicione
1324 2518 1423 2558 orta
1457 2513 1576 2571 quod
1600 2514 1694 2571 ipsa
1718 2511 1901 2570 cognita
1932 2511 1992 2556 sit

204 2612 228 2642 a
263 2600 626 2657 consanguineo,
662 2598 768 2644 licet
800 2598 997 2656 suspicio
1019 2598 1077 2642 sit
1099 2599 1227 2642 falsa.
1281 2599 1322 2653 9)
1361 2598 1652 2643 Revalidatio
1696 2598 1991 2641 matrimonii

203 2683 323 2741 quod
357 2683 475 2727 hona
510 2683 613 2738 lide,
649 2682 826 2741 publice
859 2686 1042 2726 servata
1090 2682 1236 2726 forma
1269 2680 1536 2725 Tridentina
1585 2683 1879 2725 contractum
1911 2677 1986 2735 sit,

204 2769 251 2810 et
282 2769 439 2809 tamen
474 2765 651 2810 nullum
676 2765 763 2809 fuit
785 2765 842 2810 ob
863 2765 1045 2824 aliquod
1070 2764 1454 2822 impedimentum
1478 2762 1716 2807 dirimens.
1756 2761 1991 2806 Difficilius

204 2846 475 2892 conceditur
505 2847 782 2905 dispensatio
814 2847 851 2891 si
883 2848 1212 2891 contrahentes
1244 2850 1378 2890 erant
1410 2846 1457 2890 in
1492 2846 1612 2890 mala
1643 2844 1746 2890 fide.
1802 2845 1870 2901 10)
1908 2848 1989 2888 Pc-

204 2930 408 2974 riculum
443 2932 739 2975 matrimonii
781 2933 928 2985 mia-ti,
966 2930 1038 2974 vel
1070 2943 1226 2974 coram
1259 2928 1514 2973 acatholico
1543 2927 1769 2972 ministro.
1810 2927 1878 2982 ll)
1906 2929 1990 2970 Pe-

205 3013 410 3057 riculum
446 3015 689 3058 incestuosi
719 3013 1067 3057 concubinatus
1113 3013 1181 3069 12)
1207 3011 1477 3056 Periculum
1500 3011 1797 3055 matrimonii
1820 3008 1984 3053 civilis.

2141 2630 2152 2650 .
