2176 3386
728 240 872 269 Lmen
887 240 930 268 11.
962 240 1018 268 DE
1049 238 1350 268 REGULAmBus
1852 227 1934 267 449

269 349 369 395 585.
407 353 594 394 Summa
627 348 766 407 igitur
801 347 988 393 libertas
1019 347 1290 393 conceditur
1315 346 1535 405 religiosis
1568 350 1781 392 votorum
1825 346 1934 392 sim·

147 433 335 493 plicium
362 435 585 477 bonorum
618 445 805 476 suorum
829 429 1278 475 administrationem
1300 434 1347 474 et
1368 430 1710 474 usumfructum
1743 428 1935 474 cedendi

146 518 312 561 favore
333 528 521 560 suorum
554 516 816 572 parentum,
842 516 976 571 prout
998 512 1063 557 eis
1088 513 1326 570 placuerit,
1361 516 1442 556 aut
1473 511 1615 556 etiam
1648 524 1729 556 suo
1756 510 1932 556 Ordini.

154 599 286 645 Ratio
307 602 462 643 autem
496 601 581 653 est,
613 596 718 656 quia
751 595 1060 641 communitas
1091 608 1169 640 seu
1200 595 1468 640 institutum
1502 608 1582 652 per
1604 593 1935 652 professionem

146 681 408 740 simplicem
443 679 620 724 nullum
655 679 724 724 ius
756 678 954 738 adquirit
987 678 1032 722 in
1067 678 1185 723 bona
1220 678 1522 724 subditorum.
1559 684 1710 733 Quum
1735 693 1846 724 vero
1870 694 1937 724 re·

149 765 299 823 ‹ligiosi
320 769 532 808 votorum
556 761 832 820 simplicium
858 761 998 806 etiam
1023 766 1122 820 post
1146 760 1475 820 professionem
1500 762 1741 822 adquirere
1764 762 1939 820 possint

155 848 273 893 bona
309 861 387 906 per
419 845 767 900 haereditatem,
793 858 846 889 eo
880 844 1128 890 eveniente
1161 858 1287 901 casu,
1308 845 1446 890 etiam
1481 846 1641 890 cedere
1674 845 1842 890 debent
1864 845 1938 890 cui

157 930 390 974 voluerint
438 927 885 974 administratio-nem
922 931 968 972 et
1001 929 1339 972 usumfructum
1373 933 1420 972 et
1454 941 1604 984 usum,
1640 933 1686 973 et
1717 929 1772 972 de
1809 928 1939 973 bonis

148 1013 395 1071 disponere
431 1016 636 1071 possunt,
662 1011 696 1056 si
722 1011 971 1067 voluerint,
998 1016 1048 1054 ut
1076 1011 1256 1056 litante
1292 1012 1635 1070 professionem.
1675 1013 1936 1057 Notandum

157 1110 268 1141 vero
302 1101 370 1140 est
401 1095 520 1155 quod
553 1108 731 1140 sorores
779 1094 984 1152 indigent
1018 1094 1201 1139 licentia
1245 1095 1412 1154 scripta
1451 1096 1655 1154 Episcopi
1689 1101 1938 1156 antequam

154 1179 212 1223 dc
246 1177 448 1222 dominio
481 1177 706 1222 bonorum
741 1176 1002 1235 disponant,
1041 1181 1137 1221 tum
1172 1183 1222 1221 ut
1256 1178 1525 1236 prudentius
1566 1184 1722 1236 agant,
1757 1183 1855 1224 tum
1892 1184 1940 1224 ut
1979 1162 1981 1165 Ι

158 1261 275 1306 ratio
308 1260 531 1305 habeatur
562 1259 704 1318 Capit.
743 1263 839 1304 xvi
872 1263 1008 1305 Conc.
1046 1260 1164 1304 Trid.
1203 1263 1316 1305 SeSS.
1354 1261 1409 1305 25
1443 1261 1496 1305 de
1535 1266 1639 1319 Reg.
1683 1265 1795 1308 Cum
1832 1276 1940 1307 vero

156 1345 493 1392 conventiones
542 1345 688 1388 factae
721 1343 1132 1402 Congregationem
1183 1344 1303 1388 inter
1351 1349 1395 1388 et
1437 1358 1639 1389 sororem
1691 1347 1940 1403 professam

159 1428 408 1487 procedant
442 1442 520 1486 per
555 1428 738 1471 modum
788 1431 1070 1481 contractus,
1106 1441 1268 1472 omnes
1315 1428 1602 1473 conditiones
1636 1429 1755 1474 clare
1800 1430 1941 1488 expli-

152 1511 332 1556 candae
365 1515 472 1554 sunt
506 1509 550 1553 in
584 1508 996 1555 Constitutionibus
1029 1509 1231 1568 nihilque
1266 1510 1617 1570 relinquendum
1651 1510 1839 1556 arbitrio
1871 1526 1942 1556 su-

161 1594 349 1653 perioris
371 1592 683 1647 ecclesiastici,
704 1591 768 1636 uti
794 1592 903 1637 satis
926 1591 1136 1636 innuitur
1160 1592 1204 1636 in
1225 1592 1411 1649 epistola
1432 1595 1473 1636 S.
1495 1596 1655 1650 Congr.
1676 1597 1758 1638 ΕΕ.
1781 1598 1827 1638 et
1850 1598 1938 1640 Ra.

154 1677 217 1721 ad
254 1675 480 1721 Vicat-inm
516 1676 820 1733 Capitulareni
859 1675 1110 1719 Ferrarien.
1148 1674 1314 1733 scripta
1347 1676 1419 1720 die
1458 1676 1508 1721 16
1539 1676 1655 1720 lunii
1697 1678 1820 1722 1772.
1859 1678 1942 1722 Ad-

163 1760 298 1804 missa
351 1763 503 1803 autem
542 1763 753 1802 votorum
804 1757 1080 1816 simplicium
1116 1758 1361 1817 qualitate,
1398 1760 1540 1804 sorori
1579 1760 1830 1818 egredienti
1865 1776 1943 1806 seu

161 1843 375 1888 dimissae
408 1843 561 1887 dotem
596 1855 692 1886 esse
727 1841 1003 1886 reddendam
1040 1846 1165 1900 patet
1186 1856 1244 1886 cx
1267 1841 1497 1886 decisione
1521 1845 1616 1887 Sac.
1641 1846 1777 1900 Cong.
1804 1847 1941 1889 Cone.

163 1928 209 1971 in
245 1940 380 1970 causa
414 1925 623 1970 Civitatis
654 1924 935 1969 Castellanae
972 1924 1042 1969 die
1076 1925 1102 1969 5
1138 1925 1289 1969 Martii
1329 1926 1439 1970 1792
1472 1931 1518 1970 et
1552 1927 1648 1971 Sac.
1686 1929 1823 1985 Cong.
1865 1931 1942 1986 Ep.

161 2015 210 2053 et
246 2013 350 2066 Reg.
389 2008 434 2051 in
467 2010 654 2053 Comen.
696 2008 712 2051 1
756 2011 857 2051 Dec.
899 2008 1026 2051 1758.

283 2093 382 2137 586.
424 2096 486 2136 lix
523 2096 628 2135 voto
661 2090 885 2135 castitatis
919 2091 1111 2148 religiosi
1137 2093 1207 2136 vel
1243 2106 1420 2137 sorores
1445 2092 1669 2138 inhabiles
1703 2108 1793 2138 non
1831 2093 1948 2138 fiunt

164 2174 472 2219 matrimoniis
507 2174 731 2219 ineundis.
770 2178 834 2218 Ex
858 2178 966 2219 voto
990 2174 1186 2234 (lenique
1210 2175 1497 2220 obedientiae
1521 2191 1544 2221 a
1571 2181 1795 2234 potestate
1818 2178 1945 2222 Ordi-

168 2258 400 2303 nariorum
447 2272 536 2302 non
580 2262 689 2302 sunt
720 2258 940 2316 exempti,
978 2257 1062 2302 nisi
1098 2258 1140 2302 id
1174 2259 1239 2302 eis
1275 2259 1331 2303 ab
1367 2259 1620 2318 Apostolica
1655 2261 1766 2306 Sede
1802 2264 1948 2306 nomi·

163 2341 313 2386 natim
350 2341 486 2386 fuerit
517 2355 785 2387 concessum
811 2345 834 2384 ¹.
873 2345 937 2386 Ex
968 2356 1057 2400 quo
1090 2342 1298 2401 sequitur
1330 2343 1449 2402 quod
1485 2342 1530 2387 in
1562 2344 1788 2389 Institutis
1822 2350 1948 2390 voto-

166 2440 269 2470 rum
318 2425 611 2483 simplicium,
648 2425 734 2470 nisi
782 2425 982 2470 habeant
1014 2425 1210 2483 speciale
1261 2426 1508 2482 indultum,
1544 2427 1654 2472 socii
1706 2427 1947 2473 ordinandi

161 2508 447 2554 dimissorias
479 2508 685 2553 obtinere
718 2508 886 2553 debent
918 2522 943 2552 a
977 2508 1190 2567 legitimis
1222 2509 1491 2567 ordinariis,
1528 2516 1574 2555 et
1605 2516 1854 2571 antequam
1894 2513 1949 2558 ad

163 2592 351 2636 ordines
397 2605 548 2636 sacros
583 2596 956 2650 promoveantur,
995 2593 1162 2650 provisi
1210 2606 1307 2638 esse
1342 2593 1512 2638 debent
1560 2594 1693 2639 titulo
1739 2596 1950 2641 beneficii

165 2679 249 2718 aut
282 2674 545 2732 patrimonii
577 2674 861 2719 sufficientis.
899 2677 1015 2719 Sane
1051 2677 1279 2733 proposito
1312 2676 1449 2721 dubio
1481 2691 1506 2721 a
1532 2678 1602 2735 pia
1637 2677 1834 2737 quadam
1871 2679 1950 2722 hu-

168 2756 364 2801 iusmodi
387 2756 746 2815 congregatione
783 2776 801 2797 ιι
827 2771 886 2801 an
907 2757 1042 2802 oblati
1077 2757 1185 2803 dicti
1209 2757 1388 2815 Collegii
1413 2764 1507 2803 tam
1531 2759 1789 2805 dioecesani
1813 2775 1950 2820 qnam

166 2839 317 2884 exteri
365 2840 462 2884 sine
496 2840 662 2899 proprii
695 2840 923 2886 Ordinarii
972 2840 1136 2885 litteris
1185 2841 1452 2886 dimissoriis
1483 2842 1539 2886 ad
1571 2856 1724 2887 sacros
1771 2843 1954 2888 ordines

168 2922 433 2979 promoveri
482 2923 667 2967 valeant
699 2922 755 2967 ad
790 2921 973 2967 titulum
1022 2936 1208 2967 mensae
1243 2923 1503 2969 communis
1536 2924 1582 2968 in
1616 2938 1723 2970 casu
1757 2940 1846 2985 quo
1882 2928 1953 2971 be-

294 3083 303 3102 ¹
333 3084 470 3121 Bened.
499 3085 596 3128 XIV,
624 3086 706 3122 Litt.
733 3085 927 3122 Emanavit
953 3085 996 3121 21
1025 3086 1118 3122 Iunii
1148 3086 1253 3123 1758.

295 3165 612 3199 liram-somam.
1792 3172 1832 3203 29
