2176 3386
261 179 341 218 138
933 191 1043 220 PARS
1073 192 1113 220 11.
1144 193 1200 220 DE
1231 192 1368 221 REBUS

380 298 481 342 907.
519 298 583 343 Ad
616 299 812 353 alterum
846 313 1003 345 casum
1037 300 1157 359 quod
1203 299 1403 358 pertinet
1445 301 1620 346 scilicet
1660 301 1717 347 ad
1759 302 2036 349 adulterium

259 394 368 426 cum
402 381 700 426 matrimonio
731 382 787 427 de
820 383 941 428 facto
977 382 1092 427 inito
1127 382 1373 442 requiritur
1405 388 1456 428 ut
1488 371 1764 430 adulterium
1805 385 2038 444 expositas

259 464 352 510 iam
385 465 674 511 conditiones
707 466 888 522 habeat,
924 471 971 511 et
1003 471 1054 510 ut
1088 466 1434 512 matrimonium
1459 455 1740 513 attentatum
1765 468 1824 513 sit
1846 469 2038 514 vivente

258 548 421 593 codem
459 548 668 607 coniuge.

383 631 483 677 908.
521 633 561 677 2.
598 659 624 664 —
662 636 725 677 Ex
759 633 902 677 altero
936 633 1102 691 capite,
1139 648 1304 692 nempe
1336 647 1395 678 ex
1427 634 1749 692 coniugicidio,
1789 634 1836 678 in
1870 634 2036 693 duplici

259 729 442 775 quoque
475 719 647 760 eventu
681 715 973 777 contrahitur
996 715 1397 775 impedimentum,
1422 730 1616 776 quorum
1646 717 1818 776 primus
1839 721 1908 762 est
1930 731 2036 762 cum

263 787 337 843 vir
369 803 415 842 et
448 798 628 854 mulier,
665 812 757 843 non
792 799 1138 845 interveniente
1169 799 1409 856 adulterio,
1445 799 1632 845 insimul
1656 800 1907 845 machinati
1931 805 2040 846 sunt

263 881 310 925 in
346 885 542 926 mortem
577 881 784 937 coniugis
815 882 1103 938 alterutrius,
1139 897 1193 928 eo
1225 884 1408 939 animo,
1453 886 1503 927 ut
1546 883 1744 942 possint,
1789 884 1983 942 coniuge
2015 899 2039 928 e

262 966 386 1011 vivis
418 970 602 1024 erepto,
639 966 913 1011 contrahere
946 965 1069 1011 inter
1100 981 1147 1012 se
1182 967 1379 1026 nuptias.
1426 967 1551 1012 Alter
1589 967 1815 1026 contingit
1856 968 2040 1028 quando

262 1048 567 1094 committunt
598 1048 893 1105 adulterium,
929 1053 976 1094 et
1007 1048 1113 1094 inde
1146 1050 1346 1108 ipsorum
1381 1051 1497 1095 alter
1529 1051 1684 1096 animo
1726 1051 1915 1095 ineundi
1958 1065 2039 1095 nu-

266 1131 381 1190 ptias
414 1130 635 1176 interficit
667 1145 800 1176 suum
836 1131 909 1176 vel
942 1131 1177 1190 complicis
1209 1132 1255 1176 in
1288 1133 1511 1178 adulterio
1534 1133 1793 1191 coniugem.
1830 1136 1969 1178 Porro
1992 1133 2038 1178 in

264 1219 459 1273 utroque
493 1227 599 1259 casu
634 1214 1018 1273 impedimentum
1042 1215 1348 1271 contrahitur,
1374 1215 1552 1260 etiamsi
1579 1217 1702 1261 nulla
1731 1216 2043 1261 intercesserit

264 1298 546 1342 matrimonii
580 1297 836 1356 promissio.

384 1381 485 1425 909.
525 1382 579 1424 [t
612 1395 691 1439 per
723 1380 1081 1439 coniugicidium
1115 1381 1284 1440 absque
1317 1382 1568 1438 adulterio,
1613 1383 1916 1427 contrahatur
1958 1382 2042 1426 im-

266 1464 597 1523 pedimentum,
635 1464 722 1508 tria
756 1465 1078 1523 requiruntur:
1129 1467 1166 1519 l)
1204 1466 1260 1508 Ut
1302 1465 1567 1510 alterutrius
1605 1465 1811 1523 coniugis
1844 1469 2041 1510 mortem

265 1547 556 1592 machinatus
588 1547 648 1592 sit
681 1552 889 1606 uterque,
926 1561 1018 1592 non
1052 1548 1175 1593 enim
1211 1549 1304 1593 sola
1339 1548 1601 1593 ratihabitio
1643 1548 1795 1594 caedis
1836 1548 2044 1607 coniugis

261 1631 320 1675 ab
352 1631 495 1675 altero
530 1635 735 1687 patratae
758 1631 937 1684 sufficit,
962 1631 1037 1675 sed
1063 1631 1322 1675 necessario
1346 1616 1583 1691 utri-usque
1608 1631 1892 1676 machinatio
1916 1646 2042 1690 prae-

262 1713 424 1758 cedere
458 1713 616 1770 debet3
654 1715 695 1770 2)
717 1718 773 1759 ,ut
805 1727 862 1757 ex
897 1714 974 1758 tali
1011 1713 1354 1758 machinatione
1386 1718 1541 1759 secuta
1577 1714 1635 1759 sit
1659 1728 1798 1770 mors,
1831 1729 1923 1759 non
1948 1715 2039 1759 suf·

266 1796 361 1841 ficit
396 1811 504 1841 xero
537 1797 572 1841 si
608 1796 853 1854 contigerit
875 1811 932 1841 ex
956 1796 1184 1856 imperitia
1211 1798 1281 1841 vel
1307 1797 1584 1855 negligentia
1611 1798 1774 1842 medici
1798 1802 1878 1842 aut
1901 1798 2043 1857 ipsius

262 1879 499 1936 defuncti;
535 1880 576 1935 5)
605 1884 654 1923 ut
686 1878 964 1937 conspiratio
1000 1879 1083 1924 ista
1118 1879 1257 1924 fuerit
1291 1881 1410 1925 facta
1442 1881 1596 1925 animo
1633 1881 1816 1939 nuptias
1860 1884 2042 1925 contra-

264 1963 421 2017 hendi,
456 1963 566 2008 satis
598 1968 751 2007 autem
788 1967 857 2008 est
889 1964 924 2008 si
958 1964 1180 2008 alteruter
1211 1967 1396 2008 tantum
1429 1978 1487 2008 ex
1520 1963 1890 2022 conspirantibus
1923 1964 2043 2008 hanc

266 2045 575 2090 intentionem
610 2046 835 2091 habuerit.
878 2031 1155 2091 Probabilius
1187 2051 1256 2091 est
1288 2046 1597 2092 intentionem
1631 2047 1782 2106 aliquo
1815 2046 1944 2104 signo
1967 2046 2042 2091 de-

265 2129 372 2174 bere
406 2143 504 2175 esse
538 2132 832 2189 patefactam,
868 2145 943 2174 ex.
979 2145 1044 2188 gr.
1081 2131 1229 2186 donis,
1267 2131 1431 2175 litteris
1462 2130 1715 2175 amatoriis.

384 2213 484 2257 910.
522 2213 587 2257 Ad
622 2213 933 2258 inducendum
967 2227 1077 2258 vero
1112 2213 1495 2272 impedimentum
1529 2227 1587 2258 ex
1621 2211 1925 2270 coniugicidio
1950 2225 2042 2257 una

264 2309 372 2339 cum
405 2296 629 2340 adulterio
662 2295 910 2356 requiritur
942 2311 999 2341 ex
1033 2301 1161 2354 parte
1193 2295 1423 2352 adulterii,
1459 2300 1510 2340 ut
1541 2295 1599 2341 sit
1625 2309 1805 2351 verum,
1831 2308 2044 2340 consum-

267 2385 443 2424 matum
477 2384 614 2438 atque
648 2379 863 2439 utrinque
898 2380 1113 2425 formale:
1150 2394 1207 2424 ex
1242 2379 1368 2438 parte
1402 2378 1712 2438 coniugicidii,
1747 2384 1798 2423 ut
1820 2393 1870 2424 ea
1895 2379 2044 2424 inten-

267 2559 338 2596 lius
364 2569 440 2596 non
467 2560 602 2603 existit,
629 2568 714 2596 nam
740 2569 817 2596 non
843 2560 1030 2597 verificata
1055 2561 1264 2597 conditione
1292 2561 1487 2607 promissio
1514 2566 1685 2598 censetur
1709 2571 1752 2597 ac
1779 2561 1809 2597 si
1835 2570 1912 2597 non
1938 2560 2045 2597 facta.

266 2630 407 2668 Verum
433 2631 642 2667 communis
680 2635 735 2667 est
773 2631 942 2667 doctrina
968 2631 1271 2677 impedimentum
1300 2631 1406 2674 oriri,
1434 2632 1464 2667 si
1491 2637 1574 2668 ante
1593 2631 1833 2674 adulterium,
1862 2631 1917 2667 vel
1952 2635 2044 2677 post,

267 2702 331 2738 sed
358 2707 442 2738 ante
463 2703 604 2739 obitum
631 2703 803 2749 coniugis
830 2703 993 2739 conditio
1021 2703 1227 2749 impleatur.
1253 2702 1284 2747 c)
1303 2703 1339 2739 Si
1366 2703 1527 2740 conditio
1555 2703 1598 2739 de
1625 2703 1746 2740 futuro
1774 2711 1954 2748 suspensa
1971 2711 2044 2738 ma·

267 2778 352 2811 neat
378 2775 526 2820 quando
553 2775 708 2811 moritur
732 2775 892 2818 coniux,
920 2775 1116 2821 opinamur
1154 2775 1458 2821 impedimentum
1486 2785 1561 2812 non
1586 2776 1742 2812 existere
1759 2804 1767 2819 ‚
1793 2775 1882 2821 quia
1905 2773 2046 2811 adulte·

266 2847 362 2883 rium
380 2856 456 2882 non
482 2848 668 2884 concurrit
685 2856 769 2883 cum
793 2847 1049 2891 promissione.
1077 2845 1112 2891 d)
1131 2846 1169 2883 Si
1187 2847 1350 2883 conditio
1377 2847 1424 2882 sit
1442 2846 1684 2892 impossibilis
1703 2846 1761 2882 vel
1788 2846 1824 2882 in
1851 2855 1890 2882 se
1916 2844 2046 2891 turpis,

267 2917 304 2953 in
330 2917 409 2954 foro
435 2923 586 2954 externo
613 2907 825 2954 censebitur
842 2918 1149 2964 impedimentum
1167 2918 1336 2959 existere,
1356 2918 1442 2962 quia
1462 2918 1500 2954 in
1520 2927 1564 2954 eo
1583 2917 1814 2954 conditiones
1834 2914 2045 2954 huiusmodi

268 2988 451 3026 habentur
476 2999 541 3035 pro
568 2998 644 3026 non
670 2989 833 3028 adiectis,
1914 2973 1917 2976 Δ

2109 2675 2176 3055 3

2116 2469 2176 2715 Ξ

2162 2753 2176 2831 3

2165 2834 2176 2997 ἑ

2162 3003 2176 3101 3
