2176 3386
0 0 658 179 Γῖῆεωτψηῃκντ
734 0 753 17 2
792 10 799 26 -.
935 0 953 17 f
1004 0 1005 3 ¹
1046 6 1048 10 >
1155 0 1157 2 ·
1319 0 1330 3 ⁷-
1548 0 1578 6 ¹*
1660 0 1679 15 *-

119 34 145 45 ι’-
189 35 193 38 ’
364 31 385 41 '1
436 39 438 42 -
537 38 541 44 ·
1026 39 1028 41 ¹

75 77 82 85 ·
175 73 178 75 .

4 162 35 197 kf

528 188 656 216 LIBER
687 188 711 215 1.
743 188 799 216 DE
829 187 966 216 REBUS
997 187 1231 216 ECCLESIAE
1261 177 1953 217 SP1R1TUA1,113U8·53

173 308 277 339 cum
311 295 488 340 duabus
519 294 763 353 paroeciis,
790 297 1038 354 parochum
1076 310 1167 341 non
1191 297 1338 341 solum
1365 310 1509 352 fosse,
1535 297 1612 342 sed
1647 299 1780 356 plane
1802 300 1950 344 teneri

172 379 228 423 ad
264 379 448 424 missam
485 380 739 424 iterandam
773 379 1106 425 animadvertit
1129 381 1294 426 Bened.
1323 384 1420 426 XIV
1447 382 1476 425 ¹.
1534 375 1597 425 Ei<
1621 381 1690 426 his
1713 383 1952 442 consequi·

171 465 247 504 tur
280 460 499 506 leviorem
547 462 871 506 necessitatem
914 462 1083 522 requiri
1118 467 1169 506 ut
1205 462 1247 506 vi
1282 464 1515 508 facultatis
1553 463 1726 509 binatio
1766 466 1952 525 permit-

172 548 322 599 tatur,
357 558 493 604 quam
528 549 579 588 ut
611 547 656 589 vi
692 544 802 590 iuris
834 547 1111 591 communis.
1162 551 1288 601 Quae
1320 546 1506 606 quidem
1541 549 1806 604 necessitaS,
1843 564 1952 594 con-

171 625 415 672 scientiose
447 627 650 686 quidem,
684 634 731 672 at
763 642 855 674 non
889 629 1028 674 anxie
1060 629 1350 675 diiudicanda
1385 634 1469 675 est.
1520 636 1670 685 Quare
1714 646 1951 691 perperam

170 715 326 768 ageret
361 714 453 756 tam
490 711 525 756 is
557 712 633 771 qui
668 713 801 768 laxe,
837 727 973 772 quam
1012 714 1047 758 is
1078 715 1153 773 qui
1189 719 1399 760 extremo
1446 731 1550 761 cum
1591 717 1740 775 rigore
1782 720 1866 765 hac
1903 720 1950 764 in

171 808 218 838 re
256 796 534 852 procederet.
587 797 684 840 Uno
719 797 858 841 verbo
891 797 1129 842 charitatis
1170 797 1378 843 fidelibus
1418 799 1596 845 debitae
1645 801 1764 845 haud
1800 801 1951 847 minor

171 878 286 922 ratio
320 878 525 923 habenda
560 884 645 935 est,
680 894 816 940 quam
852 880 961 938 legis
994 881 1276 927 binationem
1314 883 1612 941 prohibentis
1664 888 1801 930 Porro
1841 885 1952 931 haec

172 961 356 1007 moralis
379 961 578 1007 fidelium
613 964 878 1020 necessitas,
904 978 984 1009 seu
1012 965 1163 1019 gravis
1196 965 1386 1021 utilitas,
1422 981 1644 1025 exurgere
1680 968 1948 1026 praesertim

169 1046 283 1090 solet
315 1061 372 1090 ex
408 1061 600 1091 numero
633 1046 832 1092 fidelium
867 1048 942 1107 qui
968 1047 1079 1093 alias
1106 1062 1235 1094 sacro
1267 1048 1479 1094 assistere
1513 1050 1610 1094 sine
1645 1050 1833 1094 notabili
1867 1051 1951 1096 dif-

169 1127 373 1174 ficultate
407 1143 497 1173 non
534 1134 754 1187 possunt,
789 1131 980 1176 attentis
1013 1131 1230 1176 distantia
1264 1134 1321 1175 ab
1353 1132 1573 1187 ecclesia,
1609 1133 1828 1190 temporis
1866 1132 1952 1178 cir·

168 1212 446 1257 cumstantia
481 1227 554 1257 ex.
593 1228 657 1270 gr.
696 1213 920 1269 hiemalis,
959 1216 1135 1259 viarum
1160 1215 1406 1273 asperitate
1441 1220 1528 1260 etc.

288 1295 388 1339 700.
426 1298 552 1349 Quod
586 1296 641 1341 ad
676 1311 919 1342 numerum
957 1311 1067 1341 vero
1112 1297 1344 1353 fidelium,
1380 1299 1456 1357 qui
1491 1298 1600 1342 satis
1633 1299 1691 1342 sit
1730 1302 1780 1342 ut
1815 1299 1951 1343 missa

169 1377 323 1422 iterari
360 1378 524 1437 possit,
562 1380 606 1423 in
643 1384 794 1425 Const.
834 1382 1135 1437 Apostoliewn
1171 1383 1486 1425 Ministerimn
1521 1381 1640 1425 edita
1678 1395 1756 1439 pro
1791 1381 1949 1439 Anglia

165 1461 426 1506 declaratur
456 1462 659 1507 eiusdem
697 1464 963 1508 facultatem
999 1478 1128 1523 posse
1160 1464 1364 1509 adhiberi
1402 1486 1420 1504 a
1447 1479 1552 1509 cum
1588 1479 1745 1509 eorum
1787 1479 1947 1509 nume-

169 1559 260 1599 rus,
296 1545 372 1605 qui
406 1546 564 1590 diebus
596 1547 775 1592 festivis
822 1552 1043 1592 tenentur
1089 1548 1230 1593 sacris
1267 1548 1510 1602 assistere,
1546 1551 1683 1594 talem
1734 1549 1952 1593 exhibeat

169 1629 515 1685 necessitatem,
551 1636 602 1674 ut
635 1631 720 1675 nisi
754 1631 889 1676 alicui
923 1632 1146 1676 sacerdoti
1181 1632 1293 1677 duas
1328 1632 1488 1677 missas
1530 1632 1689 1676 eadem
1730 1632 1802 1676 die
1835 1632 1950 1676 cele·

168 1713 326 1757 brandi
363 1718 560 1771 potestas
592 1715 903 1770 concedatur,
943 1715 1167 1761 Ecclesiae
1203 1716 1419 1760 mandato
1450 1716 1608 1772 plures
1647 1730 1737 1760 non
1773 1715 1949 1760 satisfa-

168 1802 330 1841 cerent
356 1815 394 1841 n.
445 1800 555 1842 Cum
591 1797 704 1842 haec
752 1798 976 1853 generalis
1009 1813 1170 1843 norma
1219 1799 1409 1844 dubium
1454 1814 1590 1843 omne
1626 1814 1716 1844 non
1752 1799 1947 1854 auferat,

168 1882 274 1926 hinc
309 1882 350 1925 S.
387 1885 548 1939 Congr.
586 1882 631 1926 in
668 1896 793 1926 more
843 1882 1003 1926 habuit
1052 1883 1310 1928 huiusmodi
1345 1883 1696 1942 quaestionem,
1732 1882 1948 1941 quemad-

168 1967 355 2011 modum
389 1980 440 2010 ea
474 1979 591 2024 quae
611 1965 878 2010 distantiam
917 1966 1182 2023 respiciunt,
1207 1966 1528 2011 resolvendam
1553 1967 1811 2025 relinquere
1847 1979 1948 2024 pru-

166 2049 291 2093 denti
339 2048 685 2094 Ordinariorum
735 2049 950 2105 arbitrio,
985 2065 1009 2094 a
1043 2050 1207 2109 quibus
1255 2051 1448 2094 facultas
1495 2050 1722 2108 dependet
1744 2050 1774 2093 ².
1828 2053 1949 2093 Haec

167 2139 321 2178 autem
347 2132 595 2178 necessitas
618 2147 727 2177 vera
750 2133 954 2192 quidem,
979 2134 1055 2179 sed
1083 2134 1266 2179 moralis
1289 2133 1576 2192 intelligitur,
1605 2148 1696 2178 non
1721 2133 1943 2178 absoluta.

285 2218 386 2262 701.
423 2216 548 2263 Circa
583 2216 863 2274 stipendium
899 2216 1240 2275 percipiendum
1275 2218 1333 2262 ab
1361 2217 1415 2262 iis
1435 2217 1511 2277 qui
1545 2218 1658 2262 duas
1692 2217 1853 2261 missas
1876 2231 1948 2261 ea-

165 2299 270 2344 dem
303 2299 375 2344 die
409 2299 658 2354 celebrant,
685 2302 782 2345 Sao.
809 2303 970 2357 Congr.
1003 2299 1094 2344 Fid.
1124 2303 1254 2359 Prop.
1280 2302 1485 2358 regulam
1512 2301 1772 2358 generalem
1808 2300 1950 2344 edidit

166 2382 238 2427 die
276 2384 327 2427 15
361 2387 449 2428 oct.
492 2383 618 2437 1865,
650 2382 824 2428 scilicet
848 2397 939 2428 non
975 2384 1164 2428 concedi
1191 2383 1468 2442 presbyteris
1501 2384 1846 2441 eleemosynam
1882 2398 1948 2427 re-

167 2465 317 2524 cipere
353 2480 431 2524 pro
464 2467 663 2511 secunda
700 2465 872 2523 missa;
908 2466 1086 2511 etiamsi
1127 2467 1182 2511 de
1228 2468 1313 2511 illis
1351 2472 1539 2524 agatur,
1579 2467 1656 2526 qui
1701 2466 1947 2525 parochiali

286 2656 296 2676 ¹
325 2657 363 2693 L.
390 2655 412 2692 6
438 2657 479 2693 de
504 2657 586 2702 Syn.
613 2657 731 2693 Dioec.

285 2728 297 2746 ²
323 2728 507 2765 Numerus
534 2729 678 2766 circiter
704 2729 914 2767 vicenarius
954 2731 990 2766 in
1027 2731 1175 2767 decreto
1214 2731 1247 2767 S.
1276 2730 1409 2776 Congr.
1437 2731 1548 2767 Cone.
1578 2731 1614 2766 in
1646 2731 1873 2776 Lingonensi
1904 2731 1947 2767 ¹2

167 2797 240 2835 ian.
268 2798 369 2843 1847,
397 2801 590 2846 supposita
614 2801 768 2837 notabili
796 2800 1020 2843 difficultate,
1049 2801 1237 2839 sufficiens
1264 2802 1411 2838 habitus
1438 2802 1515 2844 suit,
1542 2802 1629 2838 dum
1653 2802 1749 2838 idem
1769 2812 1944 2839 numerus

167 2869 207 2905 in
223 2869 296 2906 alio
315 2879 401 2907 casu
421 2870 603 2908 iudicatus
623 2872 689 2909 fuit
702 2881 779 2909 non
797 2872 977 2909 sufficere.
1005 2873 1062 2910 Ad
1082 2874 1151 2910 hoc
1171 2874 1285 2919 igitur
1310 2874 1629 2910 determinandum
1654 2874 1747 2909 ratio
1776 2874 1944 2911 habenda

166 2944 222 2977 est
247 2941 514 2985 adiunctorum,
540 2948 575 2979 et
601 2943 654 2979 sic
682 2944 719 2979 in
745 2953 833 2980 casu
860 2944 898 2979 in
924 2954 998 2990 quo
1025 2944 1203 2989 agebatur
1228 2944 1271 2980 de
1298 2944 1456 2982 detentis
1484 2945 1521 2980 iri
1547 2953 1705 2988 carcerc,
1733 2944 1856 2981 favore
1884 2944 1948 2980 mi-

165 3022 235 3050 nus
261 3023 371 3059 quam
398 3014 526 3052 decem
553 3016 609 3052 vel
637 3016 848 3062 quindecim
874 3016 975 3053 licita
1002 3016 1068 3053 fuit
1083 3016 1267 3053 declarata
1294 3017 1444 3059 binatio,
1464 3026 1558 3062 quae
1577 3017 1778 3054 declaratio
1804 3017 1851 3053 ad
1878 3018 1944 3053 ho-

167 3086 324 3133 spitalia,
350 3091 386 3123 et
411 3087 456 3124 ad
482 3091 686 3125 conventus
713 3087 931 3124 monialium
958 3087 1080 3133 papali
1107 3088 1283 3124 clausura
1307 3089 1564 3125 ausu-totarum
1590 3088 1738 3125 extendi
1765 3093 1897 3134 potest.
