2176 3386
769 189 899 218 min-:R
925 190 951 218 1.
981 189 1038 218 DE
1067 189 1262 220 cfflmms
1828 177 1908 218 305

124 302 210 353 tes,
245 296 499 342 cuiusmodi
531 301 642 345 sunt
662 295 920 356 cappellani
944 296 1022 356 qui
1044 310 1070 340 a
1087 296 1304 342 Parocbis
1324 295 1604 355 stipendium
1629 294 1905 355 percipiunt,

124 380 338 440 quamvis
368 379 586 425 ecclesiae
619 378 754 424 alicui
787 378 1036 425 succuisali
1056 379 1277 438 praefecti
1300 380 1418 436 sint;
1454 380 1498 437 4)
1521 379 1718 438 denique
1750 379 1906 439 quiex

127 478 252 509 mera
285 464 478 509 caritate
511 462 754 521 pastoralia
776 463 977 521 ,explent
1024 462 1171 507 officia
1218 468 1265 507 et
1309 465 1601 507 sacramenta
1643 461 1911 507 ministrant

126 549 290 607 populo
321 547 556 603 derelicto,
592 547 849 592 cuiusmodi
881 551 991 592 sunt
1023 561 1129 592 cum
1163 547 1424 591 sacerdotes
1454 547 1712 592 saeculares
1744 547 1818 592 vel
1842 561 1909 591 re·
1965 586 1970 591 .

80 671 83 673 .
125 632 304 689 gulares
334 630 429 690 qui,
465 633 522 675 ab
557 630 785 688 Episcopis
820 629 980 686 rogati,
1016 630 1180 674 saltem
1214 630 1373 674 diebus
1414 629 1543 674 festis
1589 629 1789 689 aliquam
1838 644 1911 688 pa-

129 713 327 759 roeciam
361 718 606 758 vacantem
641 712 876 769 assistunt,
920 727 1037 772 quae
1080 713 1178 757 sive
1217 713 1274 757 ob
1318 717 1658 771 paupertatem,
1710 712 1808 758 sive
1856 714 1913 758 ob

126 796 244 841 aeris
277 796 660 851 insalubritatem,
698 796 769 840 vel
805 795 983 840 itineris
1014 796 1331 841 difficultatem
1364 810 1446 841 suo
1478 796 1695 840 destituta
1731 800 1913 854 pastore

127 885 221 935 est,
258 884 355 923 tum
392 879 666 925 Missionarii
700 879 777 939 qui
813 879 857 923 in
892 880 1017 934 locis,
1054 879 1288 939 inquibus
1310 879 1462 923 nullae
1484 880 1652 924 adsunt
1677 879 1913 938 paroeciae

128 962 350 1006 canonice
383 967 581 1018 erectae,
617 976 799 1007 sacrum
836 963 1145 1008 ministerium
1180 968 1415 1008 exercent.

250 1049 384 1090 Porro
417 1060 474 1090 ex
507 1046 592 1101 his,
628 1047 775 1090 solum
807 1047 883 1105 qui
917 1046 973 1090 ad
1002 1048 1214 1103 primam
1248 1052 1294 1091 et
1321 1046 1576 1091 secundam
1599 1047 1790 1092 classem
1816 1061 1913 1103 per-

130 1131 282 1175 tinent
314 1129 461 1174 ollicio
496 1129 681 1174 missam
717 1129 973 1187 applicandi
1005 1144 1084 1188 pro
1118 1131 1281 1188 populo
1315 1131 1553 1188 adstringi,
1600 1145 1657 1175 ex
1691 1135 1914 1176 contextu

130 1212 269 1271 ipsius
300 1212 487 1257 Concilii
521 1212 638 1256 Trid.
677 1212 830 1271 liquet.
869 1211 931 1258 [bi
965 1213 1090 1257 enim
1127 1218 1362 1272 tamquam
1392 1213 1603 1270 generale
1637 1213 1913 1271 principium

131 1296 349 1340 statuitur
379 1296 499 1355 quod
541 1296 820 1354 quicumque
861 1296 1185 1353 obligationem
1230 1297 1366 1340 habet
1408 1297 1463 1341 ad
1505 1310 1610 1341 suas
1642 1311 1753 1341 oves
1787 1311 1913 1342 reco-

129 1379 411 1435 gnoscendas
444 1383 490 1422 et
532 1379 587 1423 ad
620 1379 906 1423 offerendum
941 1394 1020 1437 pro
1053 1380 1160 1438 ipsis
1193 1379 1490 1435 sacrificium,
1525 1385 1596 1425 est
1629 1380 1766 1425 etiam
1807 1381 1915 1425 obli-

131 1466 262 1519 gatus
293 1463 348 1507 ad
383 1462 694 1507 residentiam.
750 1468 886 1507 Porro
929 1463 983 1507 ad
1028 1464 1147 1508 banc
1191 1463 1488 1509 residentiam
1521 1464 1774 1510 Concilium
1817 1463 1916 1509 illos

132 1544 278 1589 teneri
314 1547 476 1590 statuit
506 1559 620 1605 quos
652 1546 707 1590 ad
743 1547 938 1604 primam
973 1551 1018 1590 et
1057 1547 1308 1591 secundam
1352 1548 1543 1592 classem
1587 1547 1818 1606 pertinere
1851 1548 1914 1592 di-

133 1627 300 1674 ximus.
337 1632 574 1673 Praeterea
608 1629 649 1673 id
684 1634 752 1674 est
784 1634 940 1688 aperte
984 1631 1266 1676 declaratum
1311 1631 1524 1689 peculiari
1573 1635 1725 1676 Const.
1779 1636 1916 1676 Bene-

131 1712 238 1757 dicti
275 1717 371 1758 le
397 1715 427 1769 ¹,
463 1714 509 1758 in
542 1728 630 1774 qua
664 1715 762 1761 illos
796 1718 978 1759 tantum
1004 1715 1150 1760 teneri
1174 1716 1230 1760 ad
1254 1716 1607 1774 applicationem
1634 1715 1798 1760 missae
1827 1720 1915 1760 sta-

132 1797 293 1853 tuitur,
328 1797 402 1856 qui
436 1811 595 1842 curam
628 1798 888 1842 animarum
923 1802 1028 1843 actu
1064 1804 1301 1854 exercent,
1334 1813 1412 1844 seu
1438 1804 1655 1858 perpetua
1680 1814 1732 1844 ea
1757 1799 1814 1843 sit
1836 1812 1916 1843 seu

132 1880 425 1938 temporaria,
461 1881 559 1925 sive
593 1882 849 1926 saeculares
881 1882 974 1926 sint
1006 1882 1104 1927 sive
1138 1883 1384 1940 regulares.
1421 1887 1548 1927 Onus
1581 1885 1666 1928 hoc
1690 1883 1917 1928 incumbit

133 1962 272 2007 etiam
310 1963 537 2021 Episcopis
568 1969 614 2008 et
650 1964 860 2009 Parochis
893 1965 1208 2020 orientalibus,
1235 1967 1312 2010 sed
1346 1966 1466 2010 intra
1501 1966 1726 2011 terminos
1765 1967 1916 2024 legum

133 2050 178 2089 et
209 2046 595 2091 consuetudinum
628 2047 857 2091 localium.

253 2130 354 2192 {6—5.
393 2133 493 2175 Non
528 2131 673 2175 teneri
709 2136 864 2175 autem
903 2131 1214 2177 Missionarios
1249 2132 1416 2190 pluries
1453 2133 1736 2178 declaratum
1774 2135 1860 2178 fuit
1891 2149 1916 2179 a

136 2215 176 2257 S.
213 2215 375 2270 Congr.
412 2213 534 2257 Fidei
570 2217 695 2272 Prop.
731 2217 1003 2272 praeposita,
1039 2219 1085 2259 et
1120 2215 1398 2260 nominatim
1426 2216 1498 2261 die
1524 2218 1548 2261 5
1574 2217 1686 2261 febr.
1718 2218 1846 2273 1805,
1872 2222 1918 2262 et

135 2308 257 2338 anno
297 2296 422 2349 1865,
456 2295 705 2341 dummodo
741 2311 831 2340 non
865 2302 1028 2355 agatur
1059 2298 1113 2341 de
1148 2297 1216 2353 iis,
1251 2298 1326 2358 qui
1361 2298 1407 2343 in
1443 2298 1568 2354 locis,
1596 2300 1641 2343 in
1664 2299 1827 2358 quibus
1850 2313 1915 2344 se-

135 2377 213 2421 des
255 2377 530 2436 episcopales
571 2384 618 2424 et
659 2380 894 2438 paroeciae
937 2381 1158 2426 canonice
1199 2386 1379 2426 erectae
1420 2387 1556 2437 sunt,
1607 2382 1916 2441 legitimorum

136 2465 367 2518 pastorum
403 2460 539 2527 vices.
559 2467 724 2519 gerunt
741 2463 771 2507 ².

255 2545 602 2611 5933.1amvero
622 2545 1095 2607 [wado
1119 2548 1348 2607 celebrare
1371 2552 1592 2592 tenentur
1616 2549 1804 2593 Parocbi
1839 2564 1919 2608 per

137 2639 184 2671 se
208 2627 342 2686 ipsos,
369 2641 516 2686 neque
550 2642 629 2686 per
651 2627 790 2673 alium
826 2634 1015 2687 possunt
1038 2630 1070 2675 ³.
1110 2630 1347 2689 Excipitur
1370 2644 1502 2675 casus
1524 2630 1669 2675 iustae
1693 2644 1857 2676 causae
1883 2631 1913 2675 ⁴.

258 2758 266 2777 ¹
298 2758 388 2794 Cum
413 2769 553 2805 semper
577 2760 716 2796 oblatas
741 2760 774 2796 d.
806 2761 846 2796 19
872 2770 957 2807 aug.
987 2761 1090 2797 1744.

256 2829 268 2847 ’
295 2829 364 2866 Cir.
391 2830 624 2868 Collectanea
648 2832 683 2868 S.
709 2832 745 2868 C.
772 2833 879 2878 Prop.
907 2833 996 2869 Fide
1023 2833 1092 2869 boc
1119 2834 1211 2870 loco.

258 2900 270 2920 ³
296 2901 379 2938 Sac.
407 2902 540 2948 congr.
567 2903 677 2940 Cone.
705 2905 742 2939 in
769 2904 950 2941 Fesulana
976 2904 1106 2941 Missae
1129 2905 1276 2950 paroch.
1302 2904 1348 2941 26
1376 2906 1446 2941 ian.
1476 2905 1577 2949 1771,
1614 2906 1650 2941 in
1689 2906 1804 2942 Casti-i
1833 2905 1918 2941 Albi

148 2973 247 3010 Visit.
273 2984 365 3010 sacr.
393 2975 466 3010 lim.
496 2974 539 3011 18
565 2975 643 3012 iulii
674 2975 777 3012 1789.
1435 2975 1436 2978 ’

258 3043 272 3063 ’*
299 3045 379 3082 Sao.
409 3045 476 3081 Rit.
501 3046 634 3091 Congr.
660 3046 706 3082 25
733 3051 823 3093 sept.
854 3047 956 3083 1847.

263 3127 574 3160 ZiTELLi-Soussm.
1754 3132 1795 3163 20
