<?xml version="1.0" encoding="UTF-8"?>
<!DOCTYPE html PUBLIC "-//W3C//DTD XHTML 1.0 Transitional//EN"
    "http://www.w3.org/TR/xhtml1/DTD/xhtml1-transitional.dtd">
<html xmlns="http://www.w3.org/1999/xhtml" xml:lang="en" lang="en">
 <head>
  <title>
</title>
<meta http-equiv="Content-Type" content="text/html;charset=utf-8" />
  <meta name='ocr-system' content='tesseract 3.04.00' />
  <meta name='ocr-capabilities' content='ocr_page ocr_carea ocr_par ocr_line ocrx_word'/>
</head>
<body>
  <div class='ocr_page' id='page_1' title='image "apparatus00ziteuoft_0235.png"; bbox 0 0 2176 3386; ppageno 0'>
   <div class='ocr_carea' id='block_1_1' title="bbox 0 0 851 222">
    <p class='ocr_par' dir='ltr' id='par_1_1' title="bbox 0 0 851 222">
     <span class='ocr_line' id='line_1_1' title="bbox 0 0 851 222; baseline 0 3164"><span class='ocrx_word' id='word_1_1' title='bbox 0 0 851 222; x_wconf 95' lang='lat' dir='ltr'><strong> </strong></span> 
     </span>
    </p>
   </div>
   <div class='ocr_carea' id='block_1_2' title="bbox 791 223 1937 270">
    <p class='ocr_par' dir='ltr' id='par_1_2' title="bbox 791 223 1937 270">
     <span class='ocr_line' id='line_1_2' title="bbox 791 223 1937 270; baseline -0.006 0"><span class='ocrx_word' id='word_1_2' title='bbox 791 241 922 270; x_wconf 64' lang='lat' dir='ltr'><strong>Lmen</strong></span> <span class='ocrx_word' id='word_1_3' title='bbox 950 241 977 269; x_wconf 92' lang='lat'><strong>1.</strong></span> <span class='ocrx_word' id='word_1_4' title='bbox 1010 240 1067 269; x_wconf 81' lang='lat' dir='ltr'><strong>DE</strong></span> <span class='ocrx_word' id='word_1_5' title='bbox 1096 238 1290 269; x_wconf 73' lang='lat' dir='ltr'><strong>eLEmms</strong></span> <span class='ocrx_word' id='word_1_6' title='bbox 1857 223 1937 264; x_wconf 90' lang='grc'><strong>223</strong></span> 
     </span>
    </p>
   </div>
   <div class='ocr_carea' id='block_1_3' title="bbox 147 295 432 303">
    <p class='ocr_par' dir='ltr' id='par_1_3' title="bbox 147 295 432 303">
     <span class='ocr_line' id='line_1_3' title="bbox 147 295 432 303; baseline 0 0"><span class='ocrx_word' id='word_1_7' title='bbox 147 295 432 303; x_wconf 95' lang='lat' dir='ltr'><strong> </strong></span> 
     </span>
    </p>
   </div>
   <div class='ocr_carea' id='block_1_4' title="bbox 86 342 1934 2576">
    <p class='ocr_par' dir='ltr' id='par_1_4' title="bbox 143 342 1933 492">
     <span class='ocr_line' id='line_1_4' title="bbox 267 342 1933 404; baseline -0.004 -10"><span class='ocrx_word' id='word_1_8' title='bbox 267 349 336 394; x_wconf 81' lang='grc'><strong>18.</strong></span> <span class='ocrx_word' id='word_1_9' title='bbox 372 353 487 394; x_wconf 86' lang='lat' dir='ltr'>Item</span> <span class='ocrx_word' id='word_1_10' title='bbox 520 348 654 394; x_wconf 90' lang='lat' dir='ltr'><strong>unire</strong></span> <span class='ocrx_word' id='word_1_11' title='bbox 686 347 904 393; x_wconf 87' lang='lat' dir='ltr'><strong>ecclesias</strong></span> <span class='ocrx_word' id='word_1_12' title='bbox 936 347 1270 404; x_wconf 89' lang='lat' dir='ltr'><strong>cuiuscumque</strong></span> <span class='ocrx_word' id='word_1_13' title='bbox 1303 342 1485 403; x_wconf 88' lang='lat' dir='ltr'><strong>generis</strong></span> <span class='ocrx_word' id='word_1_14' title='bbox 1517 346 1704 402; x_wconf 82' lang='lat' dir='ltr'><strong>propter</strong></span> <span class='ocrx_word' id='word_1_15' title='bbox 1742 356 1933 402; x_wconf 88' lang='lat' dir='ltr'><strong>pauper-</strong></span> 
     </span>
     <span class='ocr_line' id='line_1_5' title="bbox 143 429 1296 492; baseline -0.003 -15"><span class='ocrx_word' id='word_1_16' title='bbox 143 435 305 489; x_wconf 83' lang='lat' dir='ltr'>tatem,</span> <span class='ocrx_word' id='word_1_17' title='bbox 341 436 607 492; x_wconf 88' lang='lat' dir='ltr'><strong>ceterasque</strong></span> <span class='ocrx_word' id='word_1_18' title='bbox 639 444 802 477; x_wconf 80' lang='lat' dir='ltr'><strong>causas</strong></span> <span class='ocrx_word' id='word_1_19' title='bbox 833 445 859 476; x_wconf 91' lang='lat' dir='ltr'><strong>a</strong></span> <span class='ocrx_word' id='word_1_20' title='bbox 893 431 993 475; x_wconf 90' lang='lat' dir='ltr'><strong>iure</strong></span> <span class='ocrx_word' id='word_1_21' title='bbox 1029 429 1242 488; x_wconf 84' lang='lat' dir='ltr'><strong>probatas</strong></span> <span class='ocrx_word' id='word_1_22' title='bbox 1265 429 1296 473; x_wconf 80' lang='lat'><strong>¹.</strong></span> 
     </span>
    </p>

    <p class='ocr_par' dir='ltr' id='par_1_5' title="bbox 141 509 1934 810">
     <span class='ocr_line' id='line_1_6' title="bbox 264 509 1934 572; baseline -0.005 -11"><span class='ocrx_word' id='word_1_23' title='bbox 264 516 332 561; x_wconf 88' lang='lat'><strong>19.</strong></span> <span class='ocrx_word' id='word_1_24' title='bbox 372 519 484 561; x_wconf 92' lang='lat' dir='ltr'><strong>Item</strong></span> <span class='ocrx_word' id='word_1_25' title='bbox 507 514 758 560; x_wconf 90' lang='lat' dir='ltr'><strong>summarie</strong></span> <span class='ocrx_word' id='word_1_26' title='bbox 781 527 1058 572; x_wconf 81' lang='lat' dir='ltr'><strong>cognoscere</strong></span> <span class='ocrx_word' id='word_1_27' title='bbox 1080 513 1135 558; x_wconf 88' lang='lat' dir='ltr'><strong>de</strong></span> <span class='ocrx_word' id='word_1_28' title='bbox 1157 509 1579 570; x_wconf 83' lang='lat' dir='ltr'><strong>dispensationibus</strong></span> <span class='ocrx_word' id='word_1_29' title='bbox 1609 524 1634 555; x_wconf 93' lang='lat' dir='ltr'><strong>a</strong></span> <span class='ocrx_word' id='word_1_30' title='bbox 1672 509 1784 555; x_wconf 88' lang='lat' dir='ltr'><strong>Sede</strong></span> <span class='ocrx_word' id='word_1_31' title='bbox 1819 510 1934 567; x_wconf 83' lang='lat' dir='ltr'><strong>Apo-</strong></span> 
     </span>
     <span class='ocr_line' id='line_1_7' title="bbox 142 593 1931 657; baseline -0.004 -13"><span class='ocrx_word' id='word_1_32' title='bbox 142 598 300 644; x_wconf 89' lang='lat' dir='ltr'><strong>stolica</strong></span> <span class='ocrx_word' id='word_1_33' title='bbox 335 598 532 657; x_wconf 79' lang='lat' dir='ltr'><strong>gratiose</strong></span> <span class='ocrx_word' id='word_1_34' title='bbox 563 597 838 653; x_wconf 87' lang='lat' dir='ltr'><strong>commissis,</strong></span> <span class='ocrx_word' id='word_1_35' title='bbox 874 595 1139 642; x_wconf 86' lang='lat' dir='ltr'><strong>executioni</strong></span> <span class='ocrx_word' id='word_1_36' title='bbox 1162 595 1325 640; x_wconf 90' lang='lat' dir='ltr'><strong>dandis</strong></span> <span class='ocrx_word' id='word_1_37' title='bbox 1347 593 1524 639; x_wconf 90' lang='lat' dir='ltr'><strong>scilicet</strong></span> <span class='ocrx_word' id='word_1_38' title='bbox 1545 593 1645 638; x_wconf 92' lang='lat' dir='ltr'><strong>sine</strong></span> <span class='ocrx_word' id='word_1_39' title='bbox 1669 593 1802 651; x_wconf 87' lang='lat' dir='ltr'><strong>plena</strong></span> <span class='ocrx_word' id='word_1_40' title='bbox 1825 606 1931 638; x_wconf 92' lang='lat' dir='ltr'><strong>cau-</strong></span> 
     </span>
     <span class='ocr_line' id='line_1_8' title="bbox 142 676 1932 740; baseline -0.003 -13"><span class='ocrx_word' id='word_1_41' title='bbox 142 695 218 728; x_wconf 86' lang='lat' dir='ltr'><strong>sac</strong></span> <span class='ocrx_word' id='word_1_42' title='bbox 250 681 530 740; x_wconf 82' lang='lat' dir='ltr'><strong>cognitione,</strong></span> <span class='ocrx_word' id='word_1_43' title='bbox 565 695 624 726; x_wconf 92' lang='lat' dir='ltr'><strong>an</strong></span> <span class='ocrx_word' id='word_1_44' title='bbox 658 680 975 739; x_wconf 79' lang='lat' dir='ltr'><strong>subreptitiae,</strong></span> <span class='ocrx_word' id='word_1_45' title='bbox 1012 680 1085 724; x_wconf 83' lang='lat' dir='ltr'><strong>vel</strong></span> <span class='ocrx_word' id='word_1_46' title='bbox 1127 678 1399 737; x_wconf 87' lang='lat' dir='ltr'><strong>obreptitiae</strong></span> <span class='ocrx_word' id='word_1_47' title='bbox 1440 677 1560 733; x_wconf 93' lang='lat' dir='ltr'><strong>sint,</strong></span> <span class='ocrx_word' id='word_1_48' title='bbox 1606 677 1741 722; x_wconf 90' lang='lat' dir='ltr'><strong>sicuti</strong></span> <span class='ocrx_word' id='word_1_49' title='bbox 1783 680 1830 722; x_wconf 89' lang='lat' dir='ltr'><strong>et</strong></span> <span class='ocrx_word' id='word_1_50' title='bbox 1875 676 1932 721; x_wconf 92' lang='lat' dir='ltr'><strong>de</strong></span> 
     </span>
     <span class='ocr_line' id='line_1_9' title="bbox 141 763 1267 810; baseline -0.003 -1"><span class='ocrx_word' id='word_1_51' title='bbox 141 763 582 810; x_wconf 90' lang='lat' dir='ltr'><strong>commutationibus</strong></span> <span class='ocrx_word' id='word_1_52' title='bbox 613 764 881 809; x_wconf 85' lang='lat' dir='ltr'><strong>ultimarum</strong></span> <span class='ocrx_word' id='word_1_53' title='bbox 915 764 1210 808; x_wconf 89' lang='lat' dir='ltr'><strong>voluntatum</strong></span> <span class='ocrx_word' id='word_1_54' title='bbox 1235 763 1267 807; x_wconf 84' lang='lat'><strong>².</strong></span> 
     </span>
    </p>

    <p class='ocr_par' dir='ltr' id='par_1_6' title="bbox 86 843 1930 1158">
     <span class='ocr_line' id='line_1_10' title="bbox 262 843 1930 906; baseline -0.004 -13"><span class='ocrx_word' id='word_1_55' title='bbox 262 850 333 893; x_wconf 87' lang='lat'><strong>20.</strong></span> <span class='ocrx_word' id='word_1_56' title='bbox 373 852 485 893; x_wconf 89' lang='lat' dir='ltr'><strong>Item</strong></span> <span class='ocrx_word' id='word_1_57' title='bbox 518 849 627 893; x_wconf 87' lang='lat' dir='ltr'><strong>dare</strong></span> <span class='ocrx_word' id='word_1_58' title='bbox 661 848 870 906; x_wconf 91' lang='lat' dir='ltr'><strong>parochis</strong></span> <span class='ocrx_word' id='word_1_59' title='bbox 903 846 1127 904; x_wconf 87' lang='lat' dir='ltr'><strong>imperitis</strong></span> <span class='ocrx_word' id='word_1_60' title='bbox 1164 845 1292 904; x_wconf 87' lang='lat' dir='ltr'><strong>(alias</strong></span> <span class='ocrx_word' id='word_1_61' title='bbox 1313 845 1534 890; x_wconf 90' lang='lat' dir='ltr'><strong>honestae</strong></span> <span class='ocrx_word' id='word_1_62' title='bbox 1557 843 1720 901; x_wconf 85' lang='lat' dir='ltr'><strong>vitae),</strong></span> <span class='ocrx_word' id='word_1_63' title='bbox 1747 843 1930 890; x_wconf 90' lang='lat' dir='ltr'><strong>coadiu-</strong></span> 
     </span>
     <span class='ocr_line' id='line_1_11' title="bbox 86 927 1928 991; baseline -0.003 -13"><span class='ocrx_word' id='word_1_64' title='bbox 86 963 89 966; x_wconf 57' lang='lat'><strong>&gt;</strong></span> <span class='ocrx_word' id='word_1_65' title='bbox 141 937 263 978; x_wconf 86' lang='lat' dir='ltr'><strong>tores</strong></span> <span class='ocrx_word' id='word_1_66' title='bbox 294 947 375 990; x_wconf 92' lang='lat' dir='ltr'><strong>pro</strong></span> <span class='ocrx_word' id='word_1_67' title='bbox 407 937 631 991; x_wconf 85' lang='lat' dir='ltr'><strong>tempore,</strong></span> <span class='ocrx_word' id='word_1_68' title='bbox 667 932 828 991; x_wconf 90' lang='lat' dir='ltr'><strong>hisque</strong></span> <span class='ocrx_word' id='word_1_69' title='bbox 850 931 1083 989; x_wconf 86' lang='lat' dir='ltr'><strong>assignare</strong></span> <span class='ocrx_word' id='word_1_70' title='bbox 1108 931 1343 975; x_wconf 83' lang='lat' dir='ltr'><strong>fructuum</strong></span> <span class='ocrx_word' id='word_1_71' title='bbox 1369 933 1547 989; x_wconf 84' lang='lat' dir='ltr'><strong>partem</strong></span> <span class='ocrx_word' id='word_1_72' title='bbox 1582 943 1660 987; x_wconf 92' lang='lat' dir='ltr'><strong>pro</strong></span> <span class='ocrx_word' id='word_1_73' title='bbox 1684 927 1928 974; x_wconf 87' lang='lat' dir='ltr'><strong>sufficienti</strong></span> 
     </span>
     <span class='ocr_line' id='line_1_12' title="bbox 143 1012 1927 1074; baseline -0.001 -14"><span class='ocrx_word' id='word_1_74' title='bbox 143 1015 287 1071; x_wconf 84' lang='lat' dir='ltr'><strong>victu,</strong></span> <span class='ocrx_word' id='word_1_75' title='bbox 324 1016 434 1061; x_wconf 93' lang='lat' dir='ltr'><strong>alios</strong></span> <span class='ocrx_word' id='word_1_76' title='bbox 468 1029 578 1060; x_wconf 88' lang='lat' dir='ltr'><strong>vero</strong></span> <span class='ocrx_word' id='word_1_77' title='bbox 602 1015 824 1074; x_wconf 82' lang='lat' dir='ltr'><strong>parochos</strong></span> <span class='ocrx_word' id='word_1_78' title='bbox 847 1013 1044 1073; x_wconf 77' lang='lat' dir='ltr'><strong>turpiter</strong></span> <span class='ocrx_word' id='word_1_79' title='bbox 1074 1018 1121 1058; x_wconf 91' lang='lat' dir='ltr'><strong>et</strong></span> <span class='ocrx_word' id='word_1_80' title='bbox 1153 1014 1420 1058; x_wconf 81' lang='lat' dir='ltr'><strong>scandalose</strong></span> <span class='ocrx_word' id='word_1_81' title='bbox 1444 1012 1659 1058; x_wconf 88' lang='lat' dir='ltr'><strong>viventes</strong></span> <span class='ocrx_word' id='word_1_82' title='bbox 1685 1013 1927 1071; x_wconf 86' lang='lat' dir='ltr'><strong>castigare,</strong></span> 
     </span>
     <span class='ocr_line' id='line_1_13' title="bbox 142 1096 1645 1158; baseline -0.001 -16"><span class='ocrx_word' id='word_1_83' title='bbox 142 1102 187 1142; x_wconf 90' lang='lat' dir='ltr'><strong>et</strong></span> <span class='ocrx_word' id='word_1_84' title='bbox 219 1097 255 1143; x_wconf 94' lang='lat' dir='ltr'><strong>si</strong></span> <span class='ocrx_word' id='word_1_85' title='bbox 291 1098 335 1142; x_wconf 93' lang='lat' dir='ltr'><strong>in</strong></span> <span class='ocrx_word' id='word_1_86' title='bbox 371 1097 576 1157; x_wconf 89' lang='lat' dir='ltr'><strong>nequitia</strong></span> <span class='ocrx_word' id='word_1_87' title='bbox 611 1102 926 1158; x_wconf 86' lang='lat' dir='ltr'><strong>perseverent,</strong></span> <span class='ocrx_word' id='word_1_88' title='bbox 962 1098 1103 1142; x_wconf 89' lang='lat' dir='ltr'><strong>etiam</strong></span> <span class='ocrx_word' id='word_1_89' title='bbox 1138 1097 1374 1142; x_wconf 83' lang='lat' dir='ltr'><strong>beneficiis</strong></span> <span class='ocrx_word' id='word_1_90' title='bbox 1406 1096 1590 1155; x_wconf 92' lang='lat' dir='ltr'><strong>privare</strong></span> <span class='ocrx_word' id='word_1_91' title='bbox 1615 1097 1645 1140; x_wconf 77' lang='lat'><strong>³.</strong></span> 
     </span>
    </p>

    <p class='ocr_par' dir='ltr' id='par_1_7' title="bbox 139 1179 1931 1394">
     <span class='ocr_line' id='line_1_14' title="bbox 262 1179 1931 1239; baseline -0.001 -14"><span class='ocrx_word' id='word_1_92' title='bbox 262 1182 332 1226; x_wconf 80' lang='lat'><strong>21.</strong></span> <span class='ocrx_word' id='word_1_93' title='bbox 372 1181 549 1226; x_wconf 87' lang='lat' dir='ltr'><strong>Debent</strong></span> <span class='ocrx_word' id='word_1_94' title='bbox 581 1182 851 1226; x_wconf 88' lang='lat' dir='ltr'><strong>ultimarum</strong></span> <span class='ocrx_word' id='word_1_95' title='bbox 886 1181 1183 1226; x_wconf 87' lang='lat' dir='ltr'><strong>voluntatum</strong></span> <span class='ocrx_word' id='word_1_96' title='bbox 1227 1180 1547 1239; x_wconf 90' lang='lat' dir='ltr'><strong>dispositiones</strong></span> <span class='ocrx_word' id='word_1_97' title='bbox 1590 1179 1841 1225; x_wconf 88' lang='lat' dir='ltr'><strong>summarie</strong></span> <span class='ocrx_word' id='word_1_98' title='bbox 1883 1184 1931 1224; x_wconf 89' lang='lat' dir='ltr'><strong>et</strong></span> 
     </span>
     <span class='ocr_line' id='line_1_15' title="bbox 140 1264 1929 1323; baseline -0.001 -14"><span class='ocrx_word' id='word_1_99' title='bbox 140 1264 550 1309; x_wconf 86' lang='lat' dir='ltr'><strong>extraiudicialiter</strong></span> <span class='ocrx_word' id='word_1_100' title='bbox 581 1277 875 1322; x_wconf 87' lang='lat' dir='ltr'><strong>cognoscere,</strong></span> <span class='ocrx_word' id='word_1_101' title='bbox 911 1268 1161 1323; x_wconf 83' lang='lat' dir='ltr'><strong>antequam</strong></span> <span class='ocrx_word' id='word_1_102' title='bbox 1195 1278 1354 1309; x_wconf 89' lang='lat' dir='ltr'><strong>earum</strong></span> <span class='ocrx_word' id='word_1_103' title='bbox 1389 1264 1781 1309; x_wconf 88' lang='lat' dir='ltr'><strong>commutationes</strong></span> <span class='ocrx_word' id='word_1_104' title='bbox 1823 1278 1929 1308; x_wconf 85' lang='lat' dir='ltr'><strong>exe-</strong></span> 
     </span>
     <span class='ocr_line' id='line_1_16' title="bbox 139 1348 741 1394; baseline 0.002 -2"><span class='ocrx_word' id='word_1_105' title='bbox 139 1348 314 1393; x_wconf 88' lang='lat' dir='ltr'><strong>cutioni</strong></span> <span class='ocrx_word' id='word_1_106' title='bbox 347 1349 686 1393; x_wconf 88' lang='lat' dir='ltr'><strong>demandentur</strong></span> <span class='ocrx_word' id='word_1_107' title='bbox 708 1348 741 1394; x_wconf 69' lang='lat'><strong>⁴.</strong></span> 
     </span>
    </p>

    <p class='ocr_par' dir='ltr' id='par_1_8' title="bbox 139 1430 1928 2078">
     <span class='ocr_line' id='line_1_17' title="bbox 259 1430 1926 1490; baseline 0 -14"><span class='ocrx_word' id='word_1_108' title='bbox 259 1434 330 1477; x_wconf 94' lang='lat'><strong>22.</strong></span> <span class='ocrx_word' id='word_1_109' title='bbox 370 1435 481 1476; x_wconf 88' lang='lat' dir='ltr'><strong>Item</strong></span> <span class='ocrx_word' id='word_1_110' title='bbox 527 1433 778 1476; x_wconf 82' lang='lat' dir='ltr'><strong>transferre</strong></span> <span class='ocrx_word' id='word_1_111' title='bbox 823 1431 1045 1476; x_wconf 83' lang='lat' dir='ltr'><strong>beneficia</strong></span> <span class='ocrx_word' id='word_1_112' title='bbox 1089 1431 1313 1489; x_wconf 85' lang='lat' dir='ltr'><strong>simplicia</strong></span> <span class='ocrx_word' id='word_1_113' title='bbox 1357 1445 1414 1476; x_wconf 87' lang='lat' dir='ltr'><strong>ex</strong></span> <span class='ocrx_word' id='word_1_114' title='bbox 1454 1430 1660 1476; x_wconf 91' lang='lat' dir='ltr'><strong>ecclesiis</strong></span> <span class='ocrx_word' id='word_1_115' title='bbox 1701 1430 1926 1490; x_wconf 78' lang='lat' dir='ltr'><strong>collapsis,</strong></span> 
     </span>
     <span class='ocr_line' id='line_1_18' title="bbox 140 1514 1928 1574; baseline 0 -14"><span class='ocrx_word' id='word_1_116' title='bbox 140 1529 255 1574; x_wconf 88' lang='lat' dir='ltr'><strong>quae</strong></span> <span class='ocrx_word' id='word_1_117' title='bbox 288 1516 345 1560; x_wconf 93' lang='lat' dir='ltr'><strong>ob</strong></span> <span class='ocrx_word' id='word_1_118' title='bbox 380 1519 693 1573; x_wconf 85' lang='lat' dir='ltr'><strong>paupertatem</strong></span> <span class='ocrx_word' id='word_1_119' title='bbox 729 1515 974 1560; x_wconf 85' lang='lat' dir='ltr'><strong>instaurari</strong></span> <span class='ocrx_word' id='word_1_120' title='bbox 1011 1520 1264 1574; x_wconf 86' lang='lat' dir='ltr'><strong>nequeunt,</strong></span> <span class='ocrx_word' id='word_1_121' title='bbox 1301 1514 1347 1558; x_wconf 91' lang='lat' dir='ltr'><strong>in</strong></span> <span class='ocrx_word' id='word_1_122' title='bbox 1384 1514 1615 1569; x_wconf 85' lang='lat' dir='ltr'><strong>matrices,</strong></span> <span class='ocrx_word' id='word_1_123' title='bbox 1650 1514 1823 1559; x_wconf 90' lang='lat' dir='ltr'><strong>aliasve</strong></span> <span class='ocrx_word' id='word_1_124' title='bbox 1855 1528 1928 1560; x_wconf 88' lang='lat' dir='ltr'><strong>ec-</strong></span> 
     </span>
     <span class='ocr_line' id='line_1_19' title="bbox 141 1597 1927 1658; baseline -0.002 -14"><span class='ocrx_word' id='word_1_125' title='bbox 141 1598 318 1654; x_wconf 90' lang='lat' dir='ltr'><strong>clesias,</strong></span> <span class='ocrx_word' id='word_1_126' title='bbox 354 1613 460 1643; x_wconf 90' lang='lat' dir='ltr'><strong>cum</strong></span> <span class='ocrx_word' id='word_1_127' title='bbox 495 1598 588 1644; x_wconf 91' lang='lat' dir='ltr'><strong>suis</strong></span> <span class='ocrx_word' id='word_1_128' title='bbox 619 1598 852 1654; x_wconf 89' lang='lat' dir='ltr'><strong>oneribus,</strong></span> <span class='ocrx_word' id='word_1_129' title='bbox 890 1600 997 1644; x_wconf 92' lang='lat' dir='ltr'><strong>licet</strong></span> <span class='ocrx_word' id='word_1_130' title='bbox 1021 1599 1114 1644; x_wconf 88' lang='lat' dir='ltr'><strong>sint</strong></span> <span class='ocrx_word' id='word_1_131' title='bbox 1137 1599 1249 1644; x_wconf 81' lang='lat' dir='ltr'><strong>iuriS</strong></span> <span class='ocrx_word' id='word_1_132' title='bbox 1274 1603 1575 1658; x_wconf 88' lang='lat' dir='ltr'><strong>patronatus;</strong></span> <span class='ocrx_word' id='word_1_133' title='bbox 1612 1597 1827 1643; x_wconf 88' lang='lat' dir='ltr'><strong>ecclesias</strong></span> <span class='ocrx_word' id='word_1_134' title='bbox 1849 1612 1927 1643; x_wconf 91' lang='lat' dir='ltr'><strong>au-</strong></span> 
     </span>
     <span class='ocr_line' id='line_1_20' title="bbox 140 1682 1926 1743; baseline 0 -16"><span class='ocrx_word' id='word_1_135' title='bbox 140 1686 233 1727; x_wconf 89' lang='lat' dir='ltr'><strong>tem</strong></span> <span class='ocrx_word' id='word_1_136' title='bbox 267 1682 550 1740; x_wconf 86' lang='lat' dir='ltr'><strong>parochiales</strong></span> <span class='ocrx_word' id='word_1_137' title='bbox 593 1682 814 1740; x_wconf 87' lang='lat' dir='ltr'><strong>collapsas</strong></span> <span class='ocrx_word' id='word_1_138' title='bbox 856 1683 1043 1728; x_wconf 84' lang='lat' dir='ltr'><strong>relicere</strong></span> <span class='ocrx_word' id='word_1_139' title='bbox 1082 1683 1252 1728; x_wconf 85' lang='lat' dir='ltr'><strong>debent</strong></span> <span class='ocrx_word' id='word_1_140' title='bbox 1274 1698 1331 1729; x_wconf 88' lang='lat' dir='ltr'><strong>ex</strong></span> <span class='ocrx_word' id='word_1_141' title='bbox 1355 1683 1721 1743; x_wconf 86' lang='lat' dir='ltr'><strong>quibuscumque</strong></span> <span class='ocrx_word' id='word_1_142' title='bbox 1744 1682 1926 1727; x_wconf 89' lang='lat' dir='ltr'><strong>illarum</strong></span> 
     </span>
     <span class='ocr_line' id='line_1_21' title="bbox 141 1764 1928 1824; baseline 0.001 -15"><span class='ocrx_word' id='word_1_143' title='bbox 141 1764 380 1819; x_wconf 82' lang='lat' dir='ltr'><strong>fructibus,</strong></span> <span class='ocrx_word' id='word_1_144' title='bbox 417 1769 463 1809; x_wconf 90' lang='lat' dir='ltr'><strong>et</strong></span> <span class='ocrx_word' id='word_1_145' title='bbox 495 1765 565 1810; x_wconf 90' lang='lat' dir='ltr'><strong>his</strong></span> <span class='ocrx_word' id='word_1_146' title='bbox 598 1765 934 1821; x_wconf 84' lang='lat' dir='ltr'><strong>deficientibus,</strong></span> <span class='ocrx_word' id='word_1_147' title='bbox 972 1766 1276 1824; x_wconf 87' lang='lat' dir='ltr'><strong>parochianos</strong></span> <span class='ocrx_word' id='word_1_148' title='bbox 1309 1766 1524 1824; x_wconf 85' lang='lat' dir='ltr'><strong>congruis</strong></span> <span class='ocrx_word' id='word_1_149' title='bbox 1557 1765 1668 1811; x_wconf 89' lang='lat' dir='ltr'><strong>iuris</strong></span> <span class='ocrx_word' id='word_1_150' title='bbox 1715 1766 1928 1811; x_wconf 86' lang='lat' dir='ltr'><strong>remediis</strong></span> 
     </span>
     <span class='ocr_line' id='line_1_22' title="bbox 140 1849 1927 1910; baseline -0.001 -15"><span class='ocrx_word' id='word_1_151' title='bbox 140 1850 194 1895; x_wconf 93' lang='lat' dir='ltr'><strong>ad</strong></span> <span class='ocrx_word' id='word_1_152' title='bbox 230 1849 327 1894; x_wconf 83' lang='lat' dir='ltr'><strong>illas</strong></span> <span class='ocrx_word' id='word_1_153' title='bbox 360 1851 684 1895; x_wconf 85' lang='lat' dir='ltr'><strong>restaurandas</strong></span> <span class='ocrx_word' id='word_1_154' title='bbox 716 1851 1007 1910; x_wconf 86' lang='lat' dir='ltr'><strong>compellere,</strong></span> <span class='ocrx_word' id='word_1_155' title='bbox 1045 1851 1262 1896; x_wconf 80' lang='lat' dir='ltr'><strong>invocato</strong></span> <span class='ocrx_word' id='word_1_156' title='bbox 1295 1851 1349 1895; x_wconf 84' lang='lat' dir='ltr'><strong>ad</strong></span> <span class='ocrx_word' id='word_1_157' title='bbox 1376 1852 1461 1896; x_wconf 91' lang='lat' dir='ltr'><strong>hoc</strong></span> <span class='ocrx_word' id='word_1_158' title='bbox 1484 1850 1655 1895; x_wconf 87' lang='lat' dir='ltr'><strong>brachii</strong></span> <span class='ocrx_word' id='word_1_159' title='bbox 1681 1850 1927 1896; x_wconf 87' lang='lat' dir='ltr'><strong>saecularis</strong></span> 
     </span>
     <span class='ocr_line' id='line_1_23' title="bbox 140 1932 1927 1993; baseline 0.001 -17"><span class='ocrx_word' id='word_1_160' title='bbox 140 1932 326 1978; x_wconf 85' lang='lat' dir='ltr'><strong>auxilio.</strong></span> <span class='ocrx_word' id='word_1_161' title='bbox 363 1935 491 1989; x_wconf 82' lang='lat' dir='ltr'><strong>Quod</strong></span> <span class='ocrx_word' id='word_1_162' title='bbox 524 1934 559 1979; x_wconf 91' lang='lat' dir='ltr'><strong>si</strong></span> <span class='ocrx_word' id='word_1_163' title='bbox 596 1938 779 1992; x_wconf 87' lang='lat' dir='ltr'><strong>propter</strong></span> <span class='ocrx_word' id='word_1_164' title='bbox 812 1934 1004 1979; x_wconf 88' lang='lat' dir='ltr'><strong>nimiam</strong></span> <span class='ocrx_word' id='word_1_165' title='bbox 1039 1935 1307 1979; x_wconf 89' lang='lat' dir='ltr'><strong>eorumdem</strong></span> <span class='ocrx_word' id='word_1_166' title='bbox 1343 1934 1730 1993; x_wconf 83' lang='lat' dir='ltr'><strong>parochianorum</strong></span> <span class='ocrx_word' id='word_1_167' title='bbox 1754 1939 1927 1992; x_wconf 74' lang='lat' dir='ltr'><strong>egesta-</strong></span> 
     </span>
     <span class='ocr_line' id='line_1_24' title="bbox 139 2018 1683 2078; baseline 0.001 -18"><span class='ocrx_word' id='word_1_168' title='bbox 139 2021 233 2061; x_wconf 92' lang='lat' dir='ltr'><strong>tem</strong></span> <span class='ocrx_word' id='word_1_169' title='bbox 267 2018 309 2061; x_wconf 85' lang='lat' dir='ltr'><strong>id</strong></span> <span class='ocrx_word' id='word_1_170' title='bbox 343 2018 440 2063; x_wconf 85' lang='lat' dir='ltr'><strong>fieri</strong></span> <span class='ocrx_word' id='word_1_171' title='bbox 474 2022 689 2078; x_wconf 87' lang='lat' dir='ltr'><strong>nequeat,</strong></span> <span class='ocrx_word' id='word_1_172' title='bbox 724 2019 893 2063; x_wconf 90' lang='lat' dir='ltr'><strong>debent</strong></span> <span class='ocrx_word' id='word_1_173' title='bbox 927 2018 1060 2063; x_wconf 90' lang='lat' dir='ltr'><strong>modo</strong></span> <span class='ocrx_word' id='word_1_174' title='bbox 1092 2018 1354 2076; x_wconf 89' lang='lat' dir='ltr'><strong>supradicto</strong></span> <span class='ocrx_word' id='word_1_175' title='bbox 1378 2020 1627 2063; x_wconf 85' lang='lat' dir='ltr'><strong>transferre</strong></span> <span class='ocrx_word' id='word_1_176' title='bbox 1652 2019 1683 2062; x_wconf 88' lang='lat'><strong>⁵.</strong></span> 
     </span>
    </p>

    <p class='ocr_par' dir='ltr' id='par_1_9' title="bbox 139 2101 1926 2327">
     <span class='ocr_line' id='line_1_25' title="bbox 258 2101 1926 2160; baseline 0.001 -16"><span class='ocrx_word' id='word_1_177' title='bbox 258 2101 329 2144; x_wconf 83' lang='lat'><strong>25.</strong></span> <span class='ocrx_word' id='word_1_178' title='bbox 370 2105 562 2145; x_wconf 88' lang='lat' dir='ltr'><strong>Possunt</strong></span> <span class='ocrx_word' id='word_1_179' title='bbox 593 2102 863 2146; x_wconf 85' lang='lat' dir='ltr'><strong>examinare</strong></span> <span class='ocrx_word' id='word_1_180' title='bbox 898 2101 1118 2156; x_wconf 84' lang='lat' dir='ltr'><strong>notarios,</strong></span> <span class='ocrx_word' id='word_1_181' title='bbox 1154 2115 1445 2160; x_wconf 89' lang='lat' dir='ltr'><strong>quacumque</strong></span> <span class='ocrx_word' id='word_1_182' title='bbox 1482 2101 1758 2147; x_wconf 85' lang='lat' dir='ltr'><strong>auctoritate</strong></span> <span class='ocrx_word' id='word_1_183' title='bbox 1801 2114 1926 2145; x_wconf 87' lang='lat' dir='ltr'><strong>crea-</strong></span> 
     </span>
     <span class='ocr_line' id='line_1_26' title="bbox 139 2184 1925 2245; baseline 0.001 -17"><span class='ocrx_word' id='word_1_184' title='bbox 139 2188 224 2239; x_wconf 90' lang='lat' dir='ltr'><strong>tos,</strong></span> <span class='ocrx_word' id='word_1_185' title='bbox 261 2184 538 2244; x_wconf 91' lang='lat' dir='ltr'><strong>idoneosque</strong></span> <span class='ocrx_word' id='word_1_186' title='bbox 572 2200 665 2231; x_wconf 92' lang='lat' dir='ltr'><strong>non</strong></span> <span class='ocrx_word' id='word_1_187' title='bbox 703 2191 931 2245; x_wconf 77' lang='lat' dir='ltr'><strong>repertos,</strong></span> <span class='ocrx_word' id='word_1_188' title='bbox 982 2186 1039 2231; x_wconf 90' lang='lat' dir='ltr'><strong>ab</strong></span> <span class='ocrx_word' id='word_1_189' title='bbox 1078 2186 1227 2231; x_wconf 85' lang='lat' dir='ltr'><strong>officio</strong></span> <span class='ocrx_word' id='word_1_190' title='bbox 1269 2186 1452 2244; x_wconf 75' lang='lat' dir='ltr'><strong>privare</strong></span> <span class='ocrx_word' id='word_1_191' title='bbox 1496 2191 1714 2245; x_wconf 86' lang='lat' dir='ltr'><strong>perpetuo</strong></span> <span class='ocrx_word' id='word_1_192' title='bbox 1759 2186 1831 2230; x_wconf 90' lang='lat' dir='ltr'><strong>vel</strong></span> <span class='ocrx_word' id='word_1_193' title='bbox 1869 2185 1925 2230; x_wconf 90' lang='lat' dir='ltr'><strong>ad</strong></span> 
     </span>
     <span class='ocr_line' id='line_1_27' title="bbox 139 2267 1486 2327; baseline 0.001 -15"><span class='ocrx_word' id='word_1_194' title='bbox 139 2272 321 2326; x_wconf 92' lang='lat' dir='ltr'><strong>tempus</strong></span> <span class='ocrx_word' id='word_1_195' title='bbox 352 2269 499 2327; x_wconf 87' lang='lat' dir='ltr'><strong>quoad</strong></span> <span class='ocrx_word' id='word_1_196' title='bbox 534 2282 695 2314; x_wconf 87' lang='lat' dir='ltr'><strong>causas</strong></span> <span class='ocrx_word' id='word_1_197' title='bbox 727 2268 1060 2315; x_wconf 87' lang='lat' dir='ltr'><strong>ecclesiasticas</strong></span> <span class='ocrx_word' id='word_1_198' title='bbox 1092 2273 1138 2313; x_wconf 86' lang='lat' dir='ltr'><strong>et</strong></span> <span class='ocrx_word' id='word_1_199' title='bbox 1170 2267 1431 2326; x_wconf 84' lang='lat' dir='ltr'><strong>spirituales</strong></span> <span class='ocrx_word' id='word_1_200' title='bbox 1453 2269 1486 2313; x_wconf 88' lang='lat'><strong>⁶.</strong></span> 
     </span>
    </p>

    <p class='ocr_par' dir='ltr' id='par_1_10' title="bbox 140 2351 1926 2576">
     <span class='ocr_line' id='line_1_28' title="bbox 257 2351 1926 2410; baseline -0.001 -14"><span class='ocrx_word' id='word_1_201' title='bbox 257 2353 330 2397; x_wconf 75' lang='lat'><strong>24.</strong></span> <span class='ocrx_word' id='word_1_202' title='bbox 370 2353 510 2397; x_wconf 85' lang='lat' dir='ltr'><strong>Debet</strong></span> <span class='ocrx_word' id='word_1_203' title='bbox 545 2353 789 2410; x_wconf 82' lang='lat' dir='ltr'><strong>Episcopus</strong></span> <span class='ocrx_word' id='word_1_204' title='bbox 823 2352 1019 2397; x_wconf 84' lang='lat' dir='ltr'><strong>vicinior</strong></span> <span class='ocrx_word' id='word_1_205' title='bbox 1052 2352 1240 2397; x_wconf 88' lang='lat' dir='ltr'><strong>visitare</strong></span> <span class='ocrx_word' id='word_1_206' title='bbox 1273 2352 1490 2397; x_wconf 88' lang='lat' dir='ltr'><strong>ecclesias</strong></span> <span class='ocrx_word' id='word_1_207' title='bbox 1522 2352 1781 2397; x_wconf 89' lang='lat' dir='ltr'><strong>saeculares</strong></span> <span class='ocrx_word' id='word_1_208' title='bbox 1827 2351 1926 2395; x_wconf 89' lang='lat' dir='ltr'><strong>nul-</strong></span> 
     </span>
     <span class='ocr_line' id='line_1_29' title="bbox 140 2433 1924 2495; baseline 0.001 -18"><span class='ocrx_word' id='word_1_209' title='bbox 140 2433 225 2479; x_wconf 92' lang='lat' dir='ltr'><strong>lius</strong></span> <span class='ocrx_word' id='word_1_210' title='bbox 256 2434 491 2490; x_wconf 89' lang='lat' dir='ltr'><strong>dioecesis,</strong></span> <span class='ocrx_word' id='word_1_211' title='bbox 527 2434 563 2479; x_wconf 92' lang='lat' dir='ltr'><strong>si</strong></span> <span class='ocrx_word' id='word_1_212' title='bbox 598 2434 640 2479; x_wconf 93' lang='lat' dir='ltr'><strong>id</strong></span> <span class='ocrx_word' id='word_1_213' title='bbox 674 2439 882 2480; x_wconf 86' lang='lat' dir='ltr'><strong>constet:</strong></span> <span class='ocrx_word' id='word_1_214' title='bbox 918 2436 1122 2495; x_wconf 76' lang='lat' dir='ltr'><strong>alioqum</strong></span> <span class='ocrx_word' id='word_1_215' title='bbox 1160 2435 1335 2480; x_wconf 86' lang='lat' dir='ltr'><strong>visitari</strong></span> <span class='ocrx_word' id='word_1_216' title='bbox 1369 2435 1539 2480; x_wconf 88' lang='lat' dir='ltr'><strong>debent</strong></span> <span class='ocrx_word' id='word_1_217' title='bbox 1571 2435 1628 2479; x_wconf 91' lang='lat' dir='ltr'><strong>ab</strong></span> <span class='ocrx_word' id='word_1_218' title='bbox 1660 2449 1730 2490; x_wconf 86' lang='lat' dir='ltr'><strong>eo,</strong></span> <span class='ocrx_word' id='word_1_219' title='bbox 1756 2433 1924 2494; x_wconf 88' lang='lat' dir='ltr'><strong>quise-</strong></span> 
     </span>
     <span class='ocr_line' id='line_1_30' title="bbox 141 2516 1784 2576; baseline -0.001 -15"><span class='ocrx_word' id='word_1_220' title='bbox 141 2516 228 2561; x_wconf 91' lang='lat' dir='ltr'><strong>mel</strong></span> <span class='ocrx_word' id='word_1_221' title='bbox 260 2516 307 2561; x_wconf 91' lang='lat' dir='ltr'><strong>in</strong></span> <span class='ocrx_word' id='word_1_222' title='bbox 342 2516 533 2562; x_wconf 90' lang='lat' dir='ltr'><strong>concilio</strong></span> <span class='ocrx_word' id='word_1_223' title='bbox 568 2517 776 2576; x_wconf 91' lang='lat' dir='ltr'><strong>provinc.</strong></span> <span class='ocrx_word' id='word_1_224' title='bbox 813 2532 837 2562; x_wconf 95' lang='lat' dir='ltr'><strong>a</strong></span> <span class='ocrx_word' id='word_1_225' title='bbox 877 2519 1079 2563; x_wconf 85' lang='lat' dir='ltr'><strong>Praelato</strong></span> <span class='ocrx_word' id='word_1_226' title='bbox 1116 2518 1199 2563; x_wconf 91' lang='lat' dir='ltr'><strong>loci</strong></span> <span class='ocrx_word' id='word_1_227' title='bbox 1234 2518 1354 2563; x_wconf 91' lang='lat' dir='ltr'><strong>illius</strong></span> <span class='ocrx_word' id='word_1_228' title='bbox 1385 2518 1558 2563; x_wconf 90' lang='lat' dir='ltr'><strong>electus</strong></span> <span class='ocrx_word' id='word_1_229' title='bbox 1590 2517 1730 2562; x_wconf 86' lang='lat' dir='ltr'><strong>fuerit</strong></span> <span class='ocrx_word' id='word_1_230' title='bbox 1753 2518 1784 2561; x_wconf 88' lang='lat'><strong>⁷.</strong></span> 
     </span>
    </p>
   </div>
   <div class='ocr_carea' id='block_1_5' title="bbox 253 2673 757 3151">
    <p class='ocr_par' dir='ltr' id='par_1_11' title="bbox 259 2673 701 2719">
     <span class='ocr_line' id='line_1_31' title="bbox 259 2673 701 2719; baseline 0.005 -9"><span class='ocrx_word' id='word_1_231' title='bbox 259 2673 267 2692; x_wconf 90' lang='lat'>¹</span> <span class='ocrx_word' id='word_1_232' title='bbox 295 2674 382 2719; x_wconf 88' lang='lat' dir='ltr'><strong>Cap.</strong></span> <span class='ocrx_word' id='word_1_233' title='bbox 408 2674 452 2719; x_wconf 89' lang='lat' dir='ltr'><strong>V,</strong></span> <span class='ocrx_word' id='word_1_234' title='bbox 479 2674 575 2712; x_wconf 85' lang='lat' dir='ltr'><strong>Sess.</strong></span> <span class='ocrx_word' id='word_1_235' title='bbox 602 2675 701 2712; x_wconf 86' lang='lat' dir='ltr'><strong>XXI.</strong></span> 
     </span>
    </p>

    <p class='ocr_par' dir='ltr' id='par_1_12' title="bbox 253 2744 757 3151">
     <span class='ocr_line' id='line_1_32' title="bbox 256 2744 724 2791; baseline 0.002 -10"><span class='ocrx_word' id='word_1_236' title='bbox 256 2744 268 2762; x_wconf 86' lang='lat'><strong>¹</strong></span> <span class='ocrx_word' id='word_1_237' title='bbox 294 2746 380 2791; x_wconf 83' lang='lat' dir='ltr'><strong>Cap.</strong></span> <span class='ocrx_word' id='word_1_238' title='bbox 408 2746 452 2789; x_wconf 89' lang='lat' dir='ltr'><strong>V,</strong></span> <span class='ocrx_word' id='word_1_239' title='bbox 483 2746 579 2783; x_wconf 85' lang='lat' dir='ltr'><strong>Sess.</strong></span> <span class='ocrx_word' id='word_1_240' title='bbox 607 2747 724 2783; x_wconf 85' lang='lat' dir='ltr'><strong>XXII.</strong></span> 
     </span>
     <span class='ocr_line' id='line_1_33' title="bbox 255 2819 719 2864; baseline 0 -10"><span class='ocrx_word' id='word_1_241' title='bbox 255 2819 268 2838; x_wconf 76' lang='lat'>³</span> <span class='ocrx_word' id='word_1_242' title='bbox 294 2819 379 2864; x_wconf 82' lang='lat' dir='ltr'><strong>Cap.</strong></span> <span class='ocrx_word' id='word_1_243' title='bbox 406 2819 468 2863; x_wconf 91' lang='lat' dir='ltr'><strong>VI,</strong></span> <span class='ocrx_word' id='word_1_244' title='bbox 495 2819 592 2856; x_wconf 82' lang='lat' dir='ltr'><strong>Sess.</strong></span> <span class='ocrx_word' id='word_1_245' title='bbox 619 2819 719 2856; x_wconf 90' lang='lat' dir='ltr'><strong>XXI.</strong></span> 
     </span>
     <span class='ocr_line' id='line_1_34' title="bbox 255 2887 736 2935; baseline 0 -9"><span class='ocrx_word' id='word_1_246' title='bbox 255 2887 271 2908; x_wconf 73' lang='lat'>⁸</span> <span class='ocrx_word' id='word_1_247' title='bbox 296 2890 380 2935; x_wconf 84' lang='lat' dir='ltr'><strong>Cap.</strong></span> <span class='ocrx_word' id='word_1_248' title='bbox 407 2889 469 2933; x_wconf 88' lang='lat' dir='ltr'><strong>VI,</strong></span> <span class='ocrx_word' id='word_1_249' title='bbox 497 2891 593 2927; x_wconf 85' lang='lat' dir='ltr'><strong>Sess.</strong></span> <span class='ocrx_word' id='word_1_250' title='bbox 620 2890 736 2927; x_wconf 91' lang='lat' dir='ltr'><strong>XXII.</strong></span> 
     </span>
     <span class='ocr_line' id='line_1_35' title="bbox 253 2960 729 3007; baseline 0.002 -9"><span class='ocrx_word' id='word_1_251' title='bbox 253 2960 266 2980; x_wconf 79' lang='lat'><strong>⁸</strong></span> <span class='ocrx_word' id='word_1_252' title='bbox 292 2960 378 3007; x_wconf 83' lang='lat' dir='ltr'><strong>Cap.</strong></span> <span class='ocrx_word' id='word_1_253' title='bbox 402 2961 478 3004; x_wconf 91' lang='lat' dir='ltr'><strong>VII,</strong></span> <span class='ocrx_word' id='word_1_254' title='bbox 506 2962 602 2999; x_wconf 88' lang='lat' dir='ltr'><strong>Sess.</strong></span> <span class='ocrx_word' id='word_1_255' title='bbox 629 2962 729 2999; x_wconf 86' lang='lat' dir='ltr'><strong>XXI.</strong></span> 
     </span>
     <span class='ocr_line' id='line_1_36' title="bbox 254 3031 721 3078; baseline 0.004 -10"><span class='ocrx_word' id='word_1_256' title='bbox 254 3031 269 3052; x_wconf 80' lang='lat'><strong>⁶</strong></span> <span class='ocrx_word' id='word_1_257' title='bbox 294 3032 381 3078; x_wconf 88' lang='lat' dir='ltr'><strong>Cap.</strong></span> <span class='ocrx_word' id='word_1_258' title='bbox 408 3033 453 3076; x_wconf 87' lang='lat' dir='ltr'><strong>X,</strong></span> <span class='ocrx_word' id='word_1_259' title='bbox 479 3033 576 3070; x_wconf 90' lang='lat' dir='ltr'><strong>Sess.</strong></span> <span class='ocrx_word' id='word_1_260' title='bbox 604 3033 721 3070; x_wconf 89' lang='lat' dir='ltr'><strong>XXII.</strong></span> 
     </span>
     <span class='ocr_line' id='line_1_37' title="bbox 255 3103 757 3151; baseline 0.004 -11"><span class='ocrx_word' id='word_1_261' title='bbox 255 3103 269 3123; x_wconf 83' lang='lat'>⁷</span> <span class='ocrx_word' id='word_1_262' title='bbox 295 3103 382 3151; x_wconf 86' lang='lat' dir='ltr'><strong>Cap.</strong></span> <span class='ocrx_word' id='word_1_263' title='bbox 408 3104 472 3148; x_wconf 92' lang='lat' dir='ltr'><strong>IX,</strong></span> <span class='ocrx_word' id='word_1_264' title='bbox 498 3104 597 3142; x_wconf 80' lang='lat' dir='ltr'><strong>sess.</strong></span> <span class='ocrx_word' id='word_1_265' title='bbox 624 3105 757 3143; x_wconf 88' lang='lat' dir='ltr'><strong>XXIV.</strong></span> 
     </span>
    </p>
   </div>
   <div class='ocr_carea' id='block_1_6' title="bbox 1292 0 2176 54">
    <p class='ocr_par' dir='ltr' id='par_1_13' title="bbox 1292 0 2176 54">
     <span class='ocr_line' id='line_1_38' title="bbox 1292 0 2176 54; baseline 0 3332"><span class='ocrx_word' id='word_1_266' title='bbox 1292 0 2176 54; x_wconf 95' lang='lat' dir='ltr'><strong> </strong></span> 
     </span>
    </p>
   </div>
  </div>
 </body>
</html>
