2176 3386
207 148 261 187 88
852 167 961 196 PARS
991 169 1015 197 1.
1051 169 1108 197 m:
1136 170 1348 200 pansoms

209 264 410 321 integras
441 273 602 325 gentes
633 271 782 316 oritur
813 273 879 317 uti
913 275 1271 321 consuetudines
1303 290 1421 336 quae
1453 277 1508 322 ad
1533 277 1614 322 ius
1645 279 1852 335 gentium
1890 296 1986 340 per-

207 348 392 407 tinent3
434 354 673 408 yeneralis
704 354 739 398 si
765 355 810 399 in
844 360 942 401 toto
975 371 1115 414 regno
1148 358 1425 416 invaluerit;
1468 360 1682 417 specialis
1720 361 1756 406 si
1799 362 1846 407 in
1890 368 1985 409 tota

208 431 416 489 civitate,
450 437 787 492 specialissima
820 439 856 482 si
891 439 936 483 in
973 439 1164 485 minima
1204 442 1557 487 communitate.
1607 447 1683 488 Est
1715 449 1871 490 tamen
1906 461 1986 492 no-

207 516 428 573 tandum,
463 519 582 576 quod
615 533 719 564 cum
756 521 845 566 liae
878 524 1106 567 minimae
1137 527 1493 569 communitates
1533 526 1653 583 leqes
1691 531 1885 583 proprie
1921 528 1985 572 di-

206 603 303 643 ctas
335 599 419 643 sibi
454 602 736 647 constituere
771 617 861 648 non
899 605 1099 662 possint,
1136 605 1236 650 ideo
1280 620 1427 665 neque
1463 607 1573 652 iuris
1610 610 1980 657 consuetudines.

205 683 245 739 b)
283 683 437 727 Relate
470 684 525 728 ad
558 686 778 729 obiectam
812 688 1097 732 consuetudo
1129 688 1216 732 alia
1250 693 1319 733 est
1355 691 1755 748 extraiadiciali3‚
1791 694 1878 738 alia
1915 697 1984 738 iu-

206 766 390 810 dicialis
424 768 573 824 prouti
608 768 652 812 in
690 769 881 813 materia
925 770 1125 815 iudiciali
1162 773 1233 816 vel
1275 772 1611 817 extraiudiciali
1657 774 1980 821 introducitur.

204 852 426 893 Censetur
459 853 737 895 consuetudo
771 853 1023 907 iudicialis,
1060 867 1164 898 cum
1215 857 1501 900 innumerae
1543 857 1801 902 sententiae
1850 871 1986 916 super

205 933 358 976 eodem
392 947 562 989 {seuere
595 948 837 979 causarum
873 937 1172 993 proferuntur
1202 951 1226 981 a
1251 937 1569 983 tribunalibus.
1609 939 1672 984 Ad
1697 940 1816 983 hanc
1843 939 1982 985 etiam

204 1017 585 1061 consuetudinem
621 1018 854 1062 reducitur
886 1020 1004 1077 quod
1039 1019 1223 1075 dicitur,
1255 1023 1423 1077 praecis
1456 1021 1671 1077 soreii-3223,
1712 1023 1855 1080 stylus
1903 1025 1985 1066 Ca—

203 1103 320 1154 riae,
359 1100 604 1159 magnique
639 1102 861 1145 momenti
896 1107 965 1146 est
997 1104 1052 1147 ad
1088 1103 1156 1146 ius
1188 1103 1453 1159 dicendum,
1495 1109 1631 1163 atque
1674 1104 1982 1162 interpretan-

205 1183 330 1227 dum.
368 1185 404 1237 c)
446 1185 599 1227 Relate
634 1185 820 1228 tandem
859 1186 914 1229 ad
961 1187 1105 1243 leyem
1158 1189 1253 1230 iam
1294 1187 1651 1244 promalgyatam
1699 1188 1982 1232 consuetudo

203 1266 289 1311 alia
324 1272 392 1311 est
423 1268 679 1310 secandam
714 1269 859 1325 leyem
894 1270 983 1312 iam
1019 1270 1157 1313 latam
1193 1283 1330 1328 quam
1367 1268 1520 1313 firmat
1552 1274 1598 1313 et
1633 1269 1980 1327 interpretatur,

205 1352 329 1394 iuxta
369 1350 475 1394 illud
521 1369 540 1389 a
567 1352 844 1394 consuetudo
884 1358 947 1395 est
985 1355 1159 1408 optima
1203 1353 1358 1410 leyetm
1405 1355 1634 1409 interpres
1661 1371 1678 1391 n
1709 1353 1747 1406 ²,
1784 1351 1868 1395 alia
1912 1356 1982 1396 est

202 1434 479 1478 consuetudo
509 1440 699 1490 praeter
732 1435 893 1491 legem,
930 1449 1045 1493 quae
1079 1434 1149 1479 ius
1182 1449 1356 1480 novum
1392 1449 1476 1480 nec
1509 1435 1681 1493 legibus
1730 1434 1831 1478 latis
1872 1447 1978 1478 con-

204 1516 396 1560 trarium
434 1516 700 1571 introducit,
736 1518 822 1561 alia
860 1519 1044 1562 taudem
1080 1524 1149 1563 est
1181 1519 1465 1563 consuetudo
1487 1525 1654 1563 eontra
1677 1519 1838 1575 leyem,
1864 1530 1981 1576 quae

203 1599 287 1656 legi
324 1600 649 1657 praeexistenti
687 1601 755 1644 ius
789 1601 1072 1646 contrarium
1106 1601 1284 1646 inducit
1330 1603 1402 1645 vel
1445 1616 1546 1646 eam
1588 1616 1646 1646 ex
1690 1601 1867 1658 integro
1901 1600 1977 1644 ab·

204 1684 431 1740 royando.
472 1684 543 1727 vel
577 1684 616 1727 ei
650 1684 811 1728 saltem
845 1685 1118 1742 deroyando
1154 1686 1183 1729 ².

439 1829 455 1870 ξ
483 1829 515 1863 3.
545 1829 602 1863 De
629 1829 927 1864 consuetudinis
955 1830 1255 1866 cul-‹ictlic1-ibus
1282 1822 1334 1866 <id
1362 1831 1421 1866 iiis
1458 1832 1741 1869 inducendum.

324 1934 420 1977 tta.
458 1933 591 1978 Hisce
627 1934 903 1992 praehabitis
950 1935 1004 1979 de
1046 1937 1394 1982 consuetudinis
1435 1940 1779 1985 caractheribus
1819 1941 1979 1985 viden-

201 2016 311 2060 dum
345 2022 414 2060 est
446 2018 510 2062 ad
541 2019 613 2061 ias
644 2019 983 2062 inducendum.
1303 2005 1306 2008 Δ

321 2103 433 2145 Cum
468 2101 751 2144 consuetudo
787 2102 998 2145 eamdem
1045 2103 1088 2146 in
1134 2104 1354 2149 societate
1395 2106 1722 2162 obliyationem
1773 2107 1975 2162 inducat,

201 2198 338 2242 quam
374 2183 468 2242 ipsa
505 2183 576 2227 lex
611 2197 634 2227 a
673 2183 880 2241 Principe
915 2187 1199 2243 promulgata
1236 2187 1502 2242 introducit,
1539 2201 1737 2247 cumque
1787 2203 1845 2233 ex
1889 2188 1975 2233 alia

201 2271 327 2325 parte
360 2267 643 2311 consuetudo
676 2281 700 2310 a
736 2268 832 2324 lege
868 2268 1151 2326 promulgata
1175 2269 1371 2324 differat,
1407 2271 1513 2329 quia
1538 2272 1633 2315 alio
1658 2272 1788 2316 modo
1817 2272 1975 2316 eadem

199 2350 414 2408 obligatio
448 2349 772 2405 introducitur,
810 2350 899 2395 iam
937 2355 1062 2408 patet
1093 2353 1213 2411 quod
1247 2354 1530 2398 consuetudo
1564 2354 1726 2398 iisdem
1761 2354 1870 2411 legis
1908 2368 1977 2398 re-

199 2437 378 2493 quisitis
412 2433 580 2477 muniri
615 2433 766 2487 debet,
801 2438 1031 2491 quatenus
1064 2436 1274 2479 eamdem
1318 2436 1509 2492 legalem
1549 2436 1876 2494 obligationem
1910 2436 1977 2481 in·

199 2516 342 2571 ducit,
378 2517 485 2560 aliis
517 2530 540 2559 e
575 2521 735 2559 contra
768 2516 855 2559 sibi
883 2519 1090 2573 propriis
1122 2523 1351 2576 quatenus
1383 2519 1543 2563 eadem
1576 2520 1733 2577 legalis
1764 2520 1977 2578 obligatio

199 2597 533 2644 consuetudine
566 2599 659 2642 alio
694 2600 824 2642 modo
859 2599 1181 2644 introducitur.

322 2683 419 2726 120.
457 2683 502 2737 a)
544 2680 776 2740 Requisita
809 2696 926 2741 quae
959 2684 1243 2728 consuetudo
1277 2698 1382 2728 cum
1408 2685 1503 2741 lege
1525 2688 1797 2731 eommunia
1821 2687 1973 2742 babet,

199 2771 430 2826 quatenus
461 2765 671 2833 eamdem
707 2764 896 2822 legalem
946 2765 1272 2823 obligationem
1322 2767 1501 2812 inducit
1548 2768 1594 2812 in
1643 2769 1886 2826 societate,
1920 2769 1974 2814 ad

320 2935 329 2954 ¹
359 2935 445 2971 Can.
473 2935 506 2979 5,
532 2939 547 2975 ἐ
574 2935 676 2981 leyes,
704 2935 738 2971 d.
764 2935 802 2977 4;
831 2935 852 2971 l.
880 2935 924 2970 57
953 2935 988 2971 ff.
1016 2936 1061 2972 de
1089 2935 1247 2982 legibus.

319 3006 332 3025 ²
358 3007 397 3044 L.
425 3005 469 3043 52
499 3005 533 3043 ff.
560 3006 604 3042 de
632 3006 722 3048 LL.;
748 3015 827 3042 can.
854 3006 886 3048 5,
915 3006 998 3052 dist.
1026 3007 1057 3043 ι.
