2176 3386
238 178 318 219 256
881 166 1005 216 PARS*
1021 187 1045 216 1.
1080 172 1137 215 m:
1165 184 1377 215 PERsoms

237 297 531 342 tantumdem
564 310 688 342 anno
710 296 983 356 insequente
1007 294 1198 341 concedi
1220 299 1359 354 queat
1384 294 1415 339 ¹.
1452 294 1494 351 5)
1524 293 1701 339 Utilitas
1722 293 1911 339 alterius
1940 298 2018 339 Ec·
2151 302 2176 359 ‘3-

238 379 420 436 clesiae,
455 378 517 424 ita
551 383 709 424 tamen
743 383 804 423 ut·
827 379 1008 436 propria
1041 377 1373 422 detrimentum
1408 376 1644 434 spirituale
1667 376 1843 420 nullum
1878 377 2020 435 patia·
2156 360 2166 398 ἶ

238 467 337 520 tur,
374 461 486 508 item
521 462 693 507 utilitas
725 461 1001 520 reipublicae
1037 475 1109 505 ex.
1147 475 1212 518 gr.
1250 461 1306 505 ad
1341 473 1500 518 pacem
1534 459 1888 504 conciliandam.
2157 437 2170 465 ἓ

357 546 652 593 conditiones
683 545 847 605 quibus
880 558 1045 588 causae
1081 543 1214 587 modo
1250 546 1533 587 memoratae
1566 541 1891 598 subiiciuntur,
1935 542 2020 587 1136

239 634 371 674 sunt:
414 631 449 686 l)
478 633 529 673 ut
561 629 784 673 habeatur
817 627 932 672 ratio
967 625 1254 671 necessitatis
1286 625 1457 684 gregis;
1510 626 1551 681 2)
1579 629 1630 669 ut
1670 629 1883 670 servetur
1914 625 2022 670 ordo

239 712 470 769 caritatis;
507 713 548 768 5)
576 717 627 756 ut
658 724 794 756 causa
828 725 945 770 quae
978 711 1135 755 adesse
1180 709 1377 764 dicitur,
1404 711 1478 769 ‚ad
1522 708 1680 753 Sedeni
1718 707 2023 765 Apostolicam

240 810 320 842 seu
353 797 408 841 ad
442 810 618 841 sacram
653 794 1062 853 Congregationem
1097 792 1291 837 fideliter
1322 793 1578 848 deferatur;
1613 793 1658 847 4)
1684 795 1734 834 ut
1766 791 1906 849 ipsius
1940 795 2022 835 Ro-

240 879 367 923 mani
402 877 633 923 Pontilicis
655 876 922 933 adprobatio
946 881 992 920 et
1014 875 1200 920 licentia
1224 875 1413 920 accedat
1431 875 1462 918 ².
1499 874 1625 919 Unde
1648 874 1871 932 sequitur,
1895 873 2025 919 abro-

240 966 395 1020 gatum
431 974 527 1005 esse
561 960 750 1005 Concilii
785 958 1040 1003 Tridentini
1077 960 1333 1014 decretum,
1368 972 1458 1016 quo
1490 956 1713 1002 eiusmodi
1746 970 1911 1002 causae
1950 970 2023 1002 60-

241 1044 385 1102 gnitio
418 1048 465 1088 et
496 1043 682 1088 licentia
715 1043 856 1087 etiam
892 1041 1245 1099 Metropolitano
1269 1040 1622 1099 permittebatur
1644 1040 1673 1083 ³.
1714 1039 1950 1098 Excipitur
1970 1043 2027 1085 ab

242 1128 326 1172 hac
359 1127 455 1185 lege
487 1127 654 1183 duplex
688 1125 923 1170 absentiae
946 1138 1101 1180 causa,
1126 1123 1324 1169 adeundi
1349 1138 1516 1182 nempe
1543 1123 1612 1168 vel
1635 1122 1888 1168 Concilium
1919 1127 2023 1169 Pro-

242 1210 439 1255 vinciale
475 1211 546 1254 vel
579 1209 770 1254 Comitia
805 1209 982 1267 publica
1004 1208 1034 1253 ⁴.

754 1349 771 1395 ἓ
798 1351 829 1385 5.
858 1370 905 1373 —
930 1349 989 1385 De
1023 1348 1252 1384 visitatione
1279 1348 1522 1384 Dioeceseos.

362 1464 463 1508 ⁹290.
502 1465 613 1507 Cum
638 1461 743 1505 boni
768 1460 961 1519 pastoris
978 1460 1037 1504 sit
1054 1473 1165 1504 oves
1187 1473 1292 1504 suas
1316 1472 1447 1504 nosse
1470 1463 1516 1503 et
1539 1460 1594 1503 ab
1618 1459 1776 1504 iisdem
1797 1460 2026 1518 cognosci,

243 1544 464 1590 dioecesis
500 1543 699 1588 visitatio
740 1543 802 1588 ita
842 1557 949 1588 cum
986 1542 1197 1600 pastorali
1236 1542 1557 1600 Episcoporum
1599 1543 1746 1588 officio
1786 1538 2026 1597 cohaeret,

244 1631 294 1670 ut
326 1641 378 1671 ea
415 1628 676 1671 nullatenus
724 1626 875 1671 omitti
909 1630 989 1670 aut
1022 1626 1186 1684 negligi
1222 1626 1375 1683 possit.
1432 1630 1491 1671 De
1525 1629 1609 1671 hac
1651 1631 1839 1684 agentes
1883 1627 2029 1685 inqui—

245 1723 425 1754 remus:
466 1711 502 1766 l)
531 1709 729 1763 Quinam
765 1710 824 1753 sit
856 1708 954 1754 eius
989 1721 1168 1767 scopus,
1199 1708 1268 1752 vis
1306 1722 1359 1752 ac
1400 1708 1619 1753 materia:
1665 1710 1706 1765 2>
1744 1708 1941 1762 Quinam
1973 1708 2031 1752 sit

246 1793 408 1837 modus
430 1806 483 1837 ac
508 1796 689 1850 tempus
706 1806 796 1851 quo
820 1793 1076 1848 peragenda
1099 1796 1183 1835 est.
1211 1791 1252 1848 5)
1273 1790 1390 1844 Quid
1411 1791 1465 1835 de
1489 1791 1702 1849 expensis
1725 1792 2029 1835 constitutum

248 1873 295 1918 in
329 1874 426 1917 iure
459 1875 531 1918 sit.

367 1958 466 2001 291.
498 1957 561 2002 Ad
584 1958 784 2015 primum
807 1957 926 2015 quod
950 1956 1135 2012 attinet,
1160 1956 1415 2002 Concilium
1441 1955 1758 2000 'tridentinum
1784 1956 1797 1980 ⁵
1831 1956 2032 2000 declarat

248 2040 527 2085 visitationis
546 2041 841 2098 praecipuum
865 2040 1005 2085 finem
1031 2054 1127 2085 esse
1150 2054 1312 2084 sanam
1336 2040 1730 2098 orthodoxamque
1753 2039 2030 2095 doctrinam,

247 2125 447 2184 expulsis
482 2125 759 2180 haeresibus,
798 2125 1031 2180 inducere,
1070 2125 1212 2169 bonos
1248 2138 1396 2169 mores
1430 2124 1566 2179 tueri,
1593 2138 1760 2183 pravos
1787 2124 2030 2182 corrigere,

250 2209 465 2267 populum
500 2207 894 2252 cohortationibus
927 2212 973 2252 et
1007 2207 1339 2252 monitionibus
1371 2209 1426 2252 ad
1461 2207 1744 2265 religionem,
1781 2222 1940 2266 pacem
1969 2207 2037 2253 in-

249 2292 606 2351 nocentiamque
639 2292 907 2347 accendere,
943 2295 1203 2350 ceteraque,
1240 2296 1374 2349 prout
1406 2292 1547 2346 locus,
1584 2296 1766 2349 tempus
1788 2295 1834 2335 et
1856 2291 2034 2336 occasio

250 2376 383 2430 feret,
418 2389 476 2419 ex
513 2374 801 2419 xisitantium
837 2374 1095 2432 prudentia,
1140 2374 1195 2418 ad
1237 2373 1438 2418 fidelium
1486 2374 1684 2418 fructum
1734 2373 2029 2419 constituere.

371 2457 449 2503 Vis
482 2457 760 2502 visitationis
794 2456 990 2515 propria,
1027 2470 1105 2501 seu
1143 2460 1438 2501 Decretorum
1472 2470 1589 2516 quac
1622 2470 1714 2501 non
1748 2461 1930 2501 servata
1970 2455 2033 2502 iu-

250 2541 312 2586 ris
344 2542 504 2587 ordine
537 2542 765 2596 feruntur,
801 2545 870 2585 est
903 2544 953 2584 ut
985 2539 1227 2598 appellatio
1260 2542 1311 2583 in
1344 2542 1610 2596 suspensivo
1642 2543 1803 2584 contra
1845 2553 1897 2583 ea
1940 2552 2032 2584 non

373 2755 382 2774 ¹
411 2755 545 2792 Bened.
574 2755 660 2792 XIV
687 2754 810 2791 Const.
838 2754 893 2792 Ad
916 2755 1120 2791 universae.

373 2828 385 2847 ²
411 2828 548 2864 Bened.
574 2828 661 2864 XIV
689 2828 711 2863 l.
740 2838 770 2864 c.

373 2899 387 2919 ⁸
413 2900 463 2937 Cf.
492 2900 648 2937 Gnmm
676 2901 716 2937 P.
742 2899 775 2944 2,
801 2904 889 2937 sect.
917 2899 974 2935 86.

370 2970 385 2991 '⁶
413 2972 499 3009 Urb.
526 2972 612 3009 VIII
641 2972 764 3009 Const.
793 2972 852 3007 cit.
879 2972 1011 3008 Sancta
1037 2970 1203 3016 synodus
1230 2969 1413 3007 visitando
1439 2979 1488 3006 ss.
1518 2970 1660 3006 limina.

372 3042 385 3062 ⁸
412 3043 512 3080 sess:
534 3043 670 3086 XXIV,
697 3043 783 3089 Cap.
810 3042 860 3078 111
886 3042 931 3079 de
958 3043 1036 3079 Res.
