2176 3386
240 153 292 192 82
542 197 550 204 ‚
882 164 992 194 PARS
1021 165 1045 193 1.
1081 165 1138 193 DE
1166 165 1379 196 mansonis

239 283 412 315 causae
443 269 679 328 efficientis
711 271 832 328 leges
863 271 978 315 aliae
1011 275 1121 316 sunt
1153 272 1339 316 decreta
1377 274 1720 329 Episcoporum,
1756 273 1872 319 aliae
1904 275 2024 332 leges

239 354 515 398 conciliaret*
546 356 882 408 oecumenicae,
921 355 992 398 vel
1026 354 1306 408 matronales,
1332 358 1414 397 aut
1431 355 1762 410 provinciales,
1796 360 1878 400 aut
1901 357 2023 400 dioe-

240 451 452 482 cesanae.
499 437 625 490 Quod
660 436 698 481 si
732 438 850 494 leges
883 451 907 481 a
946 441 993 481 R.
1050 436 1268 480 Pontifice
1314 437 1524 481 ferantur
1565 437 1920 483 constitutiones
1956 439 2022 483 di-

241 525 427 576 cuntur,
451 535 566 580 quae
591 524 688 564 tum
716 523 900 565 ratione
924 522 1166 574 materiae,
1194 524 1292 562 tum
1318 521 1502 564 ratione
1524 502 1710 576 formae
1732 520 1799 564 dix
1815 521 2017 566 iduntur.

241 607 438 649 Ratione
472 606 700 648 triatere'ae
733 602 999 647 l'ontilieiae
1033 601 1389 646 constitutiones
1416 602 1531 647 aliae
1560 603 1779 647 (licuntur
1811 606 2020 659 Deereta,

241 690 355 733 aliae
374 689 589 745 epistotae
613 688 882 740 Decretales‘,
904 685 1018 730 aliae
1046 685 1228 729 litterae
1251 686 1539 744 Eneyelieae.
1570 689 1759 731 Decreta
1783 691 1890 730 sunt
1906 700 2023 746 quae

242 778 367 818 motu
405 772 585 830 proprio
619 771 834 827 e‹luntur;
880 770 1105 827 Epistolae
1142 769 1398 813 Decretales
1430 782 1546 827 quae
1579 768 1915 813 consultatione
1949 770 2019 814 vel

240 857 433 901 aliorum
469 855 688 900 relatione
725 858 1051 911 provocantur,
1093 851 1311 896 dicuntur
1343 852 1482 896 etiam
1518 853 1773 908 Rescripta.
1820 854 2023 896 Litterae

245 942 516 999 Eneyelieae
549 944 657 983 sunt
689 951 801 997 quas
837 941 885 981 R.
928 935 1137 980 Pontifex
1161 936 1230 978 vel
1254 934 1308 979 ad
1336 934 1577 992 Episcopos
1610 934 1752 978 totius
1783 933 1920 989 orbis,
1947 934 2019 978 vel

240 1023 375 1068 unius
411 1022 610 1079 nationis
633 1026 712 1064 aut
738 1020 1002 1077 provinciae
1029 1018 1187 1063 mittit.
1228 1020 1426 1063 Ratione
1458 1016 1643 1074 formae
1665 1017 1782 1060 aliae
1806 1016 2023 1060 dicuntur

244 1106 419 1153 Battae,
457 1105 572 1148 aliae
606 1103 824 1147 dicuntur
861 1105 1040 1146 Breues.
1087 1102 1193 1145 Illae
1232 1106 1340 1144 sunt
1375 1101 1419 1145 in
1454 1100 1617 1159 quibus
1659 1099 1809 1157 agitur
1850 1102 1904 1144 de
1943 1114 2020 1144 ne-

239 1189 372 1246 gotiis
405 1186 690 1245 gravioribus
722 1199 928 1244 quaeque
952 1185 1231 1229 clauduntur
1253 1183 1410 1241 sigillis
1434 1183 1672 1242 plumbeis.
1709 1187 1881 1228 Graeco
1911 1183 2020 1228 idio-

241 1278 362 1316 mate
398 1272 588 1315 verbum
620 1271 883 1314 Boetlleveirt
918 1269 1145 1326 significat
1177 1268 1387 1325 sigillare.
1417 1270 1540 1311 Sum.
1570 1266 1782 1311 Pontifex
1812 1267 2017 1324 Agathou

239 1356 313 1414 qui
351 1355 559 1411 regnam
593 1368 716 1398 anno
750 1354 835 1397 560
868 1353 1044 1397 litteras
1077 1366 1238 1396 omnes
1272 1366 1374 1396 cera
1398 1351 1579 1407 signare
1607 1354 1927 1395 consueverat.
1965 1351 2019 1393 At

239 1439 295 1482 ob
328 1437 695 1481 excrescentiam
715 1422 1073 1494 'pontificiorum
1108 1435 1409 1491 diplomatum
1445 1448 1551 1478 usus
1583 1433 1800 1488 obtinuit,
1825 1433 1890 1477 ait
1915 1435 2017 1478 Car-

239 1521 402 1565 dinalis
436 1524 584 1575 Petra,
622 1520 796 1564 litteras
829 1532 991 1563 omnes
1035 1519 1187 1576 magni
1225 1518 1446 1562 momenti
1484 1517 1695 1575 plumbeo
1735 1517 1878 1574 sigillo
1922 1530 2018 1560 mu-

241 1605 345 1659 niri,
384 1609 433 1647 ut
469 1609 670 1661 tempore
706 1603 922 1662 Stephani
959 1607 1014 1648 111
1063 1616 1186 1647 anno
1226 1602 1339 1655 410,
1379 1601 1449 1644 vet
1493 1599 1709 1644 Hadriani
1758 1604 1787 1644 Ι.
1825 1613 1899 1646 an.
1935 1599 2019 1643 77⁶2

239 1695 474 1735 servatum
513 1688 612 1742 fuit,
652 1689 878 1732 referente
923 1687 1124 1731 Polidoro
1159 1685 1360 1743 Virgilio.
1416 1683 1632 1728 Nonnulli
1674 1686 1827 1727 tamen
1875 1681 2018 1738 plum-

240 1773 321 1817 bea
356 1773 498 1829 sigilla
533 1785 579 1815 se
617 1771 780 1815 vidisse
818 1775 1046 1814 testantur
1079 1769 1361 1826 temporibus
1393 1766 1632 1825 sylvestri,
1662 1765 1821 1810 Leonis
1845 1764 2014 1821 Magni,

239 1857 440 1914 Gregorii
482 1860 539 1900 M.
577 1860 623 1899 et
657 1855 793 1911 Sergii
831 1860 880 1898 ut
914 1855 1055 1898 refert
1092 1857 1304 1909 Dueange
1340 1851 1384 1895 in
1423 1850 1560 1894 verba
1595 1849 1735 1893 Balla
1778 1848 2014 1892 I'lambea.

242 1940 469 1984 Baliarum
505 1938 736 1997 expeditio
771 1938 866 1983 lieri
901 1938 1015 1981 solet
1048 1941 1247 1995 quatuor
1282 1935 1426 1980 modis
1450 1935 1522 1978 vel
1558 1947 1636 1991 per
1674 1933 2017 1977 Cancellariam

240 2024 312 2067 wel
348 2038 425 2080 per
465 2024 710 2067 Camerata
748 2022 1076 2078 Λροειοίῖραηι,
1115 2021 1187 2064 vel
1231 2033 1308 2077 per
1340 2021 1466 2063 viam
1499 2022 1749 2070 secretam,
1786 2015 1858 2059 vel
1892 2017 2017 2058 viam

245 2108 411 2150 Cariae
445 2106 572 2150 iuxta
608 2105 894 2162 negotiorum
920 2104 1252 2148 ‹lixersitatem.
1295 2105 1458 2145 Breves
1489 2104 1598 2144 sunt
1621 2097 1884 2143 Pontifieiae
1911 2111 2018 2141 con-

241 2190 504 2249 stitutiones
537 2203 652 2248 quae
686 2204 710 2232 a
748 2192 967 2233 Breve'am
1012 2189 1275 2231 Secretaria
1316 2183 1627 2242 expediuntur
1667 2182 1714 2225 in
1757 2180 1921 2239 quibus
1959 2193 2015 2222 ex

241 2288 344 2319 cera
380 2273 513 2317 rubra
548 2272 744 2329 sigillum
778 2271 1024 2329 apponitur
1059 2270 1234 2314 (mituli
1267 2268 1531 2313 Piscatoris.
1579 2271 1627 2312 [n
1664 2264 1732 2309 his
1771 2263 1924 2321 agitur
1963 2263 2018 2306 de

242 2357 437 2416 negotiis
470 2356 653 2401 lvxioris
688 2354 909 2399 momenti
944 2367 997 2398 ac
1032 2352 1228 2397 breviori
1264 2364 1492 2396 sermone.
1532 2348 1692 2394 Modus
1717 2347 1786 2391 vel
1822 2346 2016 2390 formula

241 2441 449 2500 signandi
485 2440 567 2485 sul)
600 2439 771 2483 annulo
808 2437 1047 2482 Piscatoris
1082 2451 1173 2480 non
1208 2434 1318 2480 satis
1350 2433 1539 2492 antiqua
1577 2431 1772 2476 videtur.
1823 2433 1886 2473 Ex
1926 2428 2017 2486 epi-

241 2527 354 2570 stola
401 2523 649 2570 Clementis
682 2525 737 2565 lV
772 2521 826 2565 ad
875 2524 1057 2564 Petrum
1092 2522 1308 2564 Grossum
1359 2521 1572 2574 nepotem
1616 2527 1749 2558 suum
1791 2526 1866 2556 an.
1908 2511 2018 2555 1265

241 2612 429 2666 apparet
461 2607 552 2651 iam
576 2605 756 2649 saeculo
782 2607 876 2648 xm
911 2617 1016 2646 eum
1052 2616 1186 2646 usum
1212 2601 1256 2644 in
1281 2599 1411 2646 Curia
1439 2603 1642 2643 Romana
1667 2594 1928 2640 invaluisse.

611 2786 628 2830 g
655 2786 687 2819 5.
716 2803 758 2807 —
786 2783 843 2819 De
870 2783 1001 2827 Ieyum
1029 2781 1388 2816 ecclesiastiae-zan
1417 2777 1642 2814 cessatione.

366 2940 463 2984 114.
504 2936 689 2982 Etiamsi
725 2935 876 2997 lexin
911 2949 1047 2980 sensu
1094 2934 1204 2978 iuris
1254 2938 1471 2992 perpetua
1519 2932 1594 2987 sit,
1643 2934 1801 2975 tamen
1841 2941 2018 2972 cessare

243 3027 424 3083 oportet
469 3022 541 3067 vel
582 3021 639 3065 ab
682 3019 951 3074 intrinseco,
1003 3018 1076 3062 vel
1123 3017 1180 3061 ab
1221 3016 1498 3075 extrinseco.
1539 3014 1606 3060 Ab
1657 3011 2066 3074 irQl-sgfflffi(

739 3071 816 3093 Q-
