2176 3386
229 165 314 205 264
881 175 990 205 PARS
1021 176 1046 207 1.
1074 176 1131 204 DE
1161 175 1377 204 pensoms

229 283 344 329 tatio
383 283 630 329 inchoetur
672 282 849 342 publice
889 283 1107 341 legendae
1147 286 1256 327 sunt
1281 282 1311 327 ².
1358 285 1586 340 Respectu
1627 284 1875 329 comitatus
1912 284 2015 329 visi-

229 366 388 421 tantis,
415 365 624 410 facienda
657 369 727 410 est
760 364 995 410 nonnullis
1027 363 1243 409 adhibitis
1275 363 1530 419 adiutoriis,
1557 363 1737 409 etiamsi
1773 365 2017 424 Episcopus

230 450 286 494 ad
321 449 362 493 id
388 463 480 494 non
504 453 719 494 teneatur
740 462 797 492 ex
821 448 968 504 rigore
998 446 1126 501 iuris,
1151 447 1400 492 dummodo
1434 445 1528 504 ipse
1563 461 1643 505 par
1665 447 1724 492 sit
1745 447 1801 492 ad
1826 461 2017 493 munera

232 531 509 577 visitationis
542 531 768 576 obeunda.
808 530 1048 575 Adiutores
1080 533 1254 585 autem,
1282 533 1433 588 preter
1466 529 1699 577 notarium
1724 531 1798 575 vel
1819 535 2015 576 secreta-

231 613 348 658 rium
375 612 669 667 visitationis,
695 625 794 656 esse
825 612 974 656 solent
1005 611 1095 655 duo
1130 611 1484 656 convisitatores
1506 610 1604 656 sive
1628 626 1687 656 ex
1709 611 1915 670 Capitulo
1938 614 2016 656 Ca·

231 696 464 749 thedralis,
490 695 588 739 sive
622 699 754 739 extra
788 693 921 738 electi
946 695 976 736 ².
1015 697 1210 738 Possunt
1243 706 1340 738 esse
1373 693 1512 738 etiam
1538 708 1593 739 ex
1618 694 1778 738 ordine
1802 694 2013 752 regulari,

228 779 478 824 dummodo
512 778 766 836 presbyteri
814 777 886 821 vel
930 776 1110 821 diaconi
1157 775 1264 820 sint.
1319 777 1572 835 Aliquando
1615 777 1764 822 solent
1806 776 2015 821 nonnulli

229 862 580 906 concionatores
613 861 762 904 afferri
797 859 895 904 sive
930 859 1205 905 missionarii
1231 860 1260 904 ³.
1308 859 1534 904 Facienda
1576 865 1645 905 est
1683 860 1869 918 insuper
1910 874 2015 904 cum

230 945 436 989 modesto
468 944 676 1003 equitatu
711 957 764 987 ac
799 944 1023 987 famulatu
1058 942 1134 1001 qui
1173 942 1376 1001 Episcopi
1418 942 1688 1000 prudentiae
1730 942 2018 988 definiendus

230 1027 515 1086 relinquitur.
557 1031 779 1083 Respectu
815 1027 954 1084 ipsius
997 1026 1278 1072 visitationis
1323 1026 1419 1071 fieri
1463 1042 1515 1072 ea
1559 1028 1693 1072 debet
1730 1029 2016 1086 praemonito

230 1124 307 1166 per
340 1109 542 1154 edictum
576 1110 647 1154 die
681 1123 770 1168 quo
804 1123 907 1154 eam
942 1109 1159 1155 inchoare
1192 1110 1276 1154 sibi
1314 1115 1537 1168 proponat
1564 1110 1826 1168 Episcopus,
1866 1110 1951 1155 nisi
1975 1111 2015 1155 ei

229 1207 285 1237 ex
320 1193 437 1237 iusta
471 1198 517 1237 et
549 1192 821 1250 gravissima
855 1206 992 1237 causa
1027 1206 1158 1237 secus
1193 1193 1420 1238 videatur.
1466 1198 1705 1238 Praeterea
1740 1207 1878 1252 quam
1919 1194 2015 1239 bre-

231 1275 417 1320 vissimo
451 1281 656 1332 tempore
690 1275 864 1319 absolvi
900 1276 1049 1329 debet,
1086 1276 1205 1334 quod
1230 1281 1386 1320 tamen
1414 1276 1683 1334 prudentiae
1711 1276 1916 1334 Episcopi
1950 1291 2015 1320 re-

229 1358 467 1418 linquitur.
509 1362 565 1402 Ea
602 1373 712 1402 vero
745 1358 973 1415 gravitate
1008 1363 1054 1402 et
1089 1358 1327 1414 modestia,
1354 1363 1405 1402 ut
1426 1360 1461 1403 si
1489 1359 1700 1404 visitator
1724 1359 2017 1417 prohibeatur

228 1441 319 1500 (qui
354 1441 539 1500 quidem
576 1455 631 1485 ne
665 1446 715 1485 ut
747 1446 987 1500 suspectus
1021 1441 1231 1500 quidem,
1268 1442 1354 1486 nisi
1400 1442 1675 1487 iudicialiter
1725 1443 2013 1501 procedatur,

230 1524 457 1583 prohiberi
492 1527 676 1582 potest),
713 1526 833 1569 fores
868 1539 958 1569 non
995 1524 1150 1569 iubeat
1181 1525 1379 1583 effringi,
1406 1526 1488 1570 etsi
1515 1539 1696 1570 summo
1726 1525 1824 1570 iure
1858 1525 2012 1584 possit,

229 1608 306 1653 sed
342 1609 490 1667 potius
522 1609 730 1652 censuris
763 1613 934 1652 utatur.
977 1608 1179 1667 Denique
1212 1609 1394 1653 decreta
1430 1608 1636 1653 eiusdem
1662 1608 1818 1653 referri
1847 1608 2016 1652 debent

230 1706 308 1750 per
343 1691 575 1736 notarium
612 1693 682 1736 vel
719 1706 797 1749 per
831 1691 1111 1736 visitationis
1143 1691 1447 1737 secretarium
1468 1692 1513 1736 in
1548 1692 1678 1736 libro.

350 1776 448 1819 508.
489 1775 553 1820 Ad
586 1774 771 1819 tertiam
806 1776 1125 1834 quaestionem
1159 1789 1237 1819 seu
1272 1775 1326 1819 ad
1362 1788 1587 1832 expensas
1613 1774 1892 1820 visitationis
1917 1788 2014 1833 pro-

229 1858 502 1915 gredientes,
531 1863 761 1912 notamus,
788 1858 907 1916 quod
933 1858 1001 1901 ius
1033 1871 1110 1902 eas
1133 1857 1347 1915 exigendi
1378 1860 1651 1914 procuratio
1675 1856 1858 1901 dicitur.
1895 1861 2015 1901 Haec

229 1945 352 1986 recte
374 1940 592 1986 definitur
614 1941 683 1985 ius
706 1940 959 1986 visitatoris
981 1941 1195 1999 exigendi
1222 1941 1454 1986 moderata
1480 1941 1493 1965 '⁸
1532 1941 1755 1986 victuaria
1781 1941 1839 1985 ab
1861 1940 1915 1984 iis
1936 1941 2013 2000 qui

230 2025 478 2069 visitantur
511 2039 659 2084 neque
693 2024 895 2082 legitime
929 2024 1110 2083 excepti
1145 2029 1269 2078 sunt,
1298 2038 1376 2082 pro
1401 2024 1677 2070 necessitate
1703 2024 1925 2082 temporis
1947 2024 2014 2068 vi·

226 2107 471 2153 sitationis.
511 2107 634 2151 Unde
668 2106 899 2166 sequitur:
938 2110 982 2158 a)
1009 2121 1066 2151 ex
1101 2121 1150 2151 eo
1182 2107 1304 2165 quod
1338 2105 1407 2151 ius
1440 2107 1500 2151 sit
1534 2105 1809 2161 visitatoris,
1855 2119 2012 2164 procu·

228 2192 455 2238 rationem
489 2191 528 2236 ei
562 2190 715 2235 deberi
749 2190 826 2250 qui
862 2190 1021 2235 visitat
1051 2190 1256 2249 adeoque
1289 2191 1512 2248 delegato,
1551 2203 1642 2234 non
1685 2203 1795 2234 vero
1843 2189 2015 2246 Episco-

227 2290 300 2334 po,
336 2275 369 2319 si
409 2289 487 2333 per
527 2275 786 2332 delegatum
832 2273 1146 2318 visitationem
1192 2273 1331 2318 faciat
1355 2274 1385 2330 ⁵3
1439 2274 1479 2329 b>
1506 2272 1757 2318 condonari
1796 2276 2012 2331 perpetuo

229 2359 601 2419 procurationem
637 2372 743 2402 cum
777 2357 1052 2403 successoris
1084 2357 1364 2401 detrimento
1398 2370 1490 2400 non
1527 2369 1672 2416 posse.
1719 2359 1783 2400 Ex
1817 2370 1871 2400 eo
1892 2355 2011 2414 quod

230 2442 464 2486 moderata
499 2440 724 2485 victuaria
759 2454 855 2485 esse
888 2440 1086 2484 debeant
1118 2439 1349 2499 sequitur:
1385 2442 1423 2493 c)
1453 2438 1564 2483 nihil
1588 2439 1706 2483 ultra
1734 2438 2011 2497 exigendum

229 2538 325 2570 esse
360 2527 541 2582 praeter
573 2524 760 2568 domum
795 2537 848 2568 ac
874 2522 1049 2567 victum
1077 2537 1155 2581 pro
1178 2535 1242 2576 se,
1268 2536 1348 2580 pro
1371 2521 1465 2566 suis
1488 2526 1534 2566 et
1556 2521 1683 2580 equis
1702 2521 1734 2578 6;
1770 2522 1815 2576 d)
1845 2535 1922 2578 pro
1948 2519 2011 2564 di·

349 2669 355 2686 ¹
387 2667 470 2704 Lib.
499 2667 561 2709 ΙΙΙ,
588 2677 619 2703 c.
648 2666 680 2702 6.

348 2739 360 2756 ²
389 2739 590 2774 FAGNANus
618 2737 654 2772 in
681 2736 769 2782 Cap.
796 2735 842 2772 20
868 2736 912 2772 de
940 2735 1079 2771 censib.
1108 2744 1142 2771 n.
1170 2734 1202 2770 8.

348 2809 361 2828 ⁸
387 2809 521 2845 Bened.
548 2807 635 2844 XIV
661 2807 784 2844 Const.
812 2806 1022 2844 Fit-mandis
1047 2805 1093 2842 28
1113 2805 1192 2842 Oct.
1222 2805 1324 2841 1744.

345 2879 359 2900 ⁸
386 2880 472 2926 Cap.
502 2880 555 2922 16,
583 2880 634 2916 ιίῐ.
661 2879 718 2921 51,
747 2878 808 2915 lib.
839 2879 874 2922 13
903 2878 989 2923 Cap.
1018 2877 1078 2919 16,
1102 2877 1154 2914 tii.
1181 2876 1237 2919 26,
1266 2877 1330 2913 lib.
1351 2876 1391 2921 2;
1419 2877 1504 2923 Cap.
1526 2877 1567 2913 17
1588 2875 1822 2921 e17,iit.29,
1849 2875 1911 2912 lib.
1930 2875 1964 2911 5.

347 2951 360 2970 ⁶
386 2951 589 2987 FAGNANus
616 2950 653 2986 in
679 2950 765 2995 Cap.
792 2949 838 2986 25
864 2949 910 2986 de
936 2957 1036 2985 cens.

348 3021 362 3042 ⁸
388 3022 590 3059 FAGNANUS
616 3021 637 3057 l.
665 3031 696 3058 c.
