2176 3386
225 168 276 206 78
866 179 978 209 PARS
1007 181 1031 208 1.
1062 180 1119 209 DE
1147 180 1358 210 PERSONJS

223 287 407 332 videtur
439 288 626 333 vinculo
663 303 771 334 suae
804 289 1110 347 obligationis,
1148 305 1239 335 non
1274 305 1332 335 ex
1369 291 1545 349 origine
1581 291 1888 351 obligationis,
1923 296 2000 341 sed

220 383 276 413 ex
311 369 405 428 ipsa
439 371 727 428 obligationis
759 374 955 417 essentia
990 373 1245 430 dimetitur,
1281 388 1402 431 ergo.
1439 377 1652 420 Ceterum
1690 376 1909 437 quidquid
1941 378 2001 424 sit

219 451 274 495 de
307 453 392 497 hac
425 454 756 509 controversia,
793 468 897 500 cum
933 455 1147 499 omnibus
1180 456 1425 500 dicendum
1461 457 1782 515 Legislatorem
1815 460 1871 504 ad
1905 475 1998 505 ma-

221 534 381 579 teriam
417 548 602 580 suarum
638 537 787 594 legum
824 539 971 582 teneri
1009 539 1037 580 ¹.

418 668 434 711 ,ξ
461 670 492 703 3.
520 689 565 692 2
593 669 650 704 De
674 668 764 715 sine,
792 669 840 704 de
867 669 1030 712 obiecto,
1058 682 1106 706 ac
1132 671 1180 706 de
1206 671 1245 707 ιιι·
1272 672 1403 717 le911m
1431 673 1802 709 ecclesiasticarum.

340 773 436 817 108.
477 774 539 818 Ad
574 773 711 819 linem
747 775 898 832 legum
942 776 1356 821 ecclesiasticarum
1405 779 1525 836 quod
1573 777 1740 823 attinet
1773 794 1830 824 ex
1864 779 1997 825 dictis

217 854 359 914 liquet
391 857 509 915 quod
544 858 692 914 legum
727 858 1143 904 ecclesiasticarum
1194 859 1297 904 linis
1345 874 1437 905 non
1484 865 1550 906 est
1586 861 1670 906 nisi
1716 862 1819 907 linis
1858 863 1997 920 ipsius

219 937 473 993 Ecclesiae,
512 954 676 997 nempe
718 940 979 984 animarum
1026 941 1330 986 sanctificatio
1378 942 1611 1000 proxime,
1647 944 1768 988 salus
1806 949 1995 990 aeterna

215 1025 406 1065 remote.
448 1022 568 1066 Finis
601 1021 895 1068 immediatus
930 1024 1167 1082 multiplex
1203 1039 1300 1069 esse
1336 1030 1507 1084 potest,
1535 1031 1740 1072 attamen
1775 1028 1889 1073 fincs
1911 1029 1995 1074 im-

216 1104 401 1149 mediati
436 1110 627 1151 eatenus
659 1108 769 1165 fim's
799 1108 982 1151 socialis
1025 1108 1250 1153 rationem
1299 1110 1464 1154 habere
1511 1116 1716 1168 possunt,
1768 1116 1995 1170 quatenus

216 1189 440 1233 rationem
478 1191 620 1234 medii
666 1190 867 1235 habeant
915 1191 970 1235 ad
1018 1190 1159 1236 finem
1211 1192 1423 1237 ultimum
1472 1197 1518 1237 et
1561 1195 1871 1239 universalem
1915 1199 1995 1239 Ec·
2046 1211 2074 1215 ··

214 1270 391 1315 etesiae.

337 1355 431 1397 109.
469 1354 709 1399 obiectum
744 1361 900 1400 autem
937 1357 1084 1414 legum
1121 1357 1534 1402 ecclesiasticarum
1571 1357 1771 1402 lidelium
1791 1361 1994 1403 actiones

211 1442 320 1479 sum
352 1439 401 1480 ‘ln
437 1437 539 1494 foro
572 1445 776 1493 emerito,
813 1443 859 1483 et
891 1440 1075 1497 quidem
1109 1441 1255 1484 bonae
1287 1440 1515 1485 obiectum
1551 1445 1658 1484 sunt
1690 1440 1799 1498 legis
1823 1441 1992 1498 praeci-

212 1520 394 1577 pientis,
433 1522 588 1566 malae
623 1522 732 1579 legis
766 1521 987 1577 vetantis,
1024 1523 1256 1580 punientis
1302 1529 1349 1568 et
1390 1523 1631 1578 irritantis,
1677 1523 1992 1568 indifferentes

211 1609 365 1649 aulem
401 1605 510 1661 legis
542 1609 852 1662 permittentes
885 1606 914 1650 2.
953 1611 1156 1651 Fuerunt
1188 1607 1263 1666 qui
1298 1608 1518 1652 dixerunt
1553 1607 1798 1652 Ecclesiam
1833 1612 1989 1666 quate-

213 1702 297 1732 nus
329 1689 522 1733 societas
555 1694 639 1742 est,
676 1690 795 1746 legyes
829 1689 968 1733 etiam
1004 1692 1055 1733 in
1089 1689 1192 1746 foro
1226 1692 1412 1733 interno
1447 1690 1565 1734 ferre
1591 1702 1734 1746 posse,
1762 1693 1859 1732 tum
1884 1689 1988 1747 quia

210 1771 281 1815 illa
320 1772 456 1815 verba
491 1774 809 1830 quodemnqae
856 1773 1080 1829 liyaveris‘
1125 1778 1212 1817 etc.
1261 1772 1454 1816 limitata
1506 1786 1597 1816 non
1643 1773 1845 1827 fuerunt,
1889 1774 1987 1815 tum

208 1855 311 1914 quia
347 1857 467 1900 salus
501 1856 781 1911 animarum,
818 1869 934 1915 quae
967 1860 1037 1900 est
1071 1856 1174 1900 linis
1207 1858 1357 1914 legum
1383 1854 1817 1910 ecclesiasticarum,
1844 1856 1989 1913 magis

208 1952 263 1982 ex
301 1937 495 1982 internis
528 1938 706 1983 actibus
741 1939 908 1996 pendet
941 1940 972 1982 ³.
1013 1942 1068 1984 At
1100 1939 1362 1984 communis
1394 1944 1441 1983 et
1472 1938 1626 1984 verior
1647 1940 1876 1982 sententia
1900 1943 1986 1994 est,

212 2022 458 2067 Ecclesiam
492 2027 721 2081 quatenus
753 2022 964 2077 societas,
999 2023 1054 2066 de
1086 2021 1264 2066 actibus
1298 2035 1422 2066 mere
1468 2020 1664 2065 internis
1707 2021 1826 2077 leges
1868 2021 1987 2064 ferre

210 2121 301 2151 non
327 2120 454 2164 posse
479 2107 510 2151 ¹⁴.
543 2106 721 2151 Etenim
746 2107 945 2151 lmmana
973 2105 1225 2150 iurisdictio
1249 2107 1368 2163 leges
1400 2107 1518 2150 ferre
1542 2103 1702 2163 nequit
1732 2104 1787 2148 de
1809 2103 1987 2148 actibus

207 2189 263 2233 de
287 2189 449 2247 quibus
474 2189 675 2232 iudicare
708 2203 910 2248 quosque
945 2189 1106 2247 punire
1141 2203 1232 2234 non
1269 2189 1408 2247 possit
1441 2193 1486 2233 et
1509 2187 1638 2232 cuius
1660 2187 1848 2245 proinde
1872 2186 1986 2231 nibil

328 2332 334 2349 ¹
366 2332 422 2367 Ad
449 2342 523 2367 rem
552 2333 596 2368 cl.
625 2333 876 2372 (ΡΑΝΜυΑιΕ,
905 2343 961 2378 op.
987 2344 1017 2369 c.
1038 2343 1070 2379 p.
1093 2333 1159 2370 194
1186 2344 1218 2370 V.
1251 2334 1279 2369 1.
1316 2333 1573 2369 animadvertit
1605 2333 1704 2378 quod
1735 2333 1765 2368 si
1796 2331 1986 2377 legislator

205 2408 261 2439 est
288 2413 446 2448 persona
481 2404 692 2449 singularis,
722 2405 798 2440 suis
827 2405 971 2449 legibus
1008 2415 1083 2441 non
1124 2409 1264 2442 tenetur
1291 2405 1378 2451 quia
1405 2414 1514 2441 nemo
1546 2404 1616 2440 sibi
1644 2409 1767 2439 vetare
1797 2409 1860 2440 aut
1887 2413 1985 2448 prae-

204 2474 327 2519 cipere
366 2475 566 2520 quidquam
594 2480 712 2520 potcst
738 2476 789 2518 (L.
817 2475 872 2517 56,
901 2476 944 2511 de
971 2481 1106 2521 recept.
1134 2476 1228 2522 arb.)
1257 2477 1398 2513 videtur
1425 2480 1547 2512 tamen
1574 2473 1750 2512 inclinare
1785 2475 1821 2510 in
1857 2484 1983 2511 eorum

204 2547 426 2582 sententiam
460 2548 521 2591 qui
548 2546 677 2582 dicunt
703 2547 815 2582 teneri
843 2557 887 2583 ex
916 2548 1093 2583 charitate
1120 2548 1168 2583 ob
1194 2547 1405 2593 exemplum
1433 2551 1468 2584 et.
1493 2547 1562 2583 sub
1587 2546 1670 2583 levi.
1698 2546 1865 2583 Profecto
1889 2546 1919 2582 si
1939 2546 1985 2581 le-

205 2617 359 2661 gislator
384 2623 438 2654 est
457 2618 641 2663 quoddam
669 2618 880 2663 collegium,
900 2619 1081 2663 quaedam
1111 2628 1270 2663 persona
1295 2618 1456 2662 moralis,
1482 2628 1661 2664 personae
1688 2617 1897 2663 singulares
1923 2626 1981 2653 ea-

203 2687 285 2724 dem
312 2688 395 2734 lege
424 2693 609 2730 tenentur,
638 2688 769 2724 militat
792 2689 891 2725 enim
918 2689 1010 2725 ratio
1037 2691 1232 2726 contraria.

322 2760 335 2778 ²
364 2761 401 2796 L.
428 2760 447 2795 7
477 2759 511 2795 ff.
538 2760 582 2796 de
611 2760 680 2805 leg.

321 2830 334 2850 ³
354 2830 404 2867 Cf.
434 2831 578 2868 SuAnssz
606 2840 664 2876 op.
692 2831 752 2867 cit.
779 2831 896 2867 Mach.
925 2830 946 2866 l.
975 2831 1004 2873 1,
1034 2835 1055 2866 t.
1082 2831 1114 2867 2.

320 2900 333 2920 ⁸
360 2902 402 2937 D.
429 2902 560 2938 Thom.
589 2902 631 2937 la
657 2901 722 2937 238
750 2913 786 2948 q.
815 2902 871 2945 94,
898 2906 964 2938 art.
990 2901 1065 2943 4-9,
1094 2902 1171 2944 100,
1197 2907 1264 2938 art.
1290 2903 1323 2946 93
1352 2902 1507 2947 Sumaz,
1526 2901 1547 2938 l.
1566 2903 1599 2947 4,
1618 2912 1675 2948 op.
1695 2903 1776 2944 XII,
1804 2912 1836 2938 c.
1854 2900 1910 2943 54,
1936 2899 1980 2936 de

200 2971 294 3014 sim.;
323 2982 401 3008 can.
421 2972 462 3008 14
489 2973 532 3009 de
561 2974 695 3019 poenit.
722 2973 752 3009 d.
784 2973 814 3015 1,
841 2973 1079 3018 cogitationis
1106 2982 1262 3018 poenam
1281 2983 1391 3009 nemo
1419 2973 1554 3019 patitur
1579 2983 1660 3010 can.
1687 2974 1717 3016 1,
1741 2973 1774 3010 d.
1793 2971 1827 3016 4,
1852 2977 1980 3008 contra

201 3043 294 3089 glos.
323 3043 360 3079 in
387 3043 499 3080 Clem.
530 3045 560 3088 1,
587 3044 631 3080 de
660 3044 795 3081 haeret.
