2176 3386
1778 0 1885 9 ,,,,,,

790 196 919 225 LIBER
949 196 972 224 1.
1005 196 1060 224 DE
1089 195 1284 224 CLEnicls
1792 239 1795 242 Ι
1878 185 1932 225 45

144 321 283 368 quam
317 307 621 365 postularunt,
658 305 740 363 ipsi
775 318 885 349 vero
919 304 1134 362 postulati
1168 310 1384 362 urgentes
1428 304 1667 363 negotium
1710 317 1819 350 suae
1854 319 1932 363 po·

142 389 403 435 stulationis
434 389 728 433 declarantur
764 387 1182 446 impostulabilesfi

261 473 332 516 62
372 470 620 516 Postulatio
651 470 703 514 fit
735 469 853 527 apud
893 469 1178 528 superiorem
1211 468 1288 528 qui
1340 473 1490 527 potest
1522 469 1799 514 confirmare
1842 469 1931 514 ele·

142 559 286 609 ctum,
322 554 571 599 dummodo
613 558 660 597 et
691 552 738 596 in
783 551 1113 610 impedimento
1157 551 1373 610 postulati
1419 551 1683 610 dispensare
1717 552 1858 610 possit
1892 552 1923 596 ².

142 636 356 695 Superior
389 650 481 680 non
518 639 701 679 tenetur
736 634 1092 692 postulationem
1118 633 1360 678 admittere
1383 633 1415 689 ³,
1451 634 1555 693 quia
1583 635 1810 692 postulato
1829 635 1931 678 nul·

142 698 236 763 luni
272 719 340 763 ius
373 718 545 772 tribuit⁷
575 723 730 763 tamen
757 732 813 761 ex
838 717 1070 776 aequitate
1103 722 1149 761 et
1180 716 1331 761 debita
1364 716 1433 762 sui
1467 716 1601 761 officii
1636 716 1929 761 administra-

141 801 265 845 tione
301 805 486 845 tenetur
518 814 619 845 eam
655 799 916 853 admittere,
952 799 987 842 si
1023 799 1141 843 iusta
1176 812 1312 843 causa
1347 798 1607 857 postulandi
1641 798 1774 843 adsit.
1845 848 1854 853 ,

260 885 329 928 65.
368 883 433 929 Ad
467 884 663 928 formam
697 887 853 926 autem
893 881 1214 939 postulationis
1245 882 1365 941 quod
1399 884 1584 938 attinet,
1622 895 1729 926 cuin
1774 886 1926 940 postu-

141 966 250 1011 latio
283 967 474 1025 simplex
511 967 569 1011 sit
604 980 712 1011 vera
745 966 924 1021 electio,
963 966 1098 1011 huius
1121 968 1319 1010 formam
1352 972 1508 1011 servat
1531 966 1564 1021 ⁴,
1601 972 1759 1010 tamen
1798 979 1927 1023 supe-

140 1050 270 1095 rioris
302 1064 552 1096 consensus
585 1050 808 1108 petendus
840 1056 908 1094 est
941 1053 1022 1094 aut
1055 1054 1106 1093 ut
1137 1049 1344 1094 subditus
1367 1050 1581 1107 eligatur,
1609 1050 1681 1094 vel
1714 1053 1815 1107 post
1837 1049 1925 1093 ele-

138 1133 339 1178 ctionem
374 1134 479 1178 buic
513 1135 684 1178 electus
719 1132 981 1178 consentire
1021 1132 1176 1191 possit.
1215 1132 1463 1177 Postulatio
1494 1133 1659 1190 {autem
1708 1131 1927 1176 solemnis

138 1217 349 1260 eamdem
382 1215 621 1260 electionis
654 1216 853 1260 formam
888 1220 1042 1259 servat
1074 1216 1223 1274 quoad
1257 1229 1309 1259 ea
1342 1228 1458 1273 quae
1494 1220 1686 1259 naturae
1728 1215 1926 1272 postula-

140 1297 276 1341 tionis
310 1311 401 1342 non
426 1298 732 1342 adversantur
754 1298 784 1341 ⁵.
822 1298 950 1351 Quod
974 1296 1240 1342 canonistae
1264 1297 1497 1341 deducunt
1536 1298 1570 1353 l)
1599 1311 1655 1341 ex
1682 1298 1848 1356 [regula
1870 1297 1926 1341 46

138 1380 185 1424 in
210 1383 234 1425 6
271 1401 290 1420 z
315 1382 618 1438 seam-oyacmn
659 1395 821 1437 nempe
843 1383 1050 1439 sequitur
1078 1387 1307 1425 naturam
1341 1382 1452 1435 cias,
1481 1383 1559 1424 cui
1573 1381 1858 1437 sabroyatar
1885 1398 1924 1436 n,

140 1463 226 1507 nisi
260 1463 505 1521 specialem
539 1465 736 1508 formam
770 1465 1099 1521 praescriptam
1134 1464 1330 1518 babeat,
1366 1462 1444 1507 sed
1479 1462 1722 1521 postulatio
1767 1463 1924 1507 subro-

138 1552 270 1604 gatur
302 1547 533 1602 electioni,
570 1550 611 1604 2)
647 1561 966 1592 connexorum
1000 1561 1052 1592 ac
1084 1546 1485 1606 aequiparatoruni
1521 1546 1681 1590 eadem
1715 1551 1783 1590 est
1816 1545 1927 1590 iuris

138 1630 370 1689 dispositio
395 1631 426 1686 ⁶,
464 1631 667 1676 maxime
700 1631 736 1676 si
771 1645 915 1676 unum
950 1631 1178 1675 subintret
1202 1631 1247 1675 in
1272 1632 1422 1675 locum
1447 1630 1634 1674 alterius
1658 1630 1770 1674 etin
1797 1644 1924 1675 eum-

135 1716 237 1759 dem
272 1714 412 1758 finem
448 1715 620 1770 tendat,
648 1715 725 1759 sed
750 1714 808 1758 ita
846 1720 914 1759 est
951 1715 1006 1759 de
1040 1715 1345 1772 postulatione
1372 1716 1511 1759 relate
1543 1714 1599 1758 ad
1629 1713 1941 1782 electionem.N

255 1801 325 1843 64.
364 1800 404 1843 Si
440 1799 685 1857 postulatio
724 1813 830 1843 cum
875 1798 1180 1857 postulatione
1223 1803 1485 1853 concurrat,
1524 1797 1758 1842 maioritas
1795 1802 1923 1842 voto-

137 1896 238 1926 rum
272 1883 520 1941 requiritur
553 1889 603 1927 ut
636 1883 736 1942 quis
772 1884 1025 1943 postulatus
1058 1887 1318 1938 censeatur,
1354 1883 1389 1926 si
1426 1896 1534 1927 vero
1569 1886 1817 1927 concurrat
1848 1895 1922 1940 po-

135 1967 320 2011 stulatio
353 1981 459 2011 cum
493 1967 716 2011 electione
751 1971 930 2025 oportet
965 1971 1015 2010 ut
1048 1967 1298 2025 postulatus
1330 1967 1441 2011 duas
1474 1967 1635 2011 tertias
1670 1971 1821 2025 partes
1855 1980 1923 2010 re-

137 2050 293 2093 tulerit
328 2055 539 2095 votorum
576 2052 606 2093 ⁷.
644 2053 759 2095 Vota
794 2056 949 2095 autem
986 2051 1159 2095 incerta
1193 2064 1246 2094 ac
1282 2050 1642 2095 indeterminata
1675 2049 1919 2095 reiicienda

135 2136 244 2176 sunt
279 2147 321 2176 v.
359 2147 423 2190 gr.
460 2132 574 2191 eligo
613 2133 955 2191 postulandum,
983 2134 1160 2190 postulo
1184 2133 1299 2189 eligo
1334 2132 1481 2191 prouti
1520 2132 1684 2177 melius
1729 2133 1783 2177 de
1824 2132 1922 2177 iure

137 2215 306 2260 valebit
341 2216 370 2258 ⁸.
410 2221 530 2261 Haec
567 2231 677 2261 vero
715 2222 943 2274 postrema
978 2218 1125 2261 forma
1161 2215 1445 2274 permittitur
1477 2215 1523 2260 in
1557 2230 1664 2261 casu
1698 2229 1788 2275 quo
1823 2231 1923 2274 pro-

134 2297 280 2342 babile
313 2298 500 2343 dubium
535 2299 653 2344 adsit
685 2314 743 2344 an
778 2312 969 2357 persona
1004 2299 1061 2343 sit
1096 2300 1364 2357 postulanda
1410 2300 1482 2344 vel
1521 2299 1727 2357 eligenda
1771 2313 1814 2344 v.
1853 2314 1917 2357 gr.

137 2385 321 2438 propter
352 2381 585 2425 defectum
620 2381 861 2426 natalium.

254 2549 260 2566 ¹
292 2549 438 2585 Exti-av.
466 2559 525 2585 un.
554 2550 587 2584 h.
618 2555 638 2586 t.
668 2550 761 2585 inter
790 2559 885 2586 coin.

253 2619 264 2637 ²
294 2620 330 2656 C.
358 2620 421 2656 fin.
447 2621 480 2656 h.
511 2624 532 2654 l.
563 2621 599 2655 in
627 2621 671 2656 X.

254 2691 266 2710 ³
291 2692 327 2727 C.
356 2692 388 2733 ὅ,
416 2692 450 2728 h.
478 2696 500 2728 t.

253 2763 266 2780 ⁸
293 2762 330 2798 C.
356 2762 413 2804 42,
441 2763 485 2798 de
512 2763 617 2798 elect.

252 2832 263 2850 ³⁵
291 2833 327 2868 C.
354 2832 409 2875 42,
437 2833 480 2868 de
508 2833 613 2869 elect.

253 2903 266 2922 ⁰
292 2904 328 2940 C.
357 2904 388 2948 5,
415 2905 458 2940 de
485 2905 638 2941 Constit.

252 2973 266 2992 ⁷
293 2974 347 3010 Ex
373 2984 453 3020 cap.
479 2976 656 3021 scriplum
684 2976 730 3012 40
756 2977 799 3013 de
828 2978 942 3014 Elect.

251 3045 264 3064 ⁸
292 3045 330 3081 C.
357 3054 417 3082 un.
447 3045 478 3081 ti.
508 3052 529 3082 t.
559 3048 596 3082 in
622 3047 672 3083 6⁰.
