2176 3386
233 183 316 222 284
471 222 474 223 ⁷
880 193 991 223 PARS
1020 195 1045 222 1.
1081 194 1138 222 DE
1166 193 1378 223 PERSONIS

236 302 357 358 gatio
389 314 413 344 a
447 300 676 346 solutione
709 300 998 359 obligationis
1029 300 1351 358 distinguenda
1385 305 1470 358 est,
1506 301 1569 346 ita
1592 306 1643 346 ut
1674 301 1888 360 obligatio
1920 302 2019 348 sine

236 384 440 429 eiusdem
474 383 700 429 solutione
733 384 975 443 persistere
1009 385 1177 429 valeat.

355 467 456 511 550.
494 467 622 521 Quod
655 467 691 511 si
728 468 975 526 Episcopus
1010 467 1243 525 Regularis
1275 468 1316 523 2)
1347 467 1496 526 quoad
1529 467 1787 525 regularum
1825 467 2020 526 religiosi

237 549 409 594 ordinis
432 549 776 595 observantiam
801 549 1118 594 consideretur
1139 553 1355 594 notamus
1371 549 1490 609 quod
1516 549 1830 594 Andreuccius
1847 549 1862 574 ¹
1885 550 2020 596 docet

240 634 480 691 Episcopos
515 634 743 690 regulares
775 633 831 677 ad
865 633 1046 690 regulae
1079 632 1423 677 observantiam
1458 632 1605 677 teneri
1639 647 1698 678 ex
1731 634 1823 678 sola
1857 635 2020 679 decen-

236 718 300 762 tia
333 723 379 761 et
414 718 684 761 honestate:
736 721 781 760 et
826 717 911 761 hoc
952 716 1141 774 probare
1175 720 1370 760 conatur
1401 731 1459 761 ex
1493 730 1671 762 canone
1706 719 1939 762 statutum
1972 717 2018 763 in

237 801 420 844 decreto
463 800 667 845 Gratiani
693 801 723 844 ².
773 803 829 844 At
862 802 902 844 S.
934 800 1129 844 Thomas
1153 799 1167 822 ⁸
1201 799 1437 858 explicans
1469 800 1755 858 praedictum
1793 814 2021 846 canonem

237 885 391 929 docet:
429 885 500 929 ille
523 885 598 943 qui
623 885 677 929 de
702 885 928 930 monacho
954 884 1002 930 sit
1028 884 1270 943 Episcopus
1293 884 1547 929 absolvitur
1569 899 1592 928 a
1616 884 1720 942 iugo
1740 885 2022 930 Monasticae

239 968 531 1026 professionis
563 981 653 1011 non
678 971 905 1026 quantum
930 969 985 1011 ad
1009 967 1165 1012 omnia
1190 968 1265 1012 sed
1290 971 1516 1026 quantum
1541 967 1596 1011 ad
1618 966 1691 1012 illa
1725 981 1843 1026 quae
1874 969 2022 1014 officio

239 1050 493 1095 Pontificali
522 1055 792 1108 repugnant.
830 1054 979 1103 Quare
1002 1050 1211 1095 doctores
1235 1050 1546 1094 communiter
1569 1054 1731 1094 tenent
1763 1049 2022 1108 religiosum

237 1135 292 1179 ad
320 1135 627 1193 Episcopalem
653 1133 726 1178 vel
750 1133 1093 1178 Cardinalitiam
1127 1133 1395 1191 dignitatem
1422 1138 1638 1178 evectum
1661 1132 2025 1177 substantialiter

238 1218 497 1276 religiosum
536 1231 805 1276 permanere
829 1217 860 1261 ⁴.
911 1217 1028 1262 Hinc
1064 1218 1320 1262 Alexander
1350 1220 1423 1263 VII
1459 1217 1502 1260 in
1537 1217 1721 1261 decreto
1753 1216 1841 1261 diei
1875 1218 2021 1262 2611]-

238 1301 282 1345 lii
314 1303 424 1346 1662
448 1315 583 1359 super
607 1300 852 1345 residentia
881 1300 1201 1358 Episcoporum
1226 1299 1499 1345 confirmato
1522 1314 1547 1344 a
1569 1302 1803 1346 Clemente
1829 1304 1885 1345 XI
1912 1300 2023 1344 1715

238 1389 284 1428 et
317 1390 508 1429 extenso
541 1385 594 1429 ad
634 1384 872 1443 Episcopos
905 1397 1066 1428 omnes
1102 1385 1345 1441 Regulares
1377 1385 1465 1429 ait:
1510 1384 1718 1428 decernit
1761 1385 1947 1441 insuper
1978 1386 2026 1427 et

239 1469 439 1512 declarat
473 1467 738 1512 Sanctitatis
770 1480 879 1511 suae
916 1472 1120 1511 mentem
1158 1481 1445 1526 nequaquam
1480 1480 1594 1522 esse,
1625 1467 1807 1511 eosdem
1846 1465 2022 1525 Episco-

241 1564 346 1608 pos,
382 1550 479 1595 sive
514 1550 743 1607 regulares
784 1548 985 1605 fuerint,
1023 1550 1080 1593 ab
1124 1549 1475 1603 obligationibus
1518 1549 1783 1608 professioni
1829 1548 2022 1606 regulari

239 1649 377 1695 (piam
429 1634 708 1689 emiserant,
745 1633 939 1678 adnexis
974 1648 1052 1692 per
1083 1634 1423 1692 ademptionem
1458 1634 1695 1692 diguitatis
1732 1648 1786 1679 ac
1821 1634 2026 1678 muneris

242 1718 515 1777 Episcopalis
549 1719 778 1763 ullatenus
810 1720 1047 1763 absolvere
1088 1732 1141 1763 ac
1183 1718 1388 1763 eximere
1433 1717 1516 1762 nisi
1555 1722 1783 1776 quatenus
1820 1716 2023 1761 eiusdem

239 1801 445 1845 muneris
477 1815 530 1845 ac
562 1816 698 1846 curae
739 1801 975 1859 pastoralis
1016 1801 1238 1846 exercitio
1281 1800 1612 1859 impedimento
1645 1800 1717 1844 sit.
1771 1804 1834 1845 Ita
1869 1804 1914 1844 et
1949 1804 2024 1844 Be-

242 1884 450 1930 nedictus
484 1886 636 1940 x111⁵‚
672 1885 735 1929 ita
768 1885 1095 1942 adprobatione
1132 1886 1194 1928 Pii
1231 1889 1285 1930 IX
1321 1885 1508 1929 resolvit
1542 1887 1583 1928 S.
1615 1886 1661 1929 C.
1701 1883 2024 1942 Episcoporum

239 1972 285 2012 et
322 1969 610 2026 Regularium
645 1968 716 2012 die
751 1969 775 2013 6
811 1968 917 2014 Maii
956 1968 1068 2012 1864
1100 1982 1216 2028 quae
1260 1967 1475 2012 resolutio
1519 1967 1564 2010 in
1608 1966 1889 2012 collectanea
1927 1969 2027 2010 Car-

240 2050 406 2095 dinalis
432 2051 620 2096 Bizzarri
656 2052 909 2097 invenitur.
948 2056 1104 2111 Itaque
1141 2053 1179 2108 1)
1207 2052 1253 2096 in
1289 2052 1383 2110 ipsa
1410 2052 1696 2109 promotione
1727 2064 1833 2095 cum
1857 2064 1881 2095 e
1903 2051 2024 2095 clau-

240 2135 345 2180 stris
378 2135 676 2193 egrediuntur
699 2134 811 2180 nihil
835 2149 990 2180 secum
1015 2135 1191 2180 deferre
1215 2135 1399 2189 debent,
1426 2139 1606 2193 praeter
1627 2133 1796 2191 scripta
1827 2133 2022 2191 propria,

243 2218 513 2263 indumenta
546 2223 593 2263 et
627 2219 925 2274 breviarium,
951 2219 1034 2263 sub
1058 2233 1203 2277 poena
1235 2218 1548 2278 suspensionis
1580 2232 1603 2262 a
1638 2217 1809 2262 divinis
1832 2216 1926 2274 ipso
1959 2217 2022 2260 fa-

242 2306 316 2346 cto
349 2300 675 2346 incu1·renda⁶.
724 2304 764 2358 2)
794 2307 843 2347 In
885 2302 1149 2360 episcopatu
1189 2315 1375 2346 servare
1418 2301 1585 2346 debent
1625 2299 1808 2346 Ordinis
1849 2298 2027 2357 regulas

241 2399 358 2444 quae
394 2385 633 2430 materiam
672 2386 764 2429 voti
801 2386 1082 2444 paupertatis
1114 2386 1428 2431 determinant
1459 2390 1596 2444 atque
1628 2384 1739 2429 alias
1771 2382 1950 2440 regulas
1981 2386 2027 2425 et

242 2468 561 2513 observantias
593 2468 806 2527 dignitati
839 2473 886 2512 et
918 2469 1065 2514 officio
1099 2468 1341 2527 episcopali
1378 2482 1467 2512 non
1507 2470 1830 2526 repugnantes,
1865 2465 2024 2510 eadem

243 2551 519 2609 obligatione
551 2552 680 2610 gravi
716 2553 788 2597 vel
821 2552 910 2597 levi
945 2566 1034 2612 qua
1067 2555 1346 2597 tenebantur
1382 2556 1631 2611 antequam
1673 2553 2027 2610 assequerentur

363 2694 373 2714 ¹
402 2695 454 2732 De
480 2695 655 2741 Episcopo
683 2695 841 2736 titulari,
871 2703 946 2739 par.
972 2693 1005 2736 5,
1035 2693 1112 2729 165.

328 2804 330 2807 f
363 2766 376 2785 ⁸
402 2766 509 2803 Caus.
538 2765 592 2808 18,
620 2776 654 2812 q.
684 2766 714 2801 1.

363 2835 376 2854 ³
401 2834 445 2871 22²
466 2835 542 2878 2³2,
568 2844 602 2880 q.
629 2834 686 2877 85,
712 2838 780 2870 art.
808 2833 841 2869 8.

363 2904 377 2924 ⁸
402 2905 473 2942 Cir.
500 2906 553 2942 DE
580 2906 681 2942 Luco
709 2906 797 2951 Reg.
824 2905 914 2941 Mor.
940 2904 1019 2941 Lib.
1045 2903 1078 2947 5,
1105 2903 1192 2941 dub.
1221 2902 1275 2940 12.

363 2976 376 2996 “
403 2976 558 3013 Constit.
584 2976 758 3014 Custodes
783 2975 841 3012 die
869 2977 888 3012 7
917 2975 1020 3012 Mart.
1051 2974 1154 3012 1725.

364 3048 377 3068 ⁶
403 3048 536 3084 Bened.
563 3047 650 3084 XIII
677 3047 802 3084 Const.
829 3047 995 3084 Postulat
1021 3047 1040 3083 7
1067 3047 1172 3083 Mart.
1202 3044 1304 3082 1725.
