2176 3386
226 159 307 199 284
900 174 1010 203 PARS
1038 175 1078 203 11.
1114 175 1170 203 DE
1199 175 1337 204 REBUS

229 280 420 339 scopali‚
456 282 696 341 Capitulis,
732 282 966 328 beneficiis
998 284 1341 340 ecclesiasticis,
1376 285 1484 331 licet
1515 286 1627 332 iuris
1659 291 1928 346 patronatus
1957 292 2004 334 et

230 364 471 422 exemptis.
508 367 550 421 2)
578 365 618 410 Si
654 366 766 411 haec
798 367 1027 411 sufficiens
1059 381 1152 412 non
1177 368 1250 423 sit,
1277 367 1346 413 ius
1368 369 1506 413 habet
1540 370 1783 429 Episcopus
1815 370 2003 416 uniendi

231 446 484 492 Seminario
516 447 665 507 aliqua
706 448 925 493 beneficia
960 450 1202 509 simplicia,
1238 450 1418 496 etiamsi
1452 451 1623 496 fuerint
1655 457 1905 509 reservata,
1932 453 2005 498 vel

229 531 410 586 affecta,
447 532 695 577 dummodo
730 533 842 577 baec
875 533 984 578 unio
1018 547 1109 578 non
1144 534 1276 578 cedat
1308 534 1353 579 in
1388 528 1717 580 detrimentum
1751 536 1902 581 cultus
1942 535 2006 580 di-

232 615 346 670 vini,
381 619 427 660 et
459 616 708 660 dummodo
741 617 1046 662 Seminarium
1080 617 1139 661 sit
1170 621 1392 673 erectum,
1417 622 1464 662 et
1486 618 1694 663 formiter
1726 619 2004 665 institutum.

232 701 297 745 Ad
331 699 416 744 boc
449 705 620 754 autem,
648 705 698 744 ut
730 700 1036 745 Seminarium
1060 700 1115 745 ad
1139 701 1262 746 hunc
1294 701 1508 746 effectum
1533 706 1774 747 censeatur
1798 702 1890 747 iam
1914 717 2007 747 ere-

231 786 376 839 ctum,
413 783 578 829 sufficit
609 784 727 842 quod
760 784 923 828 domus
964 784 1054 829 iam
1088 784 1146 829 sit
1178 785 1430 841 conducta,
1466 798 1544 830 seu
1584 789 1761 842 empta,
1797 790 1842 830 et
1885 784 2009 844 pueri

234 866 326 911 sint
361 866 627 921 introducti,
652 871 699 911 et
719 867 812 911 sint
839 867 927 911 duo
951 868 1005 912 de
1028 866 1250 925 Capitulo‚
1275 872 1321 912 et
1343 867 1533 912 totidem
1567 868 1621 912 de
1644 868 1764 912 clero
1786 867 2005 926 deputati.

356 950 483 994 1257.
521 953 619 994 Non
665 951 831 994 sufficit
878 954 1033 995 autem
1082 964 1163 1008 pro
1210 950 1537 995 beneficiorum
1583 950 1753 995 unione
1802 950 2010 996 facienda

234 1046 368 1077 causa
419 1033 742 1077 commodioris
793 1033 1172 1088 sustentationis,
1208 1034 1284 1078 sed
1333 1033 1581 1093 requiritur
1614 1048 1722 1078 vera
1770 1033 2009 1078 Seminarii

236 1117 500 1162 necessitas.
538 1116 600 1161 Ad
636 1117 749 1162 haec
782 1116 1029 1176 requiritur
1061 1117 1179 1176 quod
1205 1117 1500 1174 praecesserit
1522 1116 1744 1162 detractio
1778 1118 2010 1161 fructuum

235 1202 288 1243 de
324 1213 480 1243 mensa
515 1199 775 1257 episcopali,
811 1204 856 1244 et
889 1200 942 1244 de
975 1200 1074 1244 aliis
1106 1200 1356 1244 beneficiis.
1408 1199 1629 1253 Quamvis
1661 1204 1816 1245 autem
1855 1199 2011 1258 possit,

236 1282 328 1327 imo
364 1287 576 1326 teneatur
612 1283 856 1340 Episcopus
891 1282 1021 1326 unire
1046 1282 1299 1327 Seminario
1322 1282 1542 1327 beneficia
1576 1282 1749 1341 aliquot
1771 1282 2009 1340 simplicia,

238 1380 328 1410 non
366 1370 514 1423 potest
546 1370 703 1410 tamen
738 1366 868 1410 unire
904 1366 1120 1411 beneficia
1157 1365 1378 1424 simplicia
1414 1365 1795 1424 iurispatronatus
1817 1366 1914 1411 sive
1936 1365 2014 1410 lai-

238 1449 348 1494 calis
380 1449 479 1494 sive
513 1449 826 1505 ecclesiastici,
856 1450 928 1493 vel
953 1450 1038 1494 alia
1064 1449 1338 1507 pertinentia
1364 1450 1419 1494 ad
1443 1449 1706 1494 inferiorem
1732 1448 2012 1505 collatorem,

238 1537 283 1577 et
315 1533 562 1577 electorem
611 1532 709 1576 sine
753 1546 979 1577 consensu
1030 1536 1342 1591 patronorum.
1399 1536 1552 1591 Neque
1601 1532 1853 1576 Seminario
1896 1531 2014 1576 uniri

240 1621 430 1675 possunt
462 1615 683 1660 beneficia
719 1620 952 1660 reservata
987 1620 1087 1674 post
1121 1615 1431 1671 vacationem,
1467 1616 1543 1660 sed
1582 1620 1689 1660 ante
1723 1615 2015 1660 vacationem

239 1713 290 1743 ea
325 1698 445 1742 uniri
479 1698 663 1753 debent,
702 1712 786 1743 nec
818 1698 1118 1743 canonicatus
1160 1698 1531 1755 collegiatarum,
1567 1712 1650 1742 nec
1689 1697 1907 1743 beneficia
1940 1711 2016 1742 cu-

242 1786 355 1836 rata,
393 1782 463 1826 vel
500 1781 738 1839 regularia.
788 1782 987 1840 Denique
1022 1795 1112 1826 non
1148 1781 1323 1825 valeret
1355 1782 1561 1826 omnium
1598 1781 1849 1826 universim
1886 1782 2017 1826 bene·

242 1865 450 1909 liciorum
484 1864 760 1922 simplicium
795 1864 904 1909 unio
931 1866 959 1908 ¹.
1788 1865 1790 1868 ’

364 1947 491 1992 1Ξ58.
529 1948 683 2001 Quoad
718 1946 939 2004 regimen,
977 1947 1230 1992 notandum
1265 1952 1333 1991 est
1364 1947 1482 2006 quod
1515 1946 1590 2006 qui
1627 1947 1746 1991 inter
1779 1946 2017 1991 Seminarii

242 2031 454 2076 alumnos
493 2030 696 2088 cooptari
745 2031 937 2089 cupiunt
976 2031 1144 2075 debent
1176 2044 1272 2075 esse
1311 2030 1397 2075 orti
1431 2045 1487 2074 ex
1522 2029 1736 2087 legitimis
1774 2029 2016 2085 natalibus,

247 2129 331 2160 nec
365 2117 639 2172 suffragatur
671 2113 724 2158 ad
751 2114 873 2159 bunc
897 2113 1035 2158 finem
1071 2113 1341 2172 legitimatio
1365 2127 1444 2170 per
1471 2112 1752 2171 subsequens
1786 2111 2019 2156 matrimo-

246 2199 373 2242 nium
398 2198 429 2242 2.
486 2198 659 2242 Debent
692 2210 789 2242 esse
822 2197 983 2242 saltem
1017 2197 1304 2254 duodennes;
1355 2202 1452 2241 arte
1487 2196 1660 2254 legendi
1705 2195 2020 2254 scribendique

246 2282 406 2341 periti,
442 2282 573 2326 bonis
616 2281 819 2325 moribus
860 2286 907 2325 et
952 2281 1022 2338 pia
1057 2279 1206 2325 indole
1251 2279 1466 2338 praediti,
1503 2279 1565 2324 ita
1599 2284 1649 2323 ut
1682 2278 1880 2336 prudens
1921 2290 2022 2337 spes

246 2366 304 2411 sit
334 2365 504 2410 divinis
536 2379 617 2410 suo
649 2369 855 2422 tempore
891 2363 1157 2408 muneribus
1189 2362 1410 2407 obeundis
1451 2361 1638 2406 idoneos
1671 2362 1860 2406 futuros.
1910 2363 2021 2406 Cum

247 2463 357 2494 vero
392 2450 590 2507 primum
625 2453 760 2507 atque
795 2446 1048 2505 principem
1083 2447 1232 2490 locum
1269 2447 1314 2490 in
1348 2445 1474 2490 omni
1507 2445 1748 2490 hominum
1779 2444 1919 2502 gradu
1942 2455 2022 2487 suo

247 2532 330 2577 sibi
365 2533 461 2576 iure
497 2532 703 2576 vindicet
735 2530 879 2589 pietas
911 2534 1048 2588 atque
1082 2528 1255 2586 religio,
1292 2528 1400 2572 hinc
1447 2527 1621 2572 alumni
1663 2525 1911 2586 quotannis
1941 2524 2024 2583 spi·

249 2616 486 2661 ritualibus
520 2614 752 2660 exercitiis
786 2627 951 2658 vacare
985 2613 1168 2657 debent.

372 2701 496 2745 1259.
539 2699 600 2743 Ad
633 2697 970 2743 efformandum
1021 2695 1209 2754 perfecti
1253 2695 1500 2740 sacerdotis
1536 2694 1772 2752 exemplar
1809 2706 1901 2737 non
1934 2692 2024 2736 suf-

250 2783 346 2828 ficit
381 2782 578 2842 probitas
611 2795 810 2835 morum,
846 2780 923 2825 sed
956 2780 1141 2836 insuper
1172 2777 1364 2823 scientia
1397 2792 1551 2822 rernm
1586 2775 1853 2835 praesertim
1878 2787 2024 2819 sacra·

371 2980 378 2998 ¹
410 2980 593 3016 FEnaAms
620 2989 653 3014 V.
682 2978 923 3015 Seminarium
947 2986 983 3012 n.
1010 2976 1053 3012 57
1081 2980 1116 3011 et
1142 2985 1243 3021 seqq.

371 3052 383 3070 ²
411 3050 445 3087 S.
473 3051 510 3087 C.
538 3050 648 3087 Conc.
678 3050 715 3085 in
740 3049 890 3086 Nullius
916 3048 1017 3094 Disp.
1047 3047 1090 3084 16
1116 3046 1195 3083 iulii
1225 3045 1328 3083 1856,

2166 2572 2176 2639 ἑ
