2176 3386
59 3282 95 3386 „w

761 202 892 231 Lnffln
920 202 945 230 1.
974 201 1032 231 DE
1061 200 1256 230 cnssnlcis
1826 187 1906 228 253

236 310 366 364 Quod
396 309 434 355 si
468 322 589 354 unus
619 308 868 368 Episcopus
901 308 1105 367 pluribus
1125 308 1411 354 dioecesibus
1447 306 1591 354 unitis
1631 306 1902 366 praesideat,

118 393 266 453 quoad
302 393 452 438 locum
486 391 760 437 residentiae
794 391 1010 436 standum
1043 395 1113 436 est
1145 390 1191 434 in
1226 390 1385 449 primis
1417 390 1472 435 iis
1504 403 1621 449 quae
1665 403 1722 434 ex
1765 388 1904 446 diplo-

123 476 260 521 matis
293 475 538 534 pontificiis
571 475 780 520 iniuncta
812 478 948 520 sunt:
986 475 1023 519 si
1058 473 1172 519 nihil
1204 474 1252 536 in
1285 474 1340 518 iis
1371 474 1602 519 sancitum
1635 472 1695 518 sit
1723 476 1769 516 et
1790 471 1908 517 adsit

120 560 404 604 consuetudo
437 559 641 617 legitime
674 559 970 617 praescripta,
1005 558 1047 604 ei
1081 557 1417 602 inhaerendum
1440 561 1525 602 est.
1564 556 1607 602 Si
1631 557 1755 601 nulla
1779 559 1908 600 extet

119 642 420 698 consuetudo,
458 642 703 700 Episcopus
735 655 898 686 curare
929 641 1080 697 debet,
1116 645 1167 684 ut
1198 641 1245 685 in
1279 640 1471 685 civitate
1504 640 1579 684 ubi
1615 638 1909 684 habitualiter

121 727 275 772 sedem
308 740 401 771 non
435 726 589 781 habet,
624 725 787 770 saltem
820 724 1171 770 solemnioribus
1203 725 1361 769 diebus
1393 723 1560 769 adsit¹.

239 812 451 855 Ceterum
485 810 531 853 in
576 811 737 866 Congr.
784 811 897 853 Gen.
946 808 1039 852 Fid.
1087 811 1215 866 Prop.
1259 808 1414 853 habita
1455 808 1527 852 die
1575 808 1627 852 10
1663 807 1758 853 [ulii
1798 808 1908 852 1668

121 893 269 952 quoad
307 892 546 951 Episcopos
578 892 635 936 ab
669 891 828 936 eodem
864 904 994 936 sacro
1026 891 1223 936 Consilio
1247 891 1576 949 dependentes,
1602 892 1808 950 quicum
1834 891 1909 934 de-

122 976 343 1020 trimento
375 988 562 1020 suarum
597 974 876 1019 dioecesium
910 987 986 1019 eas
1024 974 1326 1029 deserebant,
1373 979 1423 1018 ut
1466 977 1659 1018 Romam
1706 975 1779 1018 vel
1821 973 1907 1018 alia

108 1053 218 1103 'loca
253 1061 487 1115 peterent,
530 1057 766 1101 decretum
811 1062 904 1112 est,
950 1057 1180 1115 Episcopis
1222 1058 1263 1101 S.
1301 1056 1651 1115 congregationi
1693 1057 1911 1102 subiectis

123 1155 215 1186 non
249 1141 384 1186 licere
419 1155 476 1185 ne
510 1144 703 1185 Romam
737 1140 922 1199 quidem
957 1140 1040 1184 sub
1072 1141 1236 1200 quovis
1271 1145 1511 1199 praetextu
1547 1141 1706 1185 venire
1740 1141 1909 1199 absque

121 1223 305 1269 licentia
340 1225 501 1268 Sacrae
533 1223 921 1282 congregationis.

240 1307 341 1352 288.
379 1310 556 1351 Poenae
590 1311 746 1351 autem
786 1307 1008 1351 adversus
1044 1307 1289 1366 Episcopos
1332 1321 1424 1352 non
1464 1307 1717 1352 residentes
1755 1307 1911 1366 quales

125 1395 375 1435 censentur
406 1390 546 1435 etiam
571 1390 598 1433 ii
622 1390 698 1449 qui
733 1389 976 1448 obreptitia
1014 1390 1206 1434 Romani
1244 1389 1475 1434 Pontificis
1509 1389 1643 1434 venia
1685 1391 1854 1434 absunt
1876 1391 1908 1445 ²,

128 1474 258 1532 (tales
292 1487 383 1518 non
417 1473 760 1529 existimantur,
797 1474 960 1518 saltem
996 1478 1206 1531 respectu
1241 1487 1511 1531 poenarum,
1547 1475 1623 1532 qui
1665 1488 1757 1517 non
1791 1474 1910 1518 ultra

129 1557 393 1603 milliarium
416 1572 441 1602 a
465 1557 659 1602 dioecesi
694 1559 861 1602 absunt
880 1558 930 1614 ³),
968 1563 1146 1615 praeter
1183 1558 1388 1603 mortalis
1412 1557 1587 1616 peccati
1624 1562 1819 1613 reatum,
1845 1571 1911 1602 se-

125 1646 318 1702 quentes
350 1646 482 1686 sunt:
523 1642 561 1698 1)
588 1641 788 1686 Privatio
823 1642 1058 1685 fructuum
1088 1655 1168 1699 pro
1203 1646 1300 1685 rata
1333 1640 1569 1685 absentiae
1590 1641 1622 1696 4,
1661 1640 1721 1685 ita
1755 1645 1911 1685 tamen

127 1730 178 1770 ut
208 1725 407 1784 aliquam
444 1729 619 1783 partem
659 1727 783 1783 (puta
820 1725 1021 1782 tertiam)
1061 1739 1140 1783 pro
1173 1725 1472 1769 exsecutione
1506 1724 1701 1769 aliorum
1745 1725 1912 1769 officio-

128 1822 230 1853 rum
268 1808 465 1853 retinere
504 1808 740 1867 possint⁵,
777 1808 854 1867 qui
901 1808 1040 1852 etiam
1090 1808 1285 1866 probant
1323 1823 1481 1852 eorum
1516 1808 1800 1866 opinionem,
1836 1807 1914 1867 qui

127 1891 259 1936 aiunt
290 1892 409 1936 hanc
444 1905 636 1950 poenam
674 1906 765 1936 non
801 1891 1000 1949 obligare
1034 1891 1079 1936 in
1119 1891 1433 1951 consciential‚
1471 1891 1557 1935 nisi
1592 1895 1691 1950 post
1729 1895 1913 1936 senten·

128 1974 272 2029 tiam,
309 1974 415 2019 licet
456 1975 740 2019 contrarium
787 1975 924 2019 statui
970 1975 1181 2019 videatur
1224 1989 1247 2018 a
1287 1978 1424 2020 Cone.
1462 1974 1579 2018 Trid.
1613 1974 1644 2018 ⁶.
1691 1976 1733 2032 2)
1757 1975 1914 2028 Quoad

128 2071 205 2102 eos
244 2058 321 2117 qui
364 2072 445 2103 sex
495 2071 676 2103 menses
723 2057 970 2103 continuos
1012 2059 1271 2113 abfuerint,
1319 2058 1515 2116 privatio
1550 2058 1646 2116 ipso
1681 2059 1802 2103 facto
1848 2058 1914 2101 in-

129 2141 354 2186 currenda
376 2145 567 2201 quartae
602 2142 742 2200 partis
777 2143 1010 2186 fructuum
1047 2142 1185 2187 unius
1218 2143 1346 2197 anni,
1372 2148 1472 2188 tum
1506 2143 1693 2188 alterius
1725 2147 1916 2202 quartae

130 2224 286 2282 partis,
322 2225 356 2269 si
392 2225 504 2270 alios
549 2239 629 2270 sex
676 2239 857 2271 menses
892 2226 937 2270 in
971 2226 1176 2271 absentia
1219 2226 1518 2285 perstiterint.
1571 2228 1612 2281 5)
1650 2227 1807 2281 Quoad
1840 2239 1917 2271 eos

129 2307 205 2366 qui
252 2307 442 2352 ulterius
491 2308 535 2352 in
579 2308 871 2353 contumacia
922 2314 1157 2367 perstent,
1206 2309 1390 2367 gravior
1440 2324 1584 2368 poena
1634 2324 1658 2354 a
1711 2314 1916 2354 Romano

134 2390 352 2436 Pontifice
387 2390 649 2448 infligenda,
685 2391 761 2450 qui
798 2391 988 2449 proinde
1012 2392 1188 2437 moneri
1213 2394 1267 2437 de
1291 2407 1451 2438 eorum
1484 2393 1691 2438 absentia
1725 2393 1859 2438 debet
1891 2407 1916 2437 a

135 2475 511 2532 Metropolitano,
550 2475 622 2519 vel
655 2474 698 2532 ¹si
751 2475 1129 2532 Metropolitanus
1178 2489 1280 2520 reus
1323 2476 1406 2531 sit,
1442 2478 1500 2521 ab
1541 2477 1757 2536 Episcopo
1799 2477 1916 2521 anti-

253 2696 262 2714 ¹
291 2696 326 2732 S.
352 2696 467 2742 Cong.
497 2696 607 2734 Conc.
635 2696 716 2733 Oct.
745 2696 848 2741 1706,
876 2698 914 2733 in
942 2698 1097 2735 Gerund.

252 2767 265 2785 ¹
291 2768 424 2804 Bened.
452 2767 537 2804 XIV
565 2768 687 2805 Const.
716 2769 775 2805 cit.

254 2837 267 2856 ³
293 2837 344 2874 Cf.
376 2838 533 2876 Guium
562 2850 596 2886 p.
625 2838 660 2875 2.
687 2846 774 2877 sect.
804 2840 861 2877 86.
887 2841 1109 2877 ΤΗεεΑυκυε
1134 2842 1187 2877 De
1209 2842 1336 2887 poenis
1364 2841 1477 2878 verbo
1504 2842 1720 2878 Residentia.

253 2906 268 2928 ⁸
293 2909 402 2946 Cone.
430 2910 525 2947 Trid.
554 2911 620 2947 loc.
651 2912 714 2949 cit.

255 2980 268 2999 ³
295 2980 348 3017 Gr.
377 2981 534 3019 GmALm
560 2987 594 3019 et
621 2983 842 3020 TncsAunus
867 2983 890 3019 l.
916 2994 950 3020 c.

257 3051 271 3071 ⁸
295 3053 392 3090 Loco
418 3054 479 3091 cit.
