2176 3386
249 173 328 211 228
917 180 1027 209 PARS
1056 181 1096 209 11.
1130 181 1187 209 DE
1218 179 1355 209 minus

250 289 450 334 tionibus
467 288 716 334 Clementis
733 291 828 343 VII,
853 289 904 332 19
924 291 1055 332 mart.
1081 288 1208 343 1525,
1237 287 1495 333 Innocentii
1515 291 1590 343 IV,
1612 291 1781 346 Impia,
1807 287 1932 333 Pauli
1952 291 2027 345 IV,

255 374 365 416 Cam
399 374 555 427 nimis,
592 370 795 429 Gregorii
821 374 934 426 XIII,
963 372 1162 429 Antiqui,
1198 375 1244 415 et
1271 374 1423 417 Const.
1465 371 1590 416 Alias
1609 373 1734 428 piae,
1769 375 1878 426 etc.,
1914 384 2030 430 quae

248 456 432 516 quidem
466 458 611 515 leges,
647 456 758 512 etsi,
792 455 1063 513 regulariter
1094 456 1350 514 loquendo,
1385 455 1532 500 adhuc
1577 455 1625 500 in
1660 455 1816 513 vigore
1854 469 2030 514 perma-

249 546 410 597 neant,
445 541 636 586 attentis
670 545 824 585 tamen
860 539 1163 598 peculiaribus
1195 538 1573 594 circumstantiis,
1604 543 1650 584 et
1682 539 1929 584 dummodo
1963 554 2031 584 re-

254 641 363 671 vera
398 639 490 671 non
525 625 642 670 adsit
674 624 982 683 perversionis
1015 628 1061 667 et
1092 624 1292 669 scandali
1337 624 1626 682 periculum,
1662 627 1709 670 et
1740 638 1876 669 causa
1924 624 2033 669 satis

255 711 408 769 gravis
440 710 713 765 intercedat,
750 708 975 767 epikeiam
1009 708 1277 753 admittunt.
1317 712 1476 753 Monet
1499 713 1656 752 tamen
1686 708 1850 752 Bened.
1879 711 1976 753 XIV
1999 709 2029 764 ¹,

256 792 342 837 illis
373 807 553 851 quoque
587 792 633 835 in
667 791 928 850 regionibus
950 791 996 835 in
1020 791 1183 850 quibus
1214 790 1398 835 hebraei
1433 790 1642 835 stabilem
1676 791 1828 835 sedem
1864 791 2034 835 habent

256 874 446 919 omnino
481 873 696 932 expedire
722 879 770 917 ut
795 873 999 932 Episcopi
1022 873 1070 917 in
1093 873 1185 917 suis
1207 873 1394 931 synodis
1430 873 1621 917 nimiam
1645 877 1889 918 coerceant
1916 872 2033 917 chri-

257 958 512 1003 stianorum
547 972 650 1003 cum
685 957 772 1002 illis
804 957 1186 1002 consuetudinem
1219 955 1419 1015 iurisque
1455 956 1717 1001 communis
1754 955 2031 1012 sanctiones,

259 1045 643 1101 Summorumque
681 1041 951 1086 Pontificum
986 1042 1245 1085 instaurent
1277 1041 1366 1084 huc
1399 1038 1691 1098 respicientia
1723 1039 1919 1084 decreta.

735 1191 772 1224 a)
798 1204 842 1208 —
868 1184 927 1219 De
951 1183 1106 1220 Scholis
1133 1186 1168 1219 et
1196 1183 1381 1229 Colleyiis
1407 1183 1558 1219 mixtis.

383 1293 508 1337 1117.
546 1293 602 1335 [t
633 1305 750 1350 quae
785 1291 868 1334 hac
904 1290 949 1334 in
974 1305 1021 1335 re
1046 1290 1236 1335 maximi
1260 1303 1369 1335 sane
1406 1290 1632 1335 momenti
1656 1289 1907 1334 constituta
1930 1293 2038 1333 sunt

259 1374 475 1419 distincte
523 1378 659 1432 atque
693 1387 749 1417 ex
773 1372 932 1417 ordine
982 1377 1201 1431 pateant,
1235 1386 1450 1430 agemus:
1504 1374 1541 1428 1)
1578 1372 1632 1417 de
1680 1371 1916 1416 catholicis
1961 1370 2037 1430 qui

261 1459 437 1504 scholas
461 1457 817 1502 acatholicorum
844 1457 1099 1513 celebrant;
1136 1457 1177 1513 2)
1202 1456 1256 1500 de
1279 1455 1545 1500 acatholicis
1569 1456 1643 1515 qui
1675 1455 1852 1500 scholas
1883 1456 2037 1500 catho-

261 1544 371 1588 licas
404 1544 726 1601 frequentant;
763 1541 803 1596 5)
841 1540 1037 1598 denique
1069 1541 1122 1585 de
1158 1539 1361 1597 collegiis
1394 1543 1440 1583 et
1476 1539 1830 1583 Pensionatz'bus
1862 1537 2035 1582 mixtis.

386 1626 511 1670 1118.
567 1628 619 1669 Et
665 1625 719 1668 ad
773 1627 809 1681 1)
845 1624 962 1683 quod
1006 1623 1204 1678 attinet,
1241 1637 1298 1667 an
1332 1628 1378 1668 et
1411 1622 1640 1682 quomodo
1678 1621 2039 1681 permittendum

263 1709 320 1755 sit
353 1708 589 1753 catholicis
617 1709 908 1766 frequentare
943 1707 1119 1751 scholas
1151 1706 1444 1760 acatholicaS,
1470 1705 1665 1765 qualiter
1698 1704 1917 1750 edocendi
1949 1703 2041 1748 sint

263 1794 492 1848 catholici,
516 1806 722 1852 quaeque
751 1791 1007 1835 adhibenda
1040 1790 1132 1835 sint
1165 1790 1332 1844 media,
1359 1794 1409 1834 ut
1432 1790 1764 1835 catholicorum
1799 1789 1900 1834 tidei
1934 1802 2041 1833 con-

263 1880 455 1933 sulatur,
493 1876 749 1934 intelligent
781 1875 1009 1921 ordinarii
1047 1888 1281 1919 sacrarum
1332 1873 1601 1918 Missionum
1643 1887 1701 1917 ex
1734 1872 2042 1917 Instructione

264 1961 321 2006 ab
353 1959 488 2004 [niv.
528 1965 620 2017 Inq.
654 1958 758 2002 data
792 1957 862 2002 die
900 1958 950 2001 17
984 1957 1075 2001 ian.
1117 1956 1226 2001 1866
1260 1956 1315 2000 ad
1353 1955 1593 2014 Episcopos
1626 1955 1878 2010 Helvetiae,
1914 1954 2043 1999 cuius

265 2046 377 2089 haec
410 2056 590 2087 summa
625 2046 705 2087 est.

389 2125 670 2184 Propositum
707 2124 792 2168 fuit
832 2125 866 2167 l.
904 2122 1116 2167 dubium:
1158 2142 1176 2162 a
1205 2124 1272 2166 An
1297 2122 1430 2166 liceat
1456 2120 1721 2180 parentibus
1746 2120 1907 2166 liberos
1939 2135 2044 2167 suos

266 2208 526 2255 huiusmodi
550 2208 715 2252 scholis
742 2206 933 2264 (mixtis)
956 2205 1263 2250 instituendos
1286 2203 1579 2249 committere
1607 2221 1644 2247 n.
1683 2207 1890 2247 Iamvero
1926 2203 2043 2248 Emi-

268 2291 527 2338 nentissimi
563 2295 716 2336 Patres
748 2291 1107 2349 responderunt:
1157 2309 1176 2330 a
1203 2290 1467 2334 Generatim
1505 2288 1730 2348 loquendo
1763 2302 1856 2332 non
1889 2289 2042 2344 licere,

269 2376 346 2421 sed
380 2377 426 2420 in
451 2375 629 2420 casibus
651 2373 1001 2432 particularibus
1023 2372 1188 2418 iudicio
1211 2377 1258 2418 et
1279 2371 1593 2417 conscientiae
1627 2370 1854 2416 Ordinarii
1884 2371 1924 2415 id
1949 2384 2044 2415 esse

269 2459 649 2518 relinquendum,
685 2457 815 2502 cuius
847 2461 1003 2501 tamen
1038 2455 1124 2500 erit
1172 2454 1305 2500 officii
1354 2454 1597 2512 diligenter
1643 2468 1833 2508 curare,
1871 2457 1920 2497 ut
1953 2467 2046 2498 non

271 2543 406 2588 modo
439 2555 463 2586 a
496 2555 543 2586 se
576 2546 622 2586 et
654 2555 678 2586 a
711 2540 944 2599 parochis,
982 2550 1144 2584 verum
1183 2539 1323 2583 etiam
1364 2552 1389 2582 a
1422 2537 1613 2595 singulis
1654 2536 1934 2595 genitoribus
1971 2550 2046 2594 op-

271 2630 467 2685 portuna
517 2624 714 2670 remedia
762 2623 1097 2678 adhibeantur,
1132 2622 1296 2681 quihus
1344 2621 1597 2680 periculum
1647 2619 1952 2679 perversionis
1991 2619 2048 2664 ab

270 2708 471 2754 alumnis
502 2712 815 2763 removeatur,
841 2706 1065 2766 simulque
1090 2704 1224 2749 inniti
1249 2704 1367 2763 apud
1401 2703 1696 2761 magistratus
1727 2716 1780 2747 ac
1803 2701 2045 2760 praesides,

272 2805 329 2836 ne
365 2790 434 2835 xis
466 2791 692 2835 inferatur
724 2788 1032 2834 conscientiae
1055 2787 1396 2833 catholicorum*
1419 2785 1678 2831 adhibendo
1703 2784 1839 2828 libros
1871 2783 1948 2842 qui
1980 2796 2047 2827 re-

270 2873 424 2932 ligioni
458 2873 709 2919 catholicae
743 2873 835 2918 sint
868 2872 1051 2927 infensi,
1086 2885 1140 2916 ac
1172 2870 1368 2930 denique
1401 2869 1581 2915 assidue
1615 2873 1662 2914 et
1693 2868 1921 2913 instanter
1953 2880 2046 2911 mo-

393 3047 400 3065 *
430 3047 482 3082 De
508 3046 591 3092 Syn.
617 3045 680 3082 lib.
708 3045 741 3082 6.
