2176 3386
821 0 874 11 -x
904 0 1099 25 =·‘**⁰³-†.”??
1114 0 1137 15 Ὗ·
1163 0 1202 10 ⁴¹<

777 187 908 216 LIBER
936 187 976 214 11.
1006 186 1064 215 DE
1094 184 1397 214 REGULARIBUS
1896 170 1977 211 455

189 309 341 342 annos
371 295 653 350 extenditur,
689 298 736 340 at
768 308 880 339 vero
913 297 1103 353 possunt
1136 293 1303 338 iterum
1337 293 1456 351 eligi.
1502 296 1657 339 Cessat
1688 307 1847 339 earum
1880 296 1976 339 offi-

185 379 316 425 cium
348 377 726 438 quotiescumque
773 381 920 422 cessat
954 391 1024 432 ea,
1059 376 1133 421 cui
1167 375 1367 421 adscitae
1412 360 1542 432 sunt,⁶
1573 375 1870 434 superiorissa
1902 391 1975 435 ge-

194 461 376 507 neralis.

310 546 352 590 5.
389 544 689 603 Superiorissa
737 544 961 602 generalis
996 557 1074 602 pro
1107 556 1188 588 suo
1236 542 1442 599 arbitrio,
1478 557 1585 588 cum
1635 543 1836 602 primum
1874 557 1975 602 pro-

186 628 339 687 prium
375 627 461 673 init
494 628 820 683 ministerium,
845 642 1049 672 sororem
1084 626 1210 684 eligit
1242 626 1538 671 secretariam
1562 631 1609 671 et
1631 627 1973 684 cancellariam,

182 724 305 770 quae
339 710 480 756 totius
512 710 623 769 gesti
659 697 896 771 regiminis
929 710 1157 755 rationem
1192 710 1378 754 referat.

308 794 350 838 4.
387 792 666 839 Cancellaria
705 791 751 836 in
791 792 996 851 apposito
1040 792 1152 836 libro
1198 804 1360 836 omnes
1404 790 1640 849 regiminis
1686 793 1799 850 gesti
1847 798 1978 838 actus

183 877 407 933 adnotat3
443 889 524 920 suo
559 875 747 920 nomine
778 875 995 920 describit
1027 873 1397 930 deliberationes,
1437 874 1575 931 iussa,
1610 874 1813 931 decreta,
1849 879 1896 920 et
1926 874 1976 918 li-

182 959 365 1004 centias
398 958 622 1017 generalis
654 957 1039 1016 congregationis,
1061 972 1204 1018 eaque
1239 958 1440 1003 custodit
1474 973 1527 1003 ac
1560 962 1739 1003 servat:
1776 958 1976 1017 superio-

188 1043 348 1087 rissam
383 1042 624 1087 occasione
657 1041 937 1087 visitationis
971 1041 1233 1086 comitatur.

308 1125 348 1170 5.
388 1124 662 1169 Assistentes
711 1125 755 1169 in
790 1124 979 1170 consilio
1027 1125 1189 1169 sedent
1236 1125 1394 1169 ordine
1444 1124 1631 1169 maioris
1679 1124 1724 1169 in
1765 1124 1977 1170 instituto

181 1207 478 1268 antiquitatis
499 1213 707 1253 servator
725 1207 1029 1267 Superiorissa
1054 1207 1297 1253 consilium
1333 1222 1465 1253 suum
1502 1213 1731 1254 convocat
1758 1209 1804 1253 in
1829 1208 1977 1254 omni-

189 1292 273 1336 bus
307 1292 516 1350 negotiis,
552 1307 668 1352 quae
701 1293 902 1351 aliquam
931 1293 1212 1350 ⁴gravitatem
1253 1294 1566 1350 praeseferant
1592 1293 1618 1338 ¹.

307 1377 347 1421 6.
386 1377 660 1422 Assistentes
693 1376 790 1421 voti
823 1376 1110 1421 deliberativi
1144 1376 1242 1420 iure
1277 1376 1479 1434 gaudent
1501 1376 1547 1420 in
1572 1375 1642 1432 iis,
1667 1375 1744 1435 qui
1777 1389 1975 1436 sequun-

185 1463 264 1504 tur
295 1460 488 1505 casibus.
535 1461 572 1504 l.
614 1465 658 1505 [n
695 1459 966 1504 fundatione
1017 1473 1243 1504 novarum
1296 1459 1665 1518 congregationis
1712 1460 1973 1515 domorum,

184 1544 260 1588 vel
295 1543 612 1588 institutorum
651 1544 803 1601 (vulgo
834 1543 1176 1599 stabilimenta).
1214 1546 1255 1588 2.
1297 1547 1344 1587 ln
1379 1543 1529 1601 aliqua
1571 1543 1706 1589 domo
1742 1543 1815 1589 vel
1848 1542 1975 1588 insti-

185 1630 285 1671 tuto
323 1626 475 1684 (vulgo
521 1627 846 1682 stabilimento)
885 1626 1200 1686 relinquendo.
1242 1627 1282 1670 5.
1322 1629 1369 1670 In
1421 1626 1690 1684 expellenda
1724 1641 1748 1671 a
1781 1629 1976 1683 Congre-

181 1710 368 1767 gatione
415 1708 564 1768 aliqua
616 1723 770 1754 sorore
815 1709 905 1754 iam
957 1710 1173 1767 professa,
1219 1723 1334 1769 quae
1385 1708 1706 1767 incorrigibilis
1754 1707 1970 1753 evaserit.

179 1793 227 1837 ⁷4.
265 1796 315 1837 In
339 1793 607 1850 deponenda
640 1793 697 1837 ab
720 1793 867 1838 officio
902 1793 1019 1838 iusta
1053 1807 1110 1837 ex
1134 1807 1271 1838 causa
1305 1793 1455 1852 aliqua
1490 1792 1788 1851 superiorissa
1822 1792 1974 1847 locali,

189 1876 261 1920 vel
294 1876 722 1934 sub-superiorissa‚
751 1879 832 1920 aut
864 1876 1148 1921 novitiarum
1178 1876 1410 1934 magistra.
1450 1877 1490 1921 5.
1532 1881 1578 1922 ln
1610 1875 1866 1921 statuendis
1897 1890 1976 1921 no·

187 1960 379 2005 vitiatus
420 1959 644 2005 domibus.
692 1962 733 2005 6.
770 1960 961 2013 Quando
1007 1959 1414 2005 determinandum
1455 1959 1529 2015 sit,
1565 1973 1623 2004 an
1668 1959 1788 2004 adsit
1830 1973 1976 2004 necne

186 2042 452 2093 necessitas,
489 2047 539 2086 ut
575 2042 873 2102 superior-issa
917 2043 1142 2101 generalis
1174 2043 1229 2087 ad
1265 2042 1639 2100 congregationis
1675 2043 1836 2088 domos
1869 2042 1976 2087 visiv

184 2125 348 2169 tandas
381 2126 499 2170 ferre
532 2138 579 2170 se
612 2125 788 2170 debeat.
822 2126 863 2170 7.
901 2126 1093 2180 Quando
1126 2125 1172 2170 in
1207 2140 1313 2171 casu
1349 2128 1629 2172 necessitatis
1660 2125 1976 2183 suh—superio-

186 2208 297 2254 rissa
320 2209 410 2254 alio
434 2209 671 2254 transferri
703 2210 868 2255 debeat
901 2210 1099 2268 (etiamsi
1122 2225 1179 2256 ex
1205 2211 1555 2255 communitatis
1588 2210 1804 2269 suffragio
1831 2210 1976 2255 electa

182 2293 359 2348 fuisset)
397 2297 447 2337 ut
472 2293 516 2337 in
540 2293 626 2338 alia
661 2293 796 2339 domo
830 2293 932 2352 eligi
967 2294 1107 2352 possit
1132 2294 1163 2338 ².
1202 2295 1244 2339 8.
1275 2295 1359 2339 Uni
1394 2295 1719 2354 superiorissae
1754 2295 1977 2354 competit

307 2423 315 2441 ¹
345 2423 385 2459 ln
412 2423 534 2460 Anim.
561 2424 607 2460 ad
644 2424 760 2461 const.
789 2434 907 2460 soror.
936 2425 966 2461 S.
1002 2424 1158 2461 Thomas
1184 2425 1358 2461 Parisien.
1384 2427 1441 2461 27
1467 2425 1555 2461 Iulii
1593 2424 1712 2467 1860,
1740 2429 1754 2465 S
1784 2424 1841 2469 14,
1868 2436 1903 2471 p.
1930 2426 1978 2462 21

180 2505 259 2532 non
286 2496 471 2542 probatur,
491 2495 590 2541 quod
617 2496 834 2533 assistentes
861 2496 1050 2542 dispersae
1080 2497 1164 2539 sint,
1184 2501 1220 2533 et
1247 2506 1323 2533 non
1349 2498 1577 2534 constituant
1604 2497 1803 2534 consilium
1832 2498 1978 2534 ordina-

181 2567 279 2603 rium
318 2566 579 2613 generaHssae,
608 2572 645 2604 ut
674 2568 921 2604 communiter
954 2567 993 2604 fii
1020 2569 1058 2604 in
1084 2568 1166 2605 aliis
1207 2569 1394 2606 institutis.
1434 2569 1535 2606 Idem
1563 2570 1602 2605 in
1628 2569 1753 2605 Anim.
1780 2569 1827 2605 ad
1854 2569 1976 2606 Conse.

182 2649 257 2676 sor.
287 2639 518 2676 Catalaunen.
546 2641 601 2675 27
627 2642 712 2686 sept.
744 2641 852 2683 1861,
881 2644 895 2680 ἓ,
920 2642 979 2683 10,
1003 2651 1089 2687 paq.
1116 2643 1180 2677 28.

305 2712 316 2729 ²
345 2711 387 2747 In
410 2711 625 2748 Taurinensi
655 2711 690 2747 S.
711 2710 837 2748 Annae
871 2711 1042 2749 Instituto
1071 2713 1173 2748 iuxta
1204 2716 1328 2749 votum
1356 2712 1580 2749 consultoris
1609 2722 1639 2750 c.
1673 2722 1720 2749 m.
1738 2712 1844 2749 Card.
1863 2713 1978 2749 Reca-

185 2783 273 2825 nati,
300 2792 445 2819 sorores
472 2783 510 2819 in
536 2783 731 2819 consilium
756 2783 918 2820 adscitae
947 2788 1071 2820 votum
1097 2783 1385 2821 deliberativum
1411 2784 1579 2820 obtinent
1606 2784 1644 2820 in
1674 2784 1775 2820 hisce
1803 2784 1893 2830 ipsis
1920 2793 1978 2821 ca-

182 2854 289 2892 sibus
316 2855 376 2891 hic
402 2855 604 2891 recensitis.
643 2854 689 2891 At
716 2855 755 2892 in
782 2855 949 2892 instituto
978 2855 1141 2892 Brtoeten.
1173 2855 1301 2893 Ancitl.
1328 2856 1534 2898 charitatis,
1562 2856 1667 2892 cuius
1696 2856 1979 2892 constitutiones

183 2925 223 2962 S.
249 2925 286 2963 C.
313 2926 377 2972 Ep.
404 2930 439 2963 et
466 2927 553 2972 Reg.
580 2927 798 2972 approbavit
835 2936 933 2963 anno
964 2927 1067 2970 1850,
1096 2936 1241 2963 sorores
1284 2926 1483 2964 consilium
1521 2927 1792 2964 constituentes
1833 2931 1979 2973 praeter

180 3006 294 3034 casus
321 2997 381 3033 hic
408 2997 600 3040 indicatos,
628 2998 705 3034 iure
747 2998 887 3044 pollent
914 2998 990 3034 voti
1016 2997 1246 3034 deliberativi
1275 2998 1358 3034 aliis
1394 2998 1505 3034 etiam
1534 2999 1573 3034 in
1599 2998 1761 3043 casibus,
1788 2998 1976 3042 nimirum,

182 3068 334 3115 quando
361 3068 486 3115 aliqua
512 3079 615 3106 soror
642 3069 811 3106 Instituto
840 3069 913 3105 iam
941 3079 1093 3116 egressa
1118 3070 1251 3106 iterum
1279 3069 1422 3115 ingredi
1453 3069 1625 3116 postulat,
1654 3073 1692 3106 ut
1721 3070 1883 3116 spatium
1910 3080 1980 3108 no-
