2176 3386
742 203 870 231 Lmen
898 203 938 230 11.
970 202 1026 230 DE
1057 200 1358 248 REGULgfflmus
1858 187 1941 227 441

166 314 309 372 ceptis
340 316 524 358 tantum
559 311 749 357 medicis
783 317 830 356 et
861 310 1084 369 chirurgis
1107 314 1154 355 et
1174 307 1467 355 confessariis
1497 307 1756 370 ordinariis,
1777 306 1945 367 quibus

164 396 417 453 generatim
451 396 546 441 dari
579 395 728 440 debet.

282 482 492 525 Ceterum
542 482 673 522 extra
712 475 999 522 necessitatis
1046 488 1202 521 casum
1237 488 1330 519 non
1368 473 1629 534 Episcopus,
1665 472 1742 518 sed
1779 475 1946 517 Roma-

164 575 251 606 nus
282 560 511 615 Pontifex,
548 558 735 604 veniam
784 557 997 603 concedit
1029 560 1080 600 ut
1110 556 1212 615 quis
1244 555 1381 614 recipi
1418 555 1558 614 possit
1591 554 1637 600 in
1672 553 1941 599 monasterii

163 644 377 688 claustra.
417 640 616 686 Licentia
653 655 761 685 vero
795 654 886 685 non
922 639 1206 693 conceditur,
1245 639 1328 684 olsi
1373 637 1596 683 moniales
1628 635 1948 695 capitulariter

164 740 244 785 per
274 729 449 770 secreta
483 723 694 781 suffragia
729 722 911 768 auditae
947 722 1132 767 fuerint.

713 867 730 913 g
756 868 787 903 2.
816 888 859 890 -
886 867 945 903 De
971 866 1167 903 Clausum
1192 867 1389 903 Virorum.

283 975 382 1019 570.
419 974 546 1028 Quod
572 974 830 1019 clausuram
863 977 1039 1033 spectat
1062 974 1267 1018 virorum
1300 973 1576 1031 regularium
1613 974 1717 1032 (quo
1751 972 1946 1017 nomine

162 1057 450 1115 accipiuntur
491 1056 566 1116 qui
602 1056 823 1101 solemnia
872 1061 1146 1115 nuncupant
1195 1059 1318 1112 vota,
1355 1069 1447 1100 non
1483 1069 1593 1100 vero
1639 1055 1715 1114 qui
1749 1055 1804 1099 ad
1840 1056 1941 1100 reli-

161 1140 307 1198 giosas
339 1139 722 1197 congregationes
763 1139 1012 1198 pertinent,
1051 1153 1134 1184 nec
1168 1138 1392 1194 Tertiarii,
1428 1136 1513 1183 etsi
1547 1138 1841 1196 collegialiter
1876 1139 1944 1182 vi-

162 1225 291 1279 vant)
320 1227 483 1267 vetant
514 1223 629 1267 sacri
654 1236 855 1267 canones
882 1222 1085 1281 personis
1110 1222 1277 1266 diversi
1303 1235 1440 1267 sexus
1466 1235 1625 1267 eorum
1661 1222 1941 1267 monasteria

161 1306 359 1364 ingredi,
396 1310 442 1351 et
489 1321 681 1365 poenam
731 1306 1228 1351 excommunicationis
1275 1307 1392 1350 latae
1440 1304 1698 1350 sententiae
1735 1309 1946 1351 Romano

162 1389 369 1435 Pontifici
406 1395 683 1446 reservatae,
718 1391 752 1435 si
787 1390 888 1450 quis
934 1404 1065 1435 secus
1098 1389 1229 1446 faxit,
1266 1390 1525 1448 imponunt.
1569 1390 1684 1434 Huic
1717 1403 1940 1435 censurae

162 1472 470 1517 subiiciuntur
501 1472 639 1517 etiam
674 1472 971 1518 admittentes
1003 1473 1215 1528 feminas,
1250 1473 1464 1532 quamvis
1512 1474 1661 1518 fatuas
1692 1478 1738 1517 et
1771 1474 1946 1520 mentis

162 1555 371 1614 impotes.
412 1561 700 1601 Excusantur
732 1571 842 1601 vero
877 1557 1106 1612 mulieres,
1131 1571 1263 1616 quae,
1302 1557 1517 1601 vitandae
1551 1557 1677 1601 necis
1709 1570 1863 1612 causa,
1884 1558 1943 1603 ad

160 1639 417 1683 clausuram
452 1639 726 1697 confugiunt
758 1644 803 1684 et
824 1639 900 1699 qui
934 1640 1162 1696 fugientes
1184 1639 1452 1684 admittunt.
1488 1640 1786 1685 Interdictum
1822 1642 1940 1700 pari-

161 1726 231 1766 ter
263 1727 331 1766 est
365 1722 584 1780 religiosis
614 1727 739 1781 septa
767 1723 835 1768 sui
870 1724 1137 1768 monasterii
1161 1725 1383 1768 deserere.
1425 1724 1533 1769 Etsi
1558 1724 1798 1783 contingat
1819 1726 1942 1785 quod¹

160 1803 389 1861 regulares
422 1803 508 1849 viri
533 1805 700 1864 absque
745 1805 877 1850 venia
912 1806 1243 1851 monasterium
1276 1806 1506 1863 deserant,
1535 1812 1643 1852 tunc
1667 1808 1703 1852 si
1727 1808 1941 1855 animum

159 1887 376 1931 redeundi
427 1888 626 1933 babeant
657 1888 861 1947 fayitivz',
897 1889 932 1934 si
967 1890 1174 1934 animum
1218 1890 1436 1935 redeundi
1473 1905 1563 1935 non
1598 1891 1798 1936 habeant
1831 1906 1941 1950 apo·

157 1978 305 2017 statae
337 1978 599 2018 censentur.
638 1976 774 2018 Porro
823 1973 1056 2032 religiosus
1089 1973 1318 2032 fayitivas
1357 1973 1562 2019 subiacet
1594 1975 1752 2033 poenis
1783 1990 1808 2020 a
1843 1975 1944 2021 iure

159 2053 205 2099 in
229 2061 464 2112 apostatas
487 2056 766 2111 constitutis,
787 2061 832 2101 et
854 2056 1059 2101 subiacet
1081 2056 1136 2101 iis
1157 2071 1273 2116 quae
1291 2071 1314 2101 a
1340 2056 1746 2102 constitutionibus
1771 2058 1940 2117 proprii

157 2138 341 2183 Ordinis
374 2139 492 2184 latae
526 2143 649 2183 sunt.
687 2143 818 2184 quta
852 2139 1077 2199 siquidem
1106 2145 1320 2185 Doctores
1352 2145 1399 2185 et
1432 2139 1611 2198 praxim
1647 2143 1744 2186 Sac.
1773 2145 1940 2200 Congr.

160 2219 352 2279 fayz'tivz'
385 2225 604 2279 apostatis
639 2223 683 2267 in
721 2223 816 2267 iure
849 2223 1221 2282 aequiparantur.

279 2305 378 2349 571.
419 2305 639 2363 Fugitivis
671 2311 977 2351 accensentur
998 2306 1137 2350 etiarn
1162 2305 1240 2361 illi,
1266 2309 1343 2366 qui
1366 2321 1389 2351 a
1415 2306 1508 2352 suis
1540 2308 1849 2353 conventibus
1874 2324 1943 2353 re·

161 2387 330 2432 cedunt
348 2394 595 2445 praetexta
628 2390 691 2434 ad
725 2391 994 2447 Superiores
1024 2404 1128 2434 suos
1162 2391 1426 2435 accedendi.
1463 2391 1686 2450 Supponit
1718 2392 1939 2437 Tridenti-

159 2471 307 2516 num¹
343 2472 428 2516 hoc
461 2472 506 2516 in
541 2485 647 2517 casu
682 2472 943 2530 religiosum
976 2473 1207 2518 discedere
1242 2473 1330 2517 levi
1360 2474 1415 2517 de
1437 2488 1597 2530 causa,
1624 2489 1715 2519 non
1751 2489 1862 2520 vero
1885 2491 1946 2521 ez·

158 2567 303 2600 causa
334 2557 475 2612 yravi
494 2561 535 2599 et
558 2555 836 2600 rationabili
847 2575 861 2609 ;
898 2556 982 2600 hoc
1015 2555 1140 2600 enim
1165 2555 1210 2600 in
1234 2569 1359 2611 casu,
1385 2555 1622 2601 discedens
1655 2571 1745 2602 non
1772 2559 1941 2615 poterit

158 2637 312 2682 haberi
346 2638 412 2682 uti
445 2638 673 2696 fayitz'vus
695 2639 726 2683 ².
764 2642 814 2683 In
838 2638 947 2685 locis
981 2639 1250 2684 Missionum
1275 2639 1487 2698 hospitia,
1513 2638 1751 2695 stationes,
1777 2641 1945 2686 domus

155 2720 382 2779 quaelibet
430 2720 760 2780 cuiuscumque
793 2722 993 2777 Ordinis,
1029 2722 1419 2780 Congregationis,
1455 2736 1509 2767 ac
1557 2722 1759 2768 Instituti
1795 2727 1942 2782 Regu-

157 2802 263 2848 laris
295 2803 339 2847 in
374 2802 538 2863 quibus
569 2803 657 2849 duo
683 2804 755 2848 vel
776 2808 869 2849 tres
891 2804 1166 2849 missionarii
1201 2809 1565 2859 commorantur,
1590 2805 1676 2864 legi
1700 2805 1944 2852 clausurae

158 2884 315 2931 stricte
348 2885 654 2930 subiiciuntur
678 2886 707 2930 ⁸.

274 3012 285 3031 ¹
313 3013 408 3050 sess,
438 3014 542 3051 XXV
568 3014 613 3050 de
640 3015 742 3061 Reg.,
767 3025 797 3051 c.
825 3015 887 3051 IV.

273 3084 286 3103 ²
312 3085 470 3121 LAYANA
497 3086 638 3129 Quaest.
665 3087 783 3132 φοραὶ.
807 3091 893 3122 tom.
914 3086 976 3129 ΙΙΙ,
1004 3096 1087 3132 pag.
1106 3085 1172 3127 52;
1202 3086 1421 3123 MArTcucm
1451 3087 1515 3133 Off.
1537 3086 1623 3124 Cur.
1643 3088 1776 3130 eccles„
1794 3097 1874 3134 cap.
1903 3087 1940 3127 5.

248 3163 253 3168 ·
277 3154 291 3174 ⁸
315 3154 547 3192 Collectanea
571 3165 605 3193 n.
633 3156 714 3201 410,
740 3156 822 3193 412.
