2176 3386
266 184 344 224 138
913 196 1024 226 PARS
1052 198 1077 226 1.
1108 198 1164 226 DE
1192 197 1404 228 rEnsoms

264 305 391 362 gulas
422 304 656 363 epicheiae
688 320 714 351 a
747 306 914 365 regulis
937 306 1225 352 restrictivae
1270 307 1661 365 interpretationis
1700 323 1791 355 non
1830 310 2042 356 distinxi-

264 401 381 433 mus.
428 391 546 434 Nam
579 389 627 433 in
662 389 790 449 praxi
826 394 1074 449 utrumqne
1106 389 1288 434 differre
1323 403 1415 435 non
1453 389 1646 436 videtur.

387 471 483 516 177.
523 471 587 516 Ad
623 472 883 530 Epicheiam
918 485 997 516 seu
1022 471 1331 516 restrictivam
1356 472 1784 531 interpretationem
1811 476 1898 521 late
1921 489 2042 522 sum-

264 556 390 611 ptam
424 554 634 600 doctores
666 568 782 614 quae
814 555 868 599 de
903 555 1162 612 ignorantia
1197 554 1243 599 in
1278 555 1376 600 iure
1395 559 1664 601 statuuntur
1686 558 1853 602 referre
1875 558 2038 604 solent.

263 637 524 695 Ignorantia
559 637 878 682 consideratur
918 638 1067 697 quoad
1110 638 1310 697 culpam,
1355 639 1504 698 quoad
1538 639 1680 696 lucra,
1724 641 1873 700 quoad
1913 646 2043 687 actus

263 720 483 765 valorem.
531 721 688 774 Quoad
721 721 904 779 culpam
947 721 1205 778 ignorantia
1254 726 1446 766 excusat
1493 722 1579 767 nisi
1612 723 1671 767 sit
1709 737 1858 769 crassa
1892 728 1939 769 et
1971 737 2043 769 su·

264 803 368 861 pina
398 804 424 846 ¹.
463 805 621 857 Quoad
646 805 769 848 lucra
795 806 866 849 vel
891 804 1059 849 damna
1085 805 1240 862 regula
1262 809 1361 848 est:
1399 805 1658 862 ignorantia
1683 805 1791 851 facti
1815 820 1907 851 non
1933 807 2043 852 iuris
2111 868 2114 873 Ι

262 891 454 930 excusat
477 886 507 930 ².
546 889 685 931 Suum
720 892 874 931 autem
910 886 1171 945 petentibus
1204 901 1289 932 nec
1322 887 1432 932 iuris
1464 888 1722 946 ignorantia
1747 894 1883 934 nocet
1906 890 1920 913 ³
1955 890 2042 935 nisi

261 969 315 1013 de
349 969 446 1015 iure
479 975 642 1028 agatur
673 971 793 1030 quod
826 986 884 1015 ex
926 971 1019 1016 sola
1043 971 1167 1016 civili
1214 972 1309 1030 lege
1342 971 1561 1030 competit
1597 976 1643 1016 et
1675 972 1794 1030 leges
1826 973 2043 1031 ignorans

262 1067 315 1098 eo
348 1053 445 1097 iure
480 1068 559 1112 pro
593 1059 799 1112 tempore
840 1069 930 1099 non
976 1068 1084 1099 usus
1117 1054 1230 1099 sit“.
1277 1056 1433 1110 Quoad
1487 1060 1617 1100 actus
1665 1057 1870 1101 valorem
1921 1057 2042 1101 nulla

261 1136 523 1195 ignorantia
559 1151 708 1196 neque
741 1138 1023 1183 invincibilis
1061 1143 1254 1183 excusat
1284 1139 1320 1183 si
1353 1139 1407 1183 de
1441 1140 1536 1197 lege
1570 1139 1748 1198 proprie
1790 1139 1911 1184 dicta
1945 1140 2041 1184 irri-

261 1224 390 1264 tante
422 1225 585 1278 agatur
617 1235 732 1281 quae
768 1222 963 1266 sormam
999 1236 1052 1266 ac
1087 1222 1328 1267 materiam
1364 1228 1494 1267 actus
1528 1224 1806 1280 praescribat
1829 1224 1859 1268 ⁵.

380 1307 571 1362 Insuper
604 1304 714 1348 iuris
748 1305 1006 1362 ignorantia
1041 1319 1121 1350 seu
1154 1305 1208 1350 de
1254 1305 1363 1363 legis
1404 1306 1651 1350 existentia
1697 1321 1789 1351 non
1833 1311 2039 1363 excusat,

260 1386 345 1431 lusi
379 1387 435 1432 de
468 1387 522 1431 iis
554 1392 717 1445 agatur
749 1387 913 1447 quibus
946 1387 1014 1432 ius
1048 1388 1257 1445 ignorare
1293 1389 1564 1446 permissum
1598 1394 1667 1434 est
1710 1389 1775 1433 uti
1810 1389 2039 1446 mulieres,

260 1471 394 1516 rudes
426 1476 514 1516 etc.
544 1472 575 1527 ⁶,
621 1486 674 1516 ac
720 1472 807 1516 nisi
840 1472 987 1532 quoad
1039 1472 1334 1517 medicinales
1385 1486 1553 1530 poenas
1585 1486 1662 1517 seu
1713 1487 1931 1518 censuras
1963 1478 2043 1519 aut

258 1556 405 1614 quoad
431 1568 600 1612 poenas
632 1568 846 1614 expresse
870 1559 1067 1600 statutas
1089 1560 1248 1599 contra
1273 1568 1350 1599 eos
1372 1556 1448 1614 qui
1472 1569 1549 1600 eas
1572 1556 1772 1601 scienter
1793 1570 1845 1600 ac
1868 1561 2041 1602 temere

260 1638 556 1693 violaverint,
592 1653 682 1698 quo
717 1639 879 1684 ultimo
912 1638 958 1682 in
994 1652 1102 1683 casu
1146 1639 1287 1683 etiam
1334 1638 1562 1684 vincibilis
1604 1639 1863 1698 ignorantia
1905 1654 2042 1684 excu-

258 1726 329 1766 sat
352 1723 364 1744 ⁷
399 1727 480 1767 aut
511 1723 659 1781 quoad
685 1735 854 1780 poenas
877 1721 1189 1767 vindicativas
1206 1722 1596 1767 extraordinarias
1612 1728 1693 1767 aut
1708 1723 1856 1782 quoad
1890 1736 2041 1767 rerum

257 1818 445 1850 suarum
481 1806 705 1850 iacturam
743 1806 1017 1850 faciendam.
1059 1805 1255 1851 Ulterius
1289 1805 1396 1850 facti
1430 1805 1597 1863 proprii
1647 1805 1906 1864 ignorantia
1948 1819 2041 1851 non

257 1888 518 1934 admittitur
550 1888 637 1934 nisi
670 1889 725 1934 de
759 1903 805 1933 re
841 1889 972 1934 valde
1005 1889 1194 1948 antiqua
1228 1894 1274 1933 et
1305 1887 1491 1948 quidem
1515 1889 1569 1933 ad
1594 1888 1765 1933 malum
1800 1887 2041 1934 vitandum

259 1988 329 2019 res
362 1975 435 2019 sit.
473 1974 735 2032 Ignorantia
769 1990 793 2019 e
826 1979 986 2019 contra
1023 1975 1131 2019 facti
1166 1974 1303 2018 alieni
1336 1973 1598 2018 admittitur
1620 1973 1713 2019 imo
1735 1973 2044 2032 praesumitur

259 2058 295 2103 si
328 2058 521 2104 scientia
555 2059 612 2104 ab
643 2059 908 2104 adversario
941 2073 1032 2104 non
1069 2060 1285 2118 probetur
1334 2058 1420 2103 nisi
1459 2059 1514 2103 de
1558 2058 1691 2104 factis
1738 2058 1930 2103 notoriis
1963 2063 2043 2102 aut

257 2142 310 2186 de
344 2141 397 2186 iis
429 2156 545 2201 quae
582 2157 640 2187 ex
675 2141 822 2187 officio
856 2146 1010 2187 essent
1042 2141 1359 2200 cognoscenda
1392 2144 1557 2198 agatur
1582 2142 1612 2186 ⁸.

378 2323 387 2341 ¹
418 2324 454 2360 C.
472 2322 494 2358 9
513 2323 557 2359 (16
576 2324 661 2360 cler.
680 2333 836 2367 excom,
856 2335 886 2362 c.
905 2323 938 2359 2.
958 2325 1002 2361 (16
1022 2330 1139 2361 const.
1159 2325 1197 2360 in
1215 2323 1263 2361 6⁰.
1283 2325 1321 2360 L.
1343 2324 1365 2360 6
1383 2327 1428 2361 de
1449 2326 1515 2362 iur.
1533 2330 1569 2360 et
1587 2324 1671 2360 facti
1692 2324 1912 2370 ignorantia.

375 2395 387 2413 ²
415 2396 451 2432 C.
475 2395 519 2431 15
538 2396 582 2432 de
602 2396 641 2432 R.
663 2396 733 2432 Iur.
755 2396 791 2432 in
809 2395 857 2432 6⁰.
880 2397 947 2433 LL.
967 2395 1000 2439 Ξ,
1018 2397 1052 2439 9,
1071 2397 1114 2433 (16
1136 2396 1202 2433 ἰυι·.
1222 2401 1256 2433 et
1272 2396 1355 2432 facti
1376 2396 1495 2442 ignor.

376 2467 389 2486 ³
415 2469 454 2503 L.
472 2468 503 2510 7,
523 2468 555 2511 8,
575 2467 611 2503 ff.
633 2468 677 2504 de
698 2469 764 2505 iur.
782 2473 817 2505 et
835 2469 917 2505 fact.
940 2470 1056 2514 ignor.

375 2541 387 2559 ⁴
414 2541 451 2577 L.
471 2539 492 2575 9
512 2540 556 2576 de
575 2541 642 2577 iur.
663 2547 699 2577 et
718 2542 803 2577 fact.
823 2541 941 2587 ignor.

373 2610 385 2630 ³
417 2612 468 2648 Cf.
491 2612 730 2648 D’ANNJBALE
749 2622 807 2658 op.
826 2622 870 2656 c.‚
888 2622 921 2658 p.
944 2612 974 2657 1,
994 2622 1077 2658 pag.
1099 2612 1177 2649 169.
1204 2613 1354 2649 Zia-snm
1373 2613 1417 2649 de
1436 2613 1528 2659 disp.
1546 2617 1617 2649 etc.

373 2682 387 2702 ⁶
413 2684 451 2719 L.
472 2682 514 2718 12
533 2684 618 2720 Cod.
638 2684 682 2720 de
702 2684 767 2720 iur.
787 2688 821 2720 et
840 2684 926 2736 fact:
944 2685 1124 2729 ignorant.
1149 2684 1235 2730 Cap.
1254 2684 1275 2720 5
1301 2684 1345 2720 de
1371 2684 1491 2721 claud.
1509 2684 1693 2730 despons.¹
1718 2695 1750 2722 c.
1777 2685 1808 2721 si
1834 2685 1913 2731 quis
1941 2695 2040 2727 vero,

255 2763 285 2790 c.
306 2754 360 2796 15,
379 2754 424 2791 (16
448 2754 564 2799 regul.
586 2754 687 2791 iuris.

373 2824 386 2844 ⁷
413 2826 463 2862 Cf.
482 2830 655 2862 auctores
681 2826 727 2862 de
753 2826 933 2862 censuris.
1376 2871 1384 2883 d

373 2896 386 2916 ⁸
413 2897 459 2933 C.
473 2897 516 2933 41
539 2897 583 2934 de
603 2907 725 2942 resen,
745 2907 775 2933 c.
799 2897 840 2934 17
859 2897 904 2934 de
923 2898 1013 2943 Reg.
1038 2898 1110 2934 Iur.
1130 2898 1167 2933 in
1185 2897 1234 2941 6⁰,
1253 2907 1285 2935 c.
1305 2897 1350 2934 10
1367 2898 1411 2934 de
1432 2907 1509 2943 reg.
1528 2897 1597 2934 Iur.
