2176 3386
171 1522 224 1558 10.

171 1617 224 1654 ll.

172 1713 225 1749 12.

170 1904 223 1940 13.

170 2095 225 2131 14.

194 2723 226 2762 l·

189 2819 226 2855 2.

324 324 364 366 N
366 323 455 366 OM
458 324 558 366 INA
589 323 875 366 LOCORUM
1061 269 1070 420 Ι
1388 323 1670 389 ΝΟΤΑΙῚΒΑ

197 475 231 511 3.

196 569 230 605 4.

194 664 230 700 5.

257 474 443 519 Gumoao.

255 569 384 606 Insula
408 567 547 605 Sanae
573 568 785 605 Trinitatis.

256 662 424 699 canada.

219 976 228 985 .
253 949 352 987 Urbs
377 949 417 984 et
443 949 632 986 dioecesis
657 949 926 991 Quebecensis.

253 1046 367 1080 Prov.
393 1045 800 1083 Neo-Aurelianensis.

219 1169 227 1177 .
252 1141 366 1176 Prov.
398 1141 434 1176 S.
459 1141 654 1177 Francisei
694 1150 781 1177 cum
821 1141 1024 1178 territorio

310 1187 424 1228 Utah.
446 1188 613 1233 excepta
638 1199 686 1224 ea
710 1190 825 1234 parte
850 1189 1024 1225 eiusdem

311 1235 503 1272 territorii
517 1246 616 1281 quae
634 1236 738 1273 iacet
761 1237 811 1273 ad
831 1238 1024 1273 orientem

311 1283 480 1319 fluminis
506 1284 709 1320 Colorado.

217 1405 226 1414 .
253 1379 365 1414 Prov.
391 1380 427 1416 S.
455 1379 571 1423 Fidei,
598 1381 767 1425 excepta
791 1380 906 1425 parte
925 1383 1023 1427 sept.

312 1426 440 1462 territ.
467 1427 672 1464 Colorado.

251 1521 444 1558 Dioecesis
472 1522 859 1569 Vincennopolitana.

251 1617 399 1653 Civitas
424 1618 459 1654 S.
488 1618 683 1655 Ludovici.

251 1714 353 1749 Loca
378 1713 484 1749 dicta
509 1715 544 1750 S.
570 1714 841 1760 Genovephae‚
872 1717 909 1752 S.
936 1717 1023 1752 Fer-

309 1760 466 1798 dinandi
505 1762 547 1797 et
583 1762 618 1798 S.
645 1762 785 1806 Caroli,
811 1763 1024 1800 archidioe-

311 1809 411 1844 cesis
437 1810 472 1846 S.
499 1809 697 1846 Ludovici.

250 1904 353 1940 Loca
389 1904 495 1940 dicta
533 1904 781 1949 Kaskasizia‚
823 1906 1021 1951 Cahokia‚

309 1952 459 1988 French
478 1951 627 1998 Village
651 1954 692 1989 et
709 1954 857 1990 Prairie
883 1954 933 1990 du
951 1956 1022 1991 Ro-

310 1999 415 2043 cher,
441 2000 630 2036 dioecesis
654 2001 890 2039 Altonensis.

250 2094 436 2131 paroecia
462 2094 636 2132 civitatis
662 2096 930 2133 DetroitensiS.

1878 147 1964 191 153

1231 637 1245 654 ἱ

1100 661 1315 691 Praesertim
1335 661 1482 691 inferior
1504 669 1546 690 ex
1567 661 1819 691 declarationis
1842 664 1963 692 exten·

1136 697 1243 728 sione.
1260 699 1326 727 Pro
1338 697 1489 727 dioecesi
1504 699 1536 726 S.
1548 697 1749 735 Hyacynthi
1764 699 1844 735 Sup.
1858 698 1955 728 Univ.

1135 733 1267 770 Inquis.
1288 733 1332 763 ad
1352 733 1498 763 dubium
1519 741 1615 774 prop.
1639 740 1685 763 an
1705 733 1822 763 valida
1848 733 1964 763 fuerit.

1134 769 1377 833 promulgatio
1400 769 1531 799 decreti
1559 771 1711 799 Tametsi
1739 771 1838 799 Cone.
1862 769 1954 798 Trid.

1147 806 1227 834 acta
1247 805 1283 834 in
1304 804 1531 835 missionibus
1551 807 1586 834 et
1605 805 1708 843 quasi
1726 805 1898 842 paroeciis
1909 805 1961 847 ‚il-

1134 839 1205 870 lius
1226 840 1405 876 dioecesis,
1425 841 1482 870 die
1503 842 1535 870 14
1555 848 1632 870 nov.
1656 841 1726 870 1883
1754 841 1959 878 respondit:

1135 877 1235 906 quta
1255 876 1415 914 exposita
1435 879 1657 912 affirmative.

1100 949 1232 978 Saltem
1254 956 1295 978 ex
1316 951 1428 986 parte.

454 2455 568 2504 LQCA
597 2457 640 2485 IN
671 2457 826 2493 QUIBUS
854 2459 1092 2488 DECRETUM
1122 2460 1399 2490 PUBLICATUM
1429 2460 1519 2489 NON
1549 2461 1663 2490 FUIT.

909 2608 1214 2656 EUROPA

250 2722 403 2769 Anglia.

251 2818 393 2855 scotia.

190 2911 226 2950 3.
250 2913 443 2951 Borussia.
470 2914 524 2951 Os.
550 2924 670 2960 supra
694 2924 732 2953 n.
761 2916 808 2952 29
824 2925 912 2962 pag.
942 2917 1020 2953 151.

1094 2917 1216 2945 Presse
1235 2918 1388 2953 sumpta.
