2176 3386
524 214 655 243 mni-:R
683 214 708 242 1.
743 212 801 242 DE
830 211 968 241 REBus
996 209 1231 240 Eccu-:snffl
1260 209 1586 238 SPmITUALIBUS
1869 196 1949 236 223

166 322 435 380 regulariter
457 335 548 366 non
581 320 719 365 licere
751 319 1090 364 haereticorum
1123 320 1171 362 et
1200 314 1603 386 schismaticorum
1627 314 1947 371 concionibus,

165 404 404 466 baptismis
435 408 482 450 et
514 402 825 449 matrimoniis
856 402 1077 447 interesse
1104 420 1143 446 η.
1194 403 1310 445 Item
1343 399 1415 445 die
1451 400 1508 444 1l1-
1537 398 1629 444 ian.
1669 399 1804 455 1818,
1839 413 1947 444 cum

166 488 447 549 propositum
482 487 643 533 fnisset
673 486 862 531 dubium
900 505 919 526 ιι
946 500 1005 530 an
1038 488 1084 531 et
1116 484 1300 544 quando
1332 483 1572 529 catholicis
1605 482 1743 528 liceat
1775 483 1947 542 templa

164 572 523 617 acatholicorum
557 571 683 616 adire
709 589 746 626 n,
783 569 1045 627 respondit:
1086 589 1105 610 ιι
1133 568 1305 624 Licere,
1341 567 1377 612 si
1411 567 1581 612 adeant
1612 580 1767 611 merae
1799 567 1946 612 curio·

141 675 187 696 -ιι
214 655 362 700 sitatis
394 668 529 700 causa
563 655 731 713 absque
764 653 854 698 ulla
888 651 1310 698 communicatione
1343 650 1390 695 in
1424 650 1594 706 sacris,
1628 649 1675 694 in
1708 664 1798 709 qua
1843 649 1948 695 talis

171 758 190 779 ιι
217 738 366 783 aditus
399 737 710 783 communiter
742 736 966 781 habeatur
999 748 1079 794 pro
1112 739 1216 779 actu
1251 733 1554 792 protestativo
1587 732 1727 778 falsae
1770 732 1946 790 religio-

169 841 188 862 ιι
215 822 302 877 nis,
337 820 704 881 quandoquidem
739 819 857 864 sicut
889 819 1079 877 profana
1113 817 1336 873 aedificia,
1373 817 1437 862 sic
1470 821 1516 862 et
1547 817 1717 875 templa
1752 815 1946 861 haereti-

170 923 188 945 ιι
216 918 374 949 corum
399 904 522 949 adire
555 909 624 948 est
656 908 786 948 actus
818 916 898 961 per
929 915 976 946 se
1010 901 1292 955 indifferens,
1319 900 1395 960 qui
1430 899 1616 945 nonnisi
1639 913 1662 943 a
1688 912 1831 957 pravo
1855 897 1946 943 fine

169 1008 188 1029 ιι
216 990 289 1033 vel
321 1002 377 1033 ex
413 986 772 1033 circumstantiis
812 986 1008 1031 efficitur
1048 987 1209 1030 malus.
1263 986 1409 1030 Malus
1451 984 1672 1029 nimirum
1722 982 1942 1028 efficitur:

168 1093 193 1124 ιι,
218 1075 256 1130 1)
294 1073 329 1118 si
362 1073 463 1132 quis
494 1087 546 1117 ea
581 1072 714 1117 adeat
746 1071 902 1116 animo
935 1070 1175 1116 assistendi
1208 1069 1349 1116 sacris
1381 1068 1719 1114 haereticorum
1751 1066 1945 1111 functio-

168 1175 186 1196 ιι
213 1156 367 1212 nibus;
404 1157 445 1210 Ξ)
485 1155 555 1200 vel
588 1154 728 1200 etiam
763 1155 932 1213 absque
967 1154 1044 1198 tali
1079 1153 1250 1208 animo,
1288 1152 1324 1198 si
1358 1152 1590 1210 ingressus
1629 1151 1724 1210 ipse
1756 1150 1804 1194 in
1839 1150 1945 1194 hae-

166 1259 185 1280 ιι
212 1239 458 1284 reticorum
483 1238 698 1283 ecclesias
729 1238 930 1297 aliquam
956 1238 1125 1282 inferat
1147 1238 1221 1282 vel
1255 1237 1426 1281 inferre
1454 1236 1666 1280 videatur
1689 1249 1793 1280 cum
1828 1233 1945 1278 eius-

166 1345 184 1364 ιι
212 1324 314 1367 dem
364 1323 605 1368 haereticis
646 1322 692 1366 in
737 1322 906 1366 divinis
955 1321 1459 1375 communicationem,
1495 1320 1603 1365 hinc
1649 1323 1696 1364 et
1743 1317 1946 1364 scandali

168 1426 186 1446 ιι
214 1406 500 1450 occasionem
538 1406 783 1463 praebeam
820 1407 861 1460 5)
887 1410 968 1450 aut
1000 1405 1035 1450 si
1071 1404 1172 1449 talis
1204 1404 1355 1448 adit-us
1387 1403 1586 1448 indictus
1619 1402 1678 1446 sit
1710 1401 1766 1446 ab
1790 1402 1946 1446 haere-

167 1511 184 1529 ιι
214 1489 302 1533 tico
337 1488 556 1547 gubernio
589 1493 824 1546 tamquam
861 1487 1128 1546 protestatio
1160 1487 1363 1531 eiusdem
1399 1486 1501 1530 fidei
1534 1499 1586 1530 ac
1607 1484 1840 1542 religionis
1873 1497 1945 1528 ca-

170 1594 188 1613 ιι
217 1572 410 1617 tliolicos
457 1572 577 1616 inter
610 1576 654 1615 et
686 1571 987 1626 acatholicos;
1038 1572 1080 1628 4)
1119 1571 1192 1615 vel
1224 1574 1476 1629 utcumque
1519 1568 1829 1614 communiter
1867 1570 1946 1612 ha-

168 1678 184 1697 ιι
215 1657 375 1701 beatur
410 1656 552 1701 veluti
586 1660 754 1700 tessera
792 1655 927 1699 unius
973 1654 1269 1713 eiusdemque
1318 1652 1658 1698 communionis
1700 1651 1944 1696 catholico-

166 1763 184 1783 ιι
211 1758 313 1787 rum
347 1747 393 1787 et
419 1741 793 1786 acatholicorum.
847 1745 893 1785 ln
930 1740 997 1784 his
1030 1739 1167 1797 igitur
1200 1738 1378 1784 casibus
1417 1751 1657 1796 nunquam
1703 1735 1808 1781 licet
1845 1737 1946 1781 hae-

166 1847 185 1867 ιι
214 1826 457 1871 reticorum
493 1824 633 1870 sacris
665 1824 968 1882 participare,
1005 1836 1091 1868 nec
1125 1822 1355 1881 propriam
1403 1822 1619 1866 simulare
1657 1820 1809 1865 fidem.
1861 1819 1943 1864 Ubi

166 1930 184 1950 ιι
214 1924 323 1954 vero
356 1910 467 1955 haec
499 1909 652 1954 omnia
702 1907 881 1963 absint,
918 1912 963 1951 et
995 1908 1086 1952 sola
1122 1906 1386 1951 curiositate
1424 1906 1592 1963 templa
1630 1903 1807 1948 visendi
1849 1917 1943 1947 mo-

166 2014 183 2034 ιι
215 1998 427 2048 veantur,
464 1993 693 2050 inculpate
727 2006 778 2036 ea
813 1991 937 2036 adire
970 1995 1160 2049 possunt
1187 2009 1225 2034 n.

287 2077 411 2122 1108.
455 2079 550 2120 Non
585 2075 691 2120 licet
725 2074 1022 2120 Missionariis
1073 2074 1228 2118 divina
1280 2073 1509 2118 celebrare
1558 2071 1604 2116 in
1654 2071 1858 2116 ecclesiis
1896 2071 1942 2115 in

161 2161 324 2221 quibus
357 2159 574 2204 haeretici
608 2172 687 2203 sua
723 2159 909 2216 profana
945 2162 991 2202 et
1023 2157 1240 2215 sacrilega
1279 2155 1499 2202 exercitia
1532 2155 1704 2200 habent
1729 2156 1759 2199 ¹.
1798 2157 1944 2213 Atque

162 2242 321 2287 eadem
357 2244 478 2286 Sacr.
515 2243 677 2297 Congr.
714 2238 784 2283 die
823 2239 875 2283 15
908 2253 1009 2296 aug.
1047 2238 1251 2283 eiusdem
1286 2236 1397 2282 anni
1432 2235 1672 2280 mandaxit
1705 2234 1839 2278 scribi
1865 2236 1943 2278 Ar-

164 2324 452 2382 chiepiscopo
486 2323 712 2368 Sardiensi
758 2342 776 2362 ιι
803 2327 854 2366 ut
887 2322 1150 2380 provideret
1183 2335 1240 2365 ne
1274 2321 1320 2365 in
1355 2319 1545 2364 ecclesia
1590 2322 1630 2363 S.
1669 2317 1851 2363 loannis
1889 2317 1943 2362 de

162 2408 338 2452 Cartola
361 2406 581 2452 dioecesis
613 2406 917 2452 Cattamensis
949 2405 1160 2450 catholici
1194 2419 1299 2450 cum
1334 2403 1508 2462 graecis
1539 2401 1843 2447 schismaticis
1875 2400 1938 2444 di-

163 2490 271 2534 vina
306 2490 614 2545 ‹¹elebrarent3
652 2503 757 2533 nam
793 2487 1005 2548 quamvis
1027 2488 1244 2532 altaribus
1266 2486 1459 2531 diversis
1490 2488 1748 2539 uterentur,
1785 2488 1941 2528 tamen

164 2578 345 2631 propter
382 2565 598 2618 ecclesiae
632 2572 921 2616 identitatem
955 2576 1074 2616 esset
1106 2570 1451 2616 communicare
1499 2583 1605 2613 cum
1639 2566 1942 2612 schismaticis

162 2655 207 2700 in
243 2654 413 2700 divinis
438 2674 475 2699 n.
515 2658 567 2698 Et
599 2654 670 2699 die
708 2656 758 2699 16
792 2658 907 2713 sept.
949 2655 1058 2699 1695
1091 2653 1345 2698 declaravit
1380 2671 1399 2693 ιι
1427 2666 1576 2711 neque
1611 2650 1745 2695 licere
1785 2650 1940 2695 haere-

164 2739 266 2783 ticis
298 2744 344 2783 et
366 2738 669 2784 schismaticis
703 2738 967 2796 permittere
992 2738 1110 2783 utin
1137 2737 1303 2782 nostris
1326 2736 1528 2782 ecclesiis
1560 2735 1810 2789 celebrent,
1836 2733 1942 2778 licet

162 2826 315 2866 amota
350 2821 475 2880 prius
506 2821 564 2867 sit
598 2826 722 2879 petra
756 2826 933 2867 sacrata
961 2840 998 2865 n.
1038 2826 1252 2868 Attamen
1287 2820 1333 2865 in
1369 2819 1572 2865 ecclesiis
1607 2818 1938 2863 catholicorum

159 2906 219 2950 ‘ab
266 2905 507 2951 haereticis
554 2905 814 2964 occupatis,
851 2905 894 2950 id
928 2905 1199 2964 permissum
1250 2908 1431 2949 constat
1462 2918 1520 2948 ex
1553 2903 1737 2948 decreto
1774 2906 1937 2959 Congr.

285 3087 293 3105 ¹
323 3078 358 3123 S.
385 3085 423 3122 C.
450 3085 527 3122 Fid.
554 3086 660 3131 Prop.
687 3085 730 3121 21
760 3085 847 3122 maii
876 3084 977 3122 1627.
