2176 3386
770 198 902 227 mni-:n
931 198 958 226 1.
991 197 1048 226 DE
1077 196 1271 226 cummis
1835 184 1913 223 257

125 304 398 349 admittatur
425 304 456 348 ¹.
496 306 739 348 Caeterum
773 317 940 361 magna
976 317 1129 348 rerum
1168 302 1451 360 agendarum
1493 301 1748 353 moderatio
1788 302 1914 347 adhi-

125 386 272 431 benda
315 386 422 431 est²
461 386 523 431 ita
566 390 618 431 ut
665 400 842 444 poenae
886 386 1037 445 potius
1078 385 1391 445 poenitentiae
1424 385 1656 431 rationem
1694 385 1909 430 habeant.

124 469 291 524 Quodsi
326 484 472 528 poena
504 470 655 529 aliqua
683 469 740 514 ob
763 483 903 527 grave
927 469 1144 514 delictum
1172 469 1359 514 ferenda
1392 468 1466 523 sit,
1493 468 1681 513 lenitate
1708 472 1778 513 est
1798 472 1913 513 tem-

126 553 324 610 peranda
359 553 389 597 ³.

245 636 345 680 292.
382 637 538 690 Quoad
563 636 805 681 materiam
833 635 1113 680 visitationis
1142 641 1296 682 certus
1318 636 1628 694 immotusque
1662 649 1812 680 canon
1846 639 1916 680 est

124 731 286 762 omnes
303 723 349 763 et
371 719 571 777 singulas
588 733 741 764 sacras
764 733 982 778 personas
1005 725 1051 764 et
1074 720 1171 764 loca
1198 718 1269 777 pia
1295 719 1414 763 intra
1442 718 1668 763 Dioecesis
1684 718 1911 763 ambitum

124 801 440 858 consistentia,
475 802 532 846 ab
569 802 785 860 Episcopo
819 802 996 847 visitari
1033 816 1177 860 posse,
1215 801 1302 846 nisi
1336 802 1581 846 manifesta
1616 801 1913 860 exemptione

125 884 376 943 potiantur.
409 885 651 944 Episcopus
673 886 797 930 enim
823 899 958 945 supra
984 886 1038 930 iis
1061 886 1301 930 fundatam
1328 885 1464 929 babet
1487 885 1851 930 iurisdictionem
1877 885 1908 930 ⁴.

124 973 219 1013 Hoc
253 968 397 1026 posito
430 969 485 1012 ad
519 968 720 1026 singulas
753 971 928 1027 species
962 970 1222 1013 veniamus.

243 1055 379 1096 Porro
415 1052 605 1097 materia
641 1052 921 1098 visitationis
953 1058 1062 1097 sunt
1086 1053 1132 1097 in
1160 1053 1317 1111 primis
1340 1054 1498 1097 elerici
1520 1058 1619 1097 tum
1642 1053 1792 1112 quoad
1818 1067 1911 1098 mo-

125 1147 212 1189 res,
248 1139 346 1178 tuni
380 1136 528 1194 quoad
562 1135 708 1180 officia
742 1141 880 1195 atque
913 1136 1213 1194 obligationes
1236 1136 1587 1189 ecclesiasticaS,
1608 1150 1725 1195 quae
1750 1136 1910 1181 iisdem

124 1217 426 1274 incumbunt,
461 1218 665 1277 adeoque
699 1219 958 1264 universim
992 1233 1153 1264 omnes
1186 1218 1344 1264 Clerici
1381 1218 1601 1264 visitandi
1636 1224 1744 1263 sunt
1790 1219 1911 1264 circa

123 1299 423 1357 obligationes
455 1301 669 1346 omnibus
702 1315 989 1347 communes.
1029 1306 1077 1346 In
1111 1302 1261 1360 specie
1295 1307 1453 1347 autem
1487 1301 1719 1346 obiectum
1755 1302 1911 1346 visita-

126 1381 265 1425 tionis
297 1386 380 1425 est.
416 1384 453 1426 1.
490 1383 766 1442 Capitulum.
804 1387 941 1429 Porro
965 1385 1113 1443 quoad
1138 1398 1319 1442 corpus,
1356 1384 1682 1443 inquirendum
1718 1388 1787 1428 est
1820 1398 1911 1443 quo

124 1465 282 1509 ordine
325 1465 383 1510 sit
424 1466 694 1511 distinctum
734 1472 780 1511 et
822 1474 976 1512 utrum
1019 1468 1186 1512 habeat
1228 1455 1506 1512 canonicum
1551 1468 1815 1525 theologum
1859 1481 1912 1512 ac

124 1549 556 1606 poenitentiarium:
594 1550 715 1595 circa
748 1551 950 1608 singulas
995 1564 1238 1608 personas,
1287 1556 1443 1594 utrum
1485 1550 1668 1594 ordines
1712 1551 1913 1595 habeant

122 1631 215 1675 suis
250 1632 518 1690 praebendis
550 1633 779 1678 adnexos:
815 1634 936 1678 circa
970 1635 1095 1678 ctiori
1120 1634 1382 1689 servitium,
1410 1633 1736 1692 inquirendum
1760 1639 1829 1678 est
1851 1648 1910 1678 an

123 1715 179 1759 ad
211 1715 394 1760 divinas
427 1716 582 1761 laudes
615 1717 903 1762 coniunctim
929 1718 974 1762 in
999 1719 1191 1762 ecclesia
1216 1718 1476 1762 recitandas
1499 1722 1579 1761 aut
1599 1718 1912 1762 decantandas

124 1796 250 1842 omni
275 1798 492 1856 religione
510 1804 646 1858 atque
670 1801 794 1844 cultu
815 1802 971 1845 sedulo
995 1801 1283 1856 incumbant,
1305 1801 1725 1860 praescriptamque
1749 1814 1911 1845 omnes

125 1895 216 1937 ore,
254 1882 429 1938 habitu,
466 1897 671 1941 corpore,
710 1884 871 1929 ritibus
903 1884 1193 1942 disciplinam
1217 1898 1270 1929 ac
1292 1885 1438 1942 legem
1463 1890 1667 1929 servent.
1706 1888 1774 1930 An
1798 1899 1911 1943 pun-

124 1970 323 2011 ctatores
355 1967 636 2026 adimpleant
671 1969 891 2028 quidquid
925 1974 971 2014 et
1011 1974 1183 2014 statuta
1227 1969 1419 2028 Capituli
1462 1975 1508 2014 et
1551 1970 1790 2028 synodalia
1839 1984 1910 2015 su-

125 2063 202 2107 per
235 2050 613 2108 punctationibus
646 2052 1002 2097 constitutiones
1034 2053 1236 2097 edicunt.
1291 2055 1359 2097 An
1394 2053 1619 2097 habeatur
1642 2053 1806 2097 tabella
1832 2053 1910 2097 llo-

125 2132 258 2177 raria.
297 2135 365 2178 An
398 2134 745 2180 distributiones
777 2137 1073 2195 quotidianae
1107 2137 1198 2180 sint
1233 2136 1531 2192 constitutae,
1579 2150 1773 2195 quarum
1825 2136 1911 2194 pri-

126 2214 311 2260 vatione
345 2217 628 2275 negligentes
661 2220 928 2276 puniantur.
965 2220 1092 2266 Circa
1127 2218 1402 2277 capitulares
1434 2218 1813 2274 deliberationes,
1851 2233 1910 2263 an

124 2298 325 2356 legitime
359 2300 486 2345 fiant.
522 2302 652 2346 Circa
685 2302 893 2346 ordinem
930 2302 975 2346 in
1011 2302 1234 2360 regimine
1268 2302 1459 2358 Capituli
1496 2302 1824 2362 inquirendum
1849 2316 1906 2347 an

124 2384 477 2447 constitutiones
496 2384 603 2429 sint
635 2390 681 2430 et
713 2400 738 2429 a
771 2399 860 2445 quo
895 2385 1171 2443 approbatae
1205 2386 1404 2442 t'uerint;
1441 2400 1499 2430 an
1535 2385 1615 2430 fiat
1647 2386 1810 2430 electio
1843 2387 1907 2430 ot'-

124 2464 341 2511 ticialium
376 2467 667 2527 rationesque
701 2468 757 2512 ab
790 2468 844 2512 iis
867 2468 914 2512 in
939 2468 1028 2512 line
1063 2468 1171 2512 anni
1209 2468 1460 2513 reddantur
1493 2468 1606 2513 etin
1634 2468 1769 2512 libros
1794 2470 1907 2512 rete-

124 2553 311 2606 rantur;
346 2549 541 2609 denique
574 2564 633 2594 an
667 2550 977 2606 'l'abularium,
1012 2563 1091 2595 seu
1126 2549 1252 2595 locus
1284 2565 1422 2610 quem
1458 2550 1593 2608 vulgo
1638 2549 1907 2596 Archivium

245 2764 253 2782 ¹
283 2765 417 2802 Bened.
446 2765 532 2802 XIV
559 2766 685 2801 Const.
705 2765 760 2801 Ad
776 2765 966 2802 militantis
983 2765 1165 2801 Ecclesiae
1191 2765 1211 2800 5
1232 2763 1311 2800 Kal.
1331 2764 1419 2809 Apr.
1442 2762 1543 2799 1742.
1567 2764 1652 2808 Cap.
1674 2763 1727 2805 1Ο,
1748 2762 1846 2799 Sess.
1865 2762 1911 2797 25

126 2835 170 2872 de
196 2836 271 2872 Res.
298 2836 409 2873 Conc.
436 2836 531 2872 Trid.

244 2902 256 2921 ³
282 2903 425 2939 Decret.
453 2902 518 2938 lib.
549 2903 580 2947 1,
608 2904 660 2939 tit.
688 2903 744 2945 51,
771 2912 852 2948 cap.
879 2902 934 2938 16.

242 2972 255 2991 ³
281 2973 319 3009 C.
347 2973 402 3017 13,
428 2973 492 3009 lib.
520 2974 550 3018 1;
578 2984 607 3010 c.
638 2974 667 3016 1,
696 2979 718 3010 t.
746 2974 802 3018 ΞΟ,
831 2973 892 3010 lib.
921 2974 942 3009 5
971 2975 1007 3010 in
1034 2972 1083 3010 6⁰.

241 3044 255 3064 ⁸
280 3044 331 3083 Cf.
356 3045 531 3082 BARBosA
557 3047 598 3082 de
626 3047 693 3092 Off.
719 3049 753 3083 et
777 3049 904 3092 potest.
933 3046 1051 3091 Episc.
1080 3046 1119 3080 P.
1150 3044 1182 3088 5,
1211 3044 1281 3094 All.
1309 3044 1365 3081 74.

247 3116 560 3149 Zi'rELLl-Sonissni.
1748 3114 1784 3146 17
