2176 3386
209 169 290 209 460
853 180 962 210 PARS
990 181 1014 208 1.
1049 180 1105 208 nr:
1135 178 1346 208 pensoms

206 290 356 341 perest
389 300 447 331 ex
482 286 674 345 pecunia
709 287 755 332 in
788 287 909 332 hanc
944 301 1039 332 rem
1074 286 1324 342 cumulata,
1349 285 1623 342 generalissa
1656 284 1703 330 in
1737 258 1984 332 utilitatem

207 370 449 415 domorum
483 370 804 429 pauperiorum
841 370 1005 428 poterit
1037 370 1320 430 impendere.
1360 373 1421 415 De
1454 369 1539 414 hac
1570 358 1998 415 administrationis

206 456 333 510 parte
365 453 447 497 soli
481 453 705 498 Cardinali
743 451 989 497 Protectori
1024 452 1184 497 eadem
1220 451 1444 496 rationem
1478 450 1640 495 reddit.

941 635 1170 665 AnTlanns
1202 636 1228 664 ll
1238 655 1246 664 .

428 742 492 783 De
530 741 757 783 Electione
795 739 1117 783 Generalissae
1150 745 1190 782 et
1223 738 1435 783 aliarum
1467 735 1762 795 officialium.

325 871 424 914 592.
465 871 502 914 1.
541 869 682 914 Simul
714 883 767 913 ac
800 867 1076 913 sexennium
1111 868 1321 912 habuerit
1353 866 1548 921 exitum,
1571 881 1660 926 quo
1690 865 1984 924 superiorissa

204 953 428 1011 generalis
464 953 667 1010 regimen
701 952 855 1010 gessit,
882 953 953 996 vel
986 952 1126 996 etiam
1159 955 1284 1007 ante,
1321 953 1356 995 si
1390 950 1591 995 eiusdem
1628 949 1778 995 obitus
1809 948 1984 994 accide-

203 1036 264 1080 rit
288 1037 318 1092 ¹,
355 1036 511 1081 statim
545 1050 616 1090 eo,
651 1035 727 1094 qui
761 1035 983 1095 sequitur,
1021 1035 1154 1080 modo
1187 1035 1240 1079 ad
1276 1034 1523 1079 electiones
1557 1034 1842 1091 procedatur.

323 1121 364 1164 2.
405 1119 658 1164 Electiones
681 1133 704 1163 a
725 1119 955 1164 sororibus
986 1118 1099 1162 fient
1123 1132 1200 1176 per
1221 1117 1475 1172 schedulas,
1500 1131 1615 1176 quae
1639 1116 1782 1175 sigillo
1805 1117 1987 1162 clausae

202 1204 258 1248 ad
280 1203 566 1250 Cardinalem
594 1207 901 1247 Protectorem
932 1201 1243 1246 remittentur.
1279 1208 1403 1254 Quae
1428 1199 1600 1244 maiora
1624 1198 1835 1257 sull'ragia
1867 1198 1983 1242 ultra

202 1287 444 1332 dimidium
480 1291 754 1331 consecutae
778 1284 950 1330 fuerint
975 1286 1019 1328 in
1042 1283 1388 1342 superiorissam
1423 1283 1701 1341 generalem,
1727 1287 1772 1327 et
1796 1282 1840 1326 in
1876 1282 1983 1326 assi·

202 1375 375 1415 stentes
393 1371 564 1415 electae
583 1370 910 1414 censebuntur.
937 1368 1188 1415 Cardinalis
1211 1372 1442 1412 l’rotector
1457 1367 1703 1412 electiones
1720 1366 1975 1412 confirmat.

322 1454 363 1498 3.
405 1452 805 1498 Eminentissimus
851 1455 1111 1507 protector,
1157 1455 1208 1495 ut
1248 1451 1526 1495 electionum
1581 1450 1759 1494 felicem
1806 1449 1983 1494 exitum

202 1541 489 1595 promoveat,
523 1550 576 1581 ac
610 1536 860 1580 faciliorem
897 1536 1070 1590 reddat,
1106 1534 1370 1592 eligibilium
1403 1538 1559 1578 notam
1594 1533 1853 1578 conscribet
1886 1547 1982 1591 pro-

201 1624 458 1678 ponetque,
510 1623 750 1679 postquam
799 1618 998 1663 debitam
1048 1618 1102 1662 de
1147 1617 1304 1662 iisdem
1355 1617 1624 1675 eligibilibus
1671 1617 1982 1675 cognitionem

201 1703 515 1762 acquisiverit,
552 1717 605 1747 eo
639 1716 805 1761 nempe
852 1700 1060 1757 consilio,
1097 1706 1146 1744 ut
1179 1714 1356 1745 sorores
1398 1714 1530 1745 nosse
1563 1704 1750 1759 queant,
1785 1700 1858 1745 cui
1891 1703 1981 1746 suf-

202 1785 398 1844 fragium
435 1787 553 1831 ferre
586 1786 729 1830 satius
760 1785 835 1841 sit,
870 1785 1052 1845 quando
1086 1784 1315 1842 ignorant,
1350 1798 1577 1843 quaenam
1620 1783 1761 1840 magis
1794 1783 1985 1829 idoneae

202 1874 489 1928 reputentur.
527 1872 711 1914 Sorores
733 1874 889 1913 autem
911 1868 1080 1913 liberae
1104 1873 1213 1912 sunt
1235 1867 1361 1911 iuxta
1387 1866 1615 1925 propriam
1649 1866 1980 1912 conscientiam

200 1952 454 2012 quamlibet
485 1966 687 1997 sororem
719 1951 884 2009 eligere
918 1951 1058 1996 etiam
1093 1955 1223 1995 extra
1259 1954 1434 2005 notam,
1459 1950 1707 1995 dummodo
1740 1951 1882 1996 electa
1906 1965 1982 1996 ne-

202 2035 410 2080 cessariis
445 2036 609 2094 polleat
633 2034 937 2097 qualitatibus
960 2034 994 2078 ².

318 2120 362 2164 [ι.
401 2120 530 2164 Nulla
581 2123 729 2177 potest
762 2118 808 2162 in
842 2117 1187 2176 superiorissam
1235 2118 1494 2175 generalem
1540 2116 1670 2175 eligi,
1711 2130 1828 2176 quae
1874 2131 1985 2177 qua-

200 2201 410 2259 draginta
451 2201 631 2256 aetatis‚
666 2201 824 2246 decem
869 2200 1161 2258 professionis
1200 2213 1346 2244 annos
1387 2213 1478 2244 non
1519 2198 1738 2257 attigerit,
1774 2199 1867 2255 sed,
1904 2214 1982 2245 ne·

200 2286 413 2330 cessitate
447 2285 684 2340 suadente,
719 2285 848 2329 Card.
890 2287 1123 2328 Protector
1154 2283 1417 2340 dispensare
1452 2282 1633 2340 poterit,
1670 2287 1719 2326 ut
1752 2296 1879 2327 soror
1906 2282 1981 2327 eii-

201 2371 491 2427 gatur,'quae
521 2381 696 2412 annum
722 2366 1007 2424 trigesimum
1032 2365 1213 2421 aetatis,
1238 2365 1451 2425 quintum
1479 2365 1770 2423 professionis
1792 2364 1984 2410 omnino

201 2451 518 2510 compleverit.

320 2619 329 2638 ¹
359 2619 401 2655 In
427 2618 599 2655 Animad.
627 2618 672 2654 ad
700 2618 815 2655 Consi.
836 2619 913 2654 Sor.
938 2617 1174 2654 catalaunen.
1198 2618 1255 2652 27
1273 2617 1366 2662 Sept.
1389 2616 1502 2656 1861,
1528 2620 1543 2656 ξ
1570 2618 1607 2658 8,
1635 2626 1716 2662 paq.
1733 2617 1799 2658 28,
1826 2624 1980 2661 genera-

199 2690 289 2726 lissa
315 2690 449 2736 deponi
477 2699 498 2726 a
523 2699 590 2726 suo
618 2689 745 2736 nequit
773 2688 895 2726 officio
922 2689 1001 2724 sine
1027 2688 1175 2734 praevio
1202 2697 1352 2724 recursu
1380 2687 1425 2723 ad
1444 2687 1696 2733 Apostolicam
1724 2686 1863 2724 sedem.
1891 2687 1981 2722 Item

200 2761 238 2797 in
268 2762 388 2798 Anim.
415 2761 459 2797 ad
487 2761 605 2798 Const.
634 2763 711 2798 Sor.
741 2761 876 2798 charit.
903 2761 1145 2798 Paderbonen.
1171 2761 1220 2795 10
1245 2759 1357 2796 Mart.
1388 2758 1506 2802 1860,
1532 2763 1547 2799 5
1572 2760 1632 2801 16,
1659 2769 1740 2805 paq.
1766 2760 1837 2802 10;
1863 2757 1981 2794 multo

199 2834 320 2880 magis
348 2834 383 2870 id
412 2833 547 2871 ibidem
574 2839 735 2878 cavetur,
762 2835 791 2869 si
819 2832 934 2880 (quod
959 2831 1070 2877 absit)
1096 2832 1139 2868 dc
1167 2831 1395 2877 generalissa
1420 2830 1639 2876 expellenda
1663 2833 1845 2876 ageretur.

318 2907 331 2924 ²
357 2907 399 2943 In
426 2906 599 2942 Animad.
627 2907 665 2942 in
703 2906 822 2943 Const.
849 2906 916 2942 Fil.
942 2905 1038 2942 Mar.
1066 2905 1266 2941 Gerzmden.
1295 2905 1322 2940 9
1347 2903 1436 2940 Maii
1461 2904 1579 2946 1860,
1605 2907 1620 2943 S
1649 2905 1686 2944 6,
1709 2913 1793 2950 pay.
1819 2903 1878 2946 14,
1905 2911 1981 2938 non

200 2976 387 3022 probatur,
414 2977 512 3022 quod
539 2977 698 3014 schedae
726 2977 764 3013 in
789 2976 954 3022 qualibet
991 2976 1102 3012 domo
1129 2975 1358 3021 aperiantur;
1384 2983 1472 3010 nam
1498 2983 1543 3010 ex
1570 2973 1779 3010 charactere
1809 2971 1977 3018 dignosci

200 3055 321 3097 potest
346 3060 516 3098 persona,
544 3060 638 3097 quae
665 3049 882 3096 suffragium
911 3050 1021 3094 dedit,
1043 3049 1165 3095 itaque
1193 3052 1374 3086 secretum
1399 3057 1421 3085 a
1446 3047 1611 3085 Concilio
1638 3045 1852 3082 Tridentino
1878 3053 1982 3091 prae·
