2176 3386
506 198 637 227 Lmen
664 199 688 227 1.
724 199 781 227 DE
810 197 949 228 rit-:nus
978 197 1215 228 ECCLES1AE
1243 197 1572 228 smm‘ruALmus
1860 187 1936 227 123

149 302 384 348 continuis
415 302 573 348 diebus
605 302 801 360 festivis,
839 303 885 348 in
919 303 1111 349 ecclesia
1145 303 1268 348 inter
1305 302 1550 349 Missarum
1599 303 1822 349 solemnia
1856 317 1935 362 pu·

147 386 266 433 blice
297 387 600 432 denuntietur
631 387 753 433 inter
782 401 897 448 quos
932 388 1283 434 matrimonium
1306 387 1365 432 sit
1390 376 1762 433 contrabendum
1790 389 1803 412 ¹
1832 407 1872 431 n.

267 470 368 516 861.
400 474 495 517 Hae
530 485 640 517 vero
672 471 1047 517 denuntiationes
1083 470 1312 517 stabilitae
1350 474 1475 527 sunt,
1500 475 1552 515 ut
1575 471 1609 515 si
1643 471 1763 530 quod
1796 471 1938 516 lateat

152 551 535 609 impedimentum
568 554 832 612 detegatur;
875 553 985 600 hinc
1016 554 1221 614 quisquis
1259 554 1344 599 hoc
1386 552 1528 609 sciat,
1563 553 1671 598 licet
1703 553 1935 598 occultum

144 635 220 692 sit,
257 636 311 681 ad
348 638 606 682 Parochum
641 637 714 683 vel
747 638 1020 696 Episcopum
1052 637 1230 683 deferre
1262 641 1464 682 tenetur.
1515 636 1730 690 Quaestio
1780 640 1937 681 autem

146 733 207 764 an
240 720 622 766 denuntiationes
655 720 753 766 fieri
777 721 951 779 possint
983 721 1055 766 die
1078 721 1207 780 festol
1223 734 1480 779 suppresso,
1506 719 1762 764 illustratur
1793 719 1940 764 tribus

150 802 301 848 causis
333 802 380 848 in
415 807 458 849 S.
495 806 659 862 Congr.
694 804 883 850 Concilii
934 804 1257 863 pertractatis,
1292 803 1468 849 scilicet
1502 803 1549 849 in
1585 807 1785 849 Brunen.
1814 803 1848 860 ²,
1890 803 1938 848 in

153 885 398 931 Tudertina
433 889 867 933 Denuneiationum
900 891 1111 933 matrim.
1139 888 1153 911 ⁸
1187 892 1234 932 et
1267 887 1315 932 in
1351 887 1625 932 Pinerolien.
1654 887 1670 913 ⁸
1705 888 1751 932 in
1774 887 1941 947 quibus

149 967 258 1014 licet
288 968 438 1014 decisa
474 983 567 1015 non
612 969 751 1015 fuerit
781 969 989 1030 quaestio
1036 970 1179 1026 iuris,
1214 985 1271 1015 ex
1308 969 1542 1029 principiis
1585 974 1744 1021 tamen
1783 969 1942 1028 positis

150 1051 309 1110 liquet,
344 1066 397 1096 eo
430 1056 614 1098 tantum
655 1052 701 1098 in
735 1066 844 1099 casu
895 1053 1045 1112 peragi
1083 1066 1210 1111 posse
1231 1089 1242 1111 ,
1276 1053 1461 1113 quando
1498 1053 1588 1097 duo
1620 1056 1938 1109 concurrunt,

151 1134 428 1180 solemnium
462 1149 634 1195 nempe
666 1137 930 1193 celebratio,
956 1143 1002 1182 et
1035 1139 1251 1197 frequens
1283 1137 1434 1196 populi
1467 1150 1680 1182 accessus
1712 1136 1768 1182 ad
1796 1138 1939 1182 eccle-

150 1216 283 1262 siam.
311 1220 412 1262 Non
432 1219 698 1277 prohibetur
715 1219 854 1265 etiam
880 1220 979 1265 illas
1002 1220 1098 1265 fieri
1123 1220 1170 1264 in
1190 1220 1401 1278 Vesperis
1418 1219 1714 1265 solemnibus.
1742 1219 1846 1264 Pius
1863 1224 1938 1275 IX,

151 1300 224 1344 die
257 1300 283 1344 8
319 1305 434 1360 sept.
474 1301 585 1348 1869
620 1301 809 1348 indulsit
845 1302 1035 1349 Vicariis
1068 1306 1222 1361 Apost.
1259 1303 1431 1359 Indiae,
1457 1317 1564 1348 cum
1600 1303 1849 1348 necessitas
1872 1304 1940 1348 in-

150 1381 329 1440 ciderit,
365 1398 441 1430 eas
474 1386 628 1431 facere
661 1386 820 1432 diebus
851 1387 1101 1432 ferialibus.

270 1467 373 1512 862.
411 1469 803 1515 Proclamationes
835 1470 1004 1515 debent
1040 1470 1136 1515 fieri
1169 1470 1216 1515 in
1251 1470 1451 1515 Ecclesia
1486 1469 1733 1526 parochiali
1774 1474 1941 1527 nuptu-

152 1549 372 1594 rientium
407 1565 431 1595 a
466 1552 652 1611 proprio
688 1554 904 1609 Parocho,
940 1553 1016 1612 qui
1050 1554 1192 1598 alium
1230 1553 1594 1598 ecclesiasticum
1630 1553 1783 1597 virum
1821 1552 1939 1597 dele-

151 1647 257 1691 gare
291 1639 471 1692 potest,
508 1649 601 1680 non
637 1650 746 1681 vero
779 1637 965 1682 laicum.
1016 1640 1230 1683 Ceterum
1262 1637 1411 1696 quoad
1443 1636 1819 1681 denuntiationes
1863 1649 1941 1680 no·

156 1718 347 1763 tandum
381 1723 466 1776 est,
501 1720 647 1779 quod:
684 1723 730 1775 a)
759 1721 800 1765 Si
828 1721 1110 1766 contracturi
1135 1736 1192 1766 ex
1216 1722 1411 1766 diversis
1435 1721 1662 1780 parochiis
1685 1721 1795 1776 sint,
1820 1725 1943 1765 utro-

154 1801 289 1862 bique
322 1802 419 1847 fieri
452 1803 635 1848 debent.
674 1805 717 1848 Si
740 1805 963 1850 alteruter
996 1805 1069 1850 vel
1102 1809 1294 1865 uterque
1317 1818 1510 1863 sponsus
1532 1805 1589 1850 ab
1623 1819 1731 1861 una,
1757 1805 1834 1850 ubi
1866 1805 1943 1850 diu

156 1888 458 1944 habitaverat,
496 1887 541 1932 in
577 1888 713 1933 aliam
750 1888 1013 1947 parochiam
1048 1889 1215 1934 ibidem
1250 1889 1539 1935 habitaturus
1573 1902 1732 1934 recens
1779 1889 1943 1947 migra·

155 1970 292 2025 verit,
316 1970 363 2015 in
388 1975 584 2030 utraque
607 1971 718 2016 item
752 1971 1038 2032 totidemque
1063 1972 1240 2017 vicibus
1262 1973 1351 2017 erit
1381 1971 1731 2018 matrimonium
1767 1973 1944 2017 denun-

158 2052 384 2099 tiandum.
422 2058 658 2108 Quaenam
693 2060 849 2100 autem
883 2056 1188 2102 commoratio
1221 2056 1434 2111 sufficiat,
1461 2061 1511 2101 ut
1543 2056 1590 2101 in
1624 2057 1718 2102 sola
1751 2057 1944 2102 actualis

158 2135 454 2182 habitationis
490 2137 704 2196 parochia
728 2137 858 2195 fiant,
884 2153 941 2183 ex
975 2138 1161 2184 statutis
1192 2138 1494 2195 dioecesanis,
1522 2139 1593 2184 vel
1627 2139 1697 2183 his
1729 2138 1944 2183 deficien-

158 2218 294 2277 tibus,
330 2234 387 2265 ex
421 2234 504 2265 usu
529 2220 890 2279 dignoscendum
918 2227 1008 2279 est;
1047 2223 1314 2282 plerumque
1338 2236 1418 2267 sex
1445 2236 1626 2267 menses
1660 2222 1940 2267 indicantur.

156 2306 197 2363 b)
232 2309 281 2350 In
314 2304 413 2350 loco
446 2305 635 2363 originis
669 2305 839 2351 iamdiu
874 2305 1110 2363 derelicto,
1148 2305 1419 2364 regulariter
1454 2305 1710 2351 necessaria
1745 2319 1838 2350 non
1876 2309 1946 2350 est

160 2389 443 2434 matrimonii
492 2389 810 2447 denuntiatio,
849 2391 934 2435 nisi
984 2394 1146 2448 agatur
1178 2390 1232 2435 de
1266 2389 1410 2448 vagis.
1461 2389 1502 2433 Si
1539 2403 1649 2434 vero
1691 2388 1942 2445 dubitetur,

159 2471 312 2517 sintne
334 2472 486 2532 aliquo
522 2473 622 2518 loco
655 2473 892 2518 faciendae
925 2472 1319 2528 denuntiationes,
1344 2471 1575 2517 Ordinarii
1610 2471 1830 2516 iudicium
1864 2485 1943 2516 ex·

157 2554 434 2615 quirendum
457 2561 540 2601 est.
580 2559 811 2614 vagorum
833 2561 991 2601 autem
1017 2556 1365 2601 matrimonium
1399 2555 1675 2600 denuntiare
1694 2560 1944 2615 {nunquam

279 2779 287 2798 ¹
317 2779 398 2816 Una
423 2780 554 2816 saltem
581 2780 809 2818 denuntiatio
837 2780 914 2817 fieri
942 2781 1049 2818 debet
1077 2782 1115 2818 in
1144 2782 1186 2817 iis
1223 2782 1334 2819 etiam
1367 2781 1583 2827 regionibus
1610 2791 1652 2818 ac
1680 2782 1878 2827 parochiis,
1907 2783 1946 2818 in

156 2850 292 2896 quibus
319 2851 416 2887 Trid.
444 2850 556 2887 Cone.
585 2851 814 2897 publicatum
841 2861 917 2889 non
945 2852 1022 2890 fuit.

278 2923 290 2941 ’
320 2923 361 2958 17
387 2922 479 2959 iunii
508 2922 613 2959 1780.

280 2993 293 3012 ³
321 2994 364 3031 19
390 3004 466 3040 apr.
495 2994 598 3031 1825.

278 3063 292 3085 ¹·
319 3066 338 3102 7
366 3075 444 3112 apr.
474 3065 575 3102 1862.
