2176 3386
759 182 890 211 Lmen
918 182 958 210 11.
989 182 1045 210 DE
1076 180 1378 210 REGULAmBus
1878 169 1957 211 443

174 291 360 338 licentia
393 290 639 336 dioecesim
662 291 979 350 derelinquere
1014 304 1105 335 non
1142 294 1289 349 potest
1322 303 1380 335 ne
1412 289 1674 335 animarum
1705 288 1956 335 detrimen·

173 380 272 420 tum
316 374 549 420 obveniat.
590 374 834 432 Episcopus
874 374 973 418 sine
1015 372 1286 431 gravissima
1331 386 1468 418 causa
1510 363 1746 418 licentiam
1788 386 1954 431 negare

177 473 268 504 non
301 458 436 503 debet
462 459 490 502 ¹.

898 600 1129 631 ARTICULUS
1151 602 1213 631 111.

609 684 674 726 De
706 684 913 727 transitu
946 681 1009 726 ad
1043 682 1191 726 aliam
1226 681 1516 739 reliyz'onem.

291 789 390 833 574.
429 788 544 833 Fieri
579 792 726 846 potest
761 792 809 831 ut
832 787 1053 832 transitus
1086 789 1142 831 al)
1173 801 1263 831 nna
1298 787 1354 831 ad
1383 786 1518 831 aliam
1554 786 1821 843 religionem
1856 800 1952 844 per-

173 872 336 917 missus
369 871 442 927 sit,
468 872 716 916 dummodo
751 872 980 930 legitimae
1012 871 1300 916 conditiones
1332 871 1653 916 observentur.

289 961 382 1001 Hae
415 960 548 1000 sunt:
589 956 627 1010 1)
657 957 711 998 I't
752 955 974 1000 transitus
1016 955 1094 1000 [iat
1136 955 1191 1000 ad
1227 955 1493 1014 religionem
1545 955 1864 1013 perfectiorem
1908 960 1953 1000 et

170 1039 474 1095 strictiorem;
510 1052 626 1098 quae
658 1044 812 1083 autem
858 1039 1102 1097 perfectior
1132 1039 1217 1094 sit,
1264 1053 1353 1084 non
1389 1054 1445 1083 cx
1482 1039 1625 1097 prima
1670 1039 1851 1096 regulae
1886 1039 1952 1083 in-

169 1123 427 1178 stitutione,
463 1123 540 1167 sed
572 1136 628 1167 ex
665 1122 891 1181 praesenti
931 1124 1029 1167 eius
1061 1122 1383 1167 observatione
1421 1123 1827 1168 determinandum
1866 1127 1948 1166 est.

172 1208 214 1262 2)
243 1208 296 1250 [t
329 1206 511 1251 licentia
548 1207 831 1265 Apostolicae
864 1207 989 1251 Sedis
1029 1206 1308 1251 obtineatur.
1348 1211 1402 1252 At
1442 1207 1563 1252 circa
1598 1207 1683 1252 hoc
1718 1207 1952 1264 negotium

172 1291 303 1337 hodie
346 1291 625 1336 attendenda
667 1296 775 1336 sunt
816 1305 932 1348 quae
967 1291 1128 1336 Bened.
1156 1294 1252 1336 XIV
1291 1291 1498 1336 decrevit
1521 1292 1536 1314 ‘²
1569 1291 1624 1336 de
1658 1291 1953 1336 facultatibus

169 1375 299 1420 Card.
338 1374 522 1420 Maioris
556 1374 902 1420 Poenitentiarii
938 1380 964 1427 ἓ
997 1378 1192 1431 XXXIV,
1219 1377 1394 1430 XXXV,
1420 1377 1615 1430 XXXVI,
1651 1374 1699 1420 in
1733 1389 1822 1435 qua
1855 1389 1952 1433 per·

172 1456 315 1501 mittit
351 1457 509 1502 Maiori
548 1457 904 1502 poenitentiario
937 1457 1189 1501 concedere
1224 1457 1472 1502 transitum
1506 1458 1561 1502 ad
1596 1458 1817 1502 laxiorem
1852 1458 1952 1502 reli-

168 1541 350 1598 gionem
385 1542 441 1585 ob
473 1554 636 1599 graves
679 1554 837 1585 causas
881 1541 1109 1598 probatas,
1144 1540 1389 1600 auditoque
1436 1541 1559 1599 prius
1602 1541 1839 1600 Superiore
1873 1547 1952 1585 Or-

168 1623 288 1668 dinis
321 1639 344 1668 a
368 1638 453 1682 quo
487 1628 532 1668 et
565 1637 670 1668 cum
703 1638 928 1668 consensu
961 1624 1213 1683 Superioris
1237 1624 1419 1669 Ordinis
1452 1625 1515 1669 ad
1547 1639 1680 1684 quem
1717 1625 1953 1670 faciendus

169 1711 239 1751 est
270 1706 505 1751 transitus.

906 1854 1136 1883 ARTICULUS
1164 1855 1217 1883 lv.

828 1937 892 1979 De
925 1937 1290 1992 Dispensatione.

290 2043 389 2087 575.
431 2042 678 2100 Religiosus
712 2043 945 2100 Regularis
977 2042 1053 2102 qui
1087 2042 1133 2086 in
1167 2042 1307 2087 sacris
1350 2041 1631 2086 constitutus
1664 2055 1756 2086 non
1790 2041 1848 2085 sit
1879 2041 1951 2086 vel

171 2123 537 2182 presbyteratum
586 2137 674 2167 non
719 2122 972 2181 acceperit,
1009 2137 1033 2167 a
1078 2126 1285 2168 Romano
1326 2121 1544 2167 Pontilice
1588 2121 1650 2165 ita
1689 2121 1952 2166 iustissimis

168 2205 223 2249 de
246 2204 394 2249 causis
425 2204 676 2263 dispensari
710 2209 858 2263 potest
889 2208 935 2248 et
967 2204 1020 2249 ad
1054 2204 1336 2249 saecularem
1370 2208 1543 2248 statum
1578 2203 1761 2263 penitus
1795 2205 1947 2249 reduci

171 2294 335 2348 potest,
370 2289 482 2334 adeo
526 2294 575 2333 ut
608 2289 746 2334 etiam
789 2290 971 2347 nuptias
1003 2289 1233 2334 celebrare
1278 2288 1431 2346 possit.
1468 2289 1597 2343 Quod
1629 2288 1666 2332 si
1703 2287 1951 2346 Religiosus

172 2373 219 2417 in
251 2372 392 2418 sacris
424 2373 482 2417 sit
514 2372 793 2418 constitutus
815 2373 886 2417 vel
911 2372 1254 2430 presbyteratus
1285 2372 1493 2417 ordinem
1538 2371 1804 2430 susceperit,
1839 2371 1952 2416 diffi-

171 2455 303 2500 cilius
337 2455 409 2499 vel
444 2455 704 2500 nullatenus
736 2455 1014 2514 dispensatio
1061 2455 1344 2500 conceditur.
1384 2460 1448 2500 Ita
1484 2455 1742 2500 Alexander
1776 2459 1832 2500 III
1864 2455 1951 2498 dis-

172 2538 383 2597 pensavit
416 2553 522 2583 cum
556 2538 741 2584 Nicolao
765 2538 1018 2584 Iustiniano
1052 2539 1279 2584 monacho
1311 2538 1366 2583 ad
1402 2539 1701 2593 nubendum,
1739 2537 1951 2583 Coelesti·

176 2637 262 2668 nus
294 2627 349 2669 III
382 2623 664 2682 dispensavit
708 2637 813 2669 cum
847 2623 1112 2669 Constantia
1163 2621 1349 2668 moniali
1397 2624 1597 2680 professa
1645 2621 1736 2666 filia
1775 2622 1948 2680 Rogerii

175 2705 306 2764 Regis
339 2705 515 2751 Siciliae
547 2710 598 2751 ut
631 2705 979 2751 matrimonium
1013 2706 1308 2751 contraheret
1340 2718 1446 2748 cum
1484 2704 1682 2749 Henrico
1717 2707 1772 2749 VI
1797 2704 1828 2749 ⁸.

291 2849 300 2869 ¹
329 2850 397 2886 Cfr.
425 2850 540 2886 Breve
568 2850 628 2886 Eoe
655 2860 723 2897 quo
750 2849 937 2887 Benedicti
952 2849 1051 2893 XIV,
1081 2849 1122 2885 14
1150 2850 1224 2885 ian.
1254 2847 1355 2884 1747.
1383 2868 1427 2873 —
1454 2847 1524 2884 Cir.
1550 2847 1615 2884 CC.
1645 2847 1662 2884 l
1691 2865 1734 2872 —
1762 2857 1861 2885 caus.
1893 2847 1947 2891 19,

175 2920 322 2964 Quaest.
350 2921 392 2957 1a
421 2927 457 2958 et
482 2922 552 2958 2³.

291 2992 303 3011 ⁸
331 2993 372 3029 In
398 2992 521 3030 Const.
549 2994 681 3030 Pastor
707 2994 819 3030 bonus
847 2993 889 3029 15
916 2993 986 3038 Ap.
1017 2991 1118 3028 1744.

291 3063 304 3082 ³
330 3064 528 3102 FAGNANus
555 3074 636 3110 cap.
663 3065 695 3108 6,
725 3065 777 3101 tit.
806 3064 942 3107 XXXI,
970 3064 992 3100 l.
1019 3064 1053 3100 5.
