2176 3386
218 148 294 188 136
884 163 995 193 PARS
1022 164 1065 193 11.
1098 164 1156 193 DE
1186 164 1326 195 minus

212 266 411 312 alterum
443 267 654 314 contrahi
688 268 952 315 nullatenus
984 275 1147 329 potest.
1184 275 1242 318 Et
1274 272 1359 332 ipsi
1392 273 1622 333 polygami
1657 274 1880 335 infideles„
1914 278 1992 340 qui

211 349 267 394 ad
302 349 435 395 tidem
469 356 826 410 conxcrtuntur,
862 367 966 399 eam
998 353 1198 398 retinere
1221 358 1443 401 tenentur
1464 356 1510 401 in
1535 371 1747 415 uxorem,
1772 373 1878 406 cum
1900 375 1991 422 qua

211 432 411 491 primum
446 435 796 481 matrimonium
833 437 981 482 valide
1013 441 1368 484 contraxerunt.

330 517 431 562 905.
471 518 590 563 Nulli
626 533 735 565 vero
768 520 1013 578 coniugato
1047 523 1114 566 fas
1136 526 1206 567 est
1226 523 1282 567 ad
1306 523 1418 569 alias
1441 524 1626 584 nuptias
1647 526 1862 584 transire,
1889 529 1989 573 nul-

206 575 393 659 lumque
426 601 647 659 temporis
678 603 858 661 lapsum
891 604 1099 649 sufficere
1133 608 1298 663 potest,
1325 611 1376 651 ut
1398 607 1669 666 coniugibus
1690 609 1827 655 liceat
1855 611 1987 656 alteri

207 682 397 739 nubere,
433 698 478 729 ni
470 683 519 728 si
553 684 678 743 prius
710 687 971 732 constiterit
1004 688 1163 733 morali
1197 689 1476 737 certitudine
1509 691 1708 750 priorem
1742 693 1985 752 coniugem

204 765 368 811 obiisse
394 767 422 810 ¹.
460 768 651 821 Quando
687 783 796 814 vero
831 770 1016 815 moralis
1050 771 1162 816 baec
1194 772 1422 819 certitudo
1444 774 1499 819 de
1523 780 1672 820 morte
1696 776 1857 834 prioris
1879 791 1986 822 con·

201 848 318 907 iugis
365 850 616 907 habeatur,
663 866 720 897 ex
768 852 962 897 diversis
1007 855 1298 912 Apostolicae
1332 856 1457 902 Sedis
1489 857 1781 904 documentis
1813 859 1984 918 colligi-

202 932 316 976 tur²
323 937 544 979 .Horum
577 935 962 981 documentorum
996 950 1177 983 summa
1210 943 1303 984 est:
1344 941 1383 997 1)
1409 941 1727 986 Necessarium
1751 946 1821 987 est
1847 943 1984 988 docu-

202 1020 413 1060 mentum
446 1017 765 1063 auihenticum
801 1018 952 1064 obitus
984 1021 1041 1064 ab
1073 1021 1348 1066 auctoritate
1380 1023 1709 1080 ecclesiastica,
1746 1025 1819 1070 vel
1842 1025 1982 1070 etiam

198 1097 340 1154 civili,
375 1099 411 1143 si
446 1099 503 1144 ab
535 1099 609 1145 illa
644 1106 845 1160 nequeat
869 1102 1041 1147 baberi.
1080 1105 1122 1160 2)
1152 1108 1200 1148 ln
1225 1105 1361 1150 huius
1382 1106 1650 1151 documenti
1673 1107 1856 1153 defectu
1880 1121 1983 1167 sup-

197 1180 347 1238 pletur
379 1195 459 1240 per
491 1182 800 1240 depositiones
832 1185 1038 1242 testium,
1074 1188 1151 1245 qui
1187 1187 1281 1232 sint
1313 1188 1476 1233 saltem
1518 1189 1637 1246 duo,
1684 1189 1849 1247 iurati,
1894 1191 1982 1236 fide

195 1263 337 1322 digni,
374 1270 420 1310 et
452 1266 528 1326 qui
562 1267 618 1312 de
653 1268 829 1326 propria
874 1269 1108 1327 deponant
1151 1270 1371 1330 scientia;
1417 1272 1495 1332 qui
1539 1274 1573 1318 si
1620 1275 1862 1335 propinqui
1906 1276 1981 1321 de-

197 1348 345 1393 functi
378 1349 487 1406 sint,
524 1351 673 1396 maius
707 1352 882 1409 pondus
916 1352 1163 1399 habebunt.
1198 1355 1239 1411 5)
1269 1354 1411 1400 Unius
1436 1356 1565 1401 testis
1587 1357 1808 1415 depositio
1832 1372 1912 1416 per
1933 1372 1983 1404 se

198 1446 287 1477 non
322 1432 505 1490 sufficit,
544 1435 628 1479 nisi
663 1435 762 1479 aliis
797 1435 1014 1481 fulciatur
1057 1437 1374 1494 adminiculis,
1420 1453 1493 1484 ex.
1531 1454 1596 1498 gr.
1648 1441 1768 1499 quod
1809 1441 1979 1487 coniux

194 1516 286 1562 iam
319 1516 366 1562 in
401 1517 529 1575 gravi
563 1522 714 1563 aetate
747 1524 846 1564 erat
879 1524 1085 1578 tempore
1118 1520 1360 1577 discessus,
1399 1523 1470 1567 vel
1503 1537 1638 1581 aeger
1670 1527 1757 1569 etc.
1794 1528 1918 1570 Haec
1941 1525 1977 1570 si

191 1600 358 1657 desint,
395 1602 531 1647 debet
562 1615 660 1648 esse
693 1607 872 1648 certum
907 1605 954 1648 in
987 1605 1255 1650 testimonio
1279 1606 1391 1651 nihil
1417 1605 1625 1665 reperiri,
1657 1607 1777 1667 quod
1801 1622 1893 1652 non
1919 1608 1978 1654 sit

195 1682 444 1729 verisimile
476 1689 523 1729 et
555 1699 827 1744 congruum.
864 1689 908 1745 4)
934 1687 975 1732 Si
1010 1689 1140 1733 testis
1172 1689 1226 1734 de
1251 1688 1351 1733 visu
1377 1703 1470 1734 non
1493 1690 1628 1747 adsit,
1664 1691 1899 1736 sufficiunt
1920 1692 1976 1736 de

189 1765 380 1822 auditu,
426 1767 675 1813 dummodo
709 1769 835 1814 omni
870 1769 956 1815 fide
988 1771 1113 1829 digni
1146 1771 1255 1817 sint.
1294 1772 1335 1830 5)
1365 1776 1417 1817 In
1449 1772 1630 1818 defectu
1665 1773 1874 1827 omnium
1909 1778 1974 1819 te-

190 1848 347 1905 stium,
382 1864 440 1895 ex
473 1851 766 1908 coniecturis,
807 1854 1269 1913 praesumptionibus,
1309 1855 1488 1901 indiciis
1529 1860 1575 1900 et
1605 1856 1836 1902 adiunctis
1875 1871 1973 1915 pro-

189 1930 311 1976 batio
345 1934 540 1991 petenda
574 1935 662 1979 erit
696 1936 907 1993 prudenti
934 1937 1095 1982 iudicis
1122 1937 1326 1984 arbitrio.
1365 1941 1406 1996 6)
1433 1943 1571 1985 Fama
1594 1939 1750 1985 adiuta
1773 1939 1875 1986 aliis
1897 1942 1973 1986 ad-

190 2014 437 2072 miniculis,
473 2016 648 2062 obitum
684 2022 866 2077 probat,
911 2020 1159 2066 dummodo
1191 2035 1216 2067 a
1250 2022 1427 2067 duobus
1459 2023 1621 2068 saltem
1657 2023 1850 2068 testibus
1885 2024 1975 2069 fide

183 2097 333 2155 dignis
364 2103 411 2143 et
445 2099 606 2145 iuratis
638 2103 994 2159 comprobetur,
1045 2103 1122 2163 qui
1170 2104 1405 2163 deponant
1445 2105 1500 2150 de
1541 2105 1800 2150 rationabili
1834 2119 1971 2151 causa

187 2179 326 2238 ipsius
358 2183 525 2227 famae.
563 2183 604 2240 7)
635 2184 858 2229 Facienda
883 2189 1070 2230 tandem
1096 2190 1165 2230 est
1188 2185 1484 2245 investigatio
1508 2201 1588 2246 per
1610 2187 1813 2246 publicas
1834 2188 1973 2247 ephe·

186 2264 396 2311 merides.

685 2436 702 2482 ἓ
728 2437 762 2472 8.
792 2457 834 2460 -
863 2437 922 2473 De
950 2437 1236 2484 impedimento
1263 2438 1457 2475 criminis.

301 2565 399 2610 904.
443 2565 616 2625 Duplici
650 2581 708 2612 ex
741 2566 890 2626 capite
915 2567 1148 2612 inducitur
1170 2567 1555 2628 impedimentum
1580 2558 1803 2626 criminis,
1830 2569 1967 2615 nimi-

180 2661 283 2693 rum
316 2662 374 2693 ex
407 2649 647 2704 adulterio,
685 2651 758 2695 vel
790 2664 848 2695 ex
882 2650 1204 2709 coniugicidio.

298 2815 307 2835 ¹
336 2815 421 2862 Cap.
449 2816 492 2853 In
518 2819 726 2864 praesentia
754 2818 797 2855 19
822 2820 875 2856 De
902 2829 1041 2865 spons,
1067 2824 1102 2855 et
1127 2829 1207 2867 cap.
1233 2818 1255 2855 2
1280 2822 1333 2859 De
1359 2822 1510 2859 secund.
1537 2831 1627 2869 nup.

297 2887 309 2905 ²
336 2887 552 2925 Cuiusmodi
580 2894 665 2927 sunt
681 2890 805 2927 Const.
834 2891 924 2928 Cum
942 2892 1036 2928 alias
1054 2891 1100 2929 20
1119 2902 1203 2938 aug.
1224 2893 1316 2930 1670
1340 2893 1539 2931 Clementis
1556 2895 1609 2939 X;
1636 2895 1833 2933 instructio
1866 2896 1901 2934 S.
1919 2896 1964 2933 0.

176 2954 222 2991 22
249 2956 341 2994 iunii
370 2958 461 2996 1822
488 2964 523 2997 et
550 2961 747 2998 Instructio
773 2962 940 3000 eiusdem
967 2963 1002 3000 S.
1030 2962 1070 3001 Ο.
1096 2973 1191 3010 quae
1218 2963 1348 3010 incipit
1372 2964 1598 3002 Matrimonii
1621 2966 1756 3003 vinculi
1791 2966 1876 3003 data
1901 2966 1963 3003 die

179 3028 222 3064 15
248 3030 335 3066 maii
365 3031 467 3069 1868.
494 3033 643 3071 Collect.
671 3044 709 3071 n.
739 3034 842 3079 1572,
870 3034 962 3072 1565
988 3039 1024 3072 et
1049 3045 1130 3082 sqq.
