2176 3386
208 187 285 228 168
878 201 988 231 PARS
1017 202 1061 230 11.
1094 202 1150 230 DE
1180 202 1318 231 nenos

205 305 368 364 prioris
399 307 742 364 consanguinea
778 321 857 365 per
892 308 1030 353 verba
1063 308 1350 354 contraxerit
1379 308 1435 354 de
1469 309 1728 367 praesenti,
1778 323 1884 355 cum
1918 322 1984 354 se-

205 390 356 435 cunda
390 404 630 438 remanere
663 390 848 435 debebit
873 391 903 434 ¹.

325 473 426 518 954.
466 473 853 530 impedimentum
888 473 1144 518 honestatis
1175 473 1383 533 publicae
1416 478 1484 519 est
1518 478 1819 533 perpetuum;
1862 476 1993 520 unde

204 554 239 598 si
275 568 458 612 sponsa,
495 556 568 600 vel
603 555 844 611 moriatur,
894 557 968 600 vel
1001 555 1284 614 ingrediatur
1326 555 1640 615 Religionem,
1690 571 1782 602 non
1820 557 1987 616 poterit

205 649 398 694 sponsus
431 650 534 681 cum
562 636 659 682 eius
682 637 1038 695 consanguineis
1061 638 1334 682 contrahere
1357 638 1455 682 sine
1477 638 1834 697 dispensatione.
1862 640 1991 684 Idem

206 723 291 776 est,
327 719 363 765 si
397 720 624 778 sponsalia
663 725 822 770 mutuo
859 719 1054 778 partium
1090 733 1344 776 consensu,
1390 721 1463 765 vel
1504 721 1720 766 Officialis
1753 721 1989 771 sententia

205 801 532 848 dissolvantur.
575 803 704 849 Ratio
737 806 822 858 est,
859 808 958 848 tum
990 803 1097 862 quia
1131 804 1356 862 sponsalia
1392 805 1504 850 haec
1542 807 1792 864 antequam
1831 805 1984 849 dissol-

197 890 445 942 verentur,
483 886 633 931 valida
667 891 817 943 erant,
853 891 898 935 et
931 901 988 931 ex
1024 886 1187 931 validis
1220 887 1362 932 semel
1395 887 1679 946 sponsalibus
1710 888 1856 933 oritur
1887 903 1991 947 per«

206 974 394 1028 petuum
431 969 688 1015 honestatis
727 970 1137 1029 impedimentum3
1184 975 1279 1015 tum
1323 970 1427 1030 quia
1463 970 1506 1015 id
1538 985 1563 1016 a
1597 973 1731 1016 Sacra
1764 975 1988 1030 Congreg.

206 1056 342 1099 Cone.
379 1051 619 1097 definitum
656 1057 739 1105 est,
776 1052 906 1097 cuius
939 1052 1106 1098 iudicio
1130 1052 1466 1098 inhaerendum
1490 1067 1587 1099 esse
1613 1054 1865 1099 declaravit
1890 1056 1994 1100 Ale²

206 1135 382 1180 xander
422 1135 553 1180 V112.

325 1218 427 1263 955.
465 1218 729 1270 Honestatis
762 1218 1149 1277 impedimentum
1185 1233 1276 1264 non
1311 1220 1455 1264 solum
1491 1220 1637 1264 oritur
1669 1235 1725 1266 ex
1768 1222 1993 1279 sponsali--

207 1300 306 1355 bus,
344 1315 506 1345 verum
541 1302 681 1345 etiam
716 1316 773 1346 ex
810 1302 1109 1346 matrimonio
1151 1308 1255 1348 rato
1292 1316 1388 1346 non
1421 1309 1766 1348 consummato:
1820 1305 1953 1364 idque
1975 1340 1991 1361 ,

197 1386 528 1443 ⁴praeterquam
563 1385 682 1443 quod
716 1398 930 1442 expresse
963 1385 1203 1431 (letinItum
1238 1389 1307 1430 est
1339 1388 1386 1430 C.
1421 1386 1449 1430 4
1472 1390 1518 1430 et
1539 1385 1566 1429 8
1588 1386 1642 1430 de
1665 1400 1837 1444 spons,
1864 1391 1989 1445 patet

206 1471 481 1523 argumento
514 1482 537 1511 a
575 1467 743 1533 minori
777 1468 831 1512 ad
867 1468 1029 1513 maius.
1068 1468 1109 1512 Si
1143 1468 1267 1513 enim
1302 1469 1529 1527 sponsalia
1565 1484 1706 1525 mera,
1741 1484 1857 1529 quae
1879 1474 2018 1522 sunt,

207 1551 280 1601 via
316 1551 371 1596 ad
407 1552 774 1608 matrimonium,
811 1552 1038 1597 inducunt
1072 1553 1455 1611 impedimentum
1481 1554 1735 1598 honestatis
1763 1554 1992 1612 publicae,

209 1636 354 1680 multo
390 1635 534 1692 magis
568 1635 675 1680 illud
712 1636 900 1680 inducet
933 1636 1281 1682 matrimonium
1317 1637 1482 1694 ipsum,
1516 1637 1731 1696 quamvis
1764 1651 1855 1682 non
1880 1652 1984 1682 con-

206 1721 491 1763 summatum
518 1719 549 1763 ⁸.
589 1718 716 1764 Circa
751 1719 837 1763 hoc
869 1719 1093 1778 quaedam
1129 1720 1347 1764 notanda.

326 1802 426 1846 956.
468 1801 855 1859 impedimentum
889 1816 913 1846 e
938 1802 1236 1847 matrimonio
1260 1807 1359 1847 rato
1383 1803 1517 1847 latius
1540 1804 1822 1859 extenditur,
1847 1818 1993 1863 quam

205 1885 325 1942 quod
360 1885 507 1930 oritur
539 1900 562 1929 e
600 1884 722 1943 puris
755 1885 1069 1944 sponsalibus:
1122 1901 1179 1931 ex
1222 1886 1506 1945 sponsalibus
1538 1887 1694 1943 enim,
1745 1887 1864 1932 intra
1902 1889 1992 1945 pri-

206 1981 332 2012 mum
368 1968 518 2013 lineae
553 1972 721 2023 rectae,
762 1968 831 2014 vel
865 1968 1140 2013 collateralis
1172 1969 1362 2024 gradum
1404 1969 1547 2024 sistit,
1592 1983 1649 2014 ex
1692 1970 1995 2016 matrimonio

205 2051 260 2096 ad
294 2056 511 2110 quartum
548 2064 692 2110 usque
725 2051 873 2095 lineae
908 2050 1145 2110 utriusque
1178 2051 1369 2109 gradum
1403 2056 1635 2110 operatur,
1676 2058 1808 2111 prout
1841 2053 1988 2099 decla-

207 2134 329 2180 ravit
361 2136 401 2178 S.
443 2133 547 2178 Pius
581 2137 616 2177 V
651 2134 683 2178 ⁴.

326 2220 425 2265 957.
464 2219 585 2264 Licet
619 2233 675 2263 ex
710 2219 996 2277 sponsalibus
1028 2218 1242 2264 invalidis
1271 2233 1363 2264 non
1387 2224 1582 2276 exurgat
1605 2219 1992 2278 impedimentum

326 2409 335 2428 ¹
366 2408 580 2445 Bonifacius
607 2409 693 2445 VIII
721 2418 800 2455 cap.
826 2409 925 2446 unic.
952 2409 996 2445 de
1022 2409 1185 2455 sponsal.
1214 2410 1251 2445 in
1277 2409 1310 2445 6.

327 2481 338 2499 ²
366 2482 475 2518 Anno
505 2481 605 2524 1658,
634 2486 672 2518 ut
700 2485 855 2518 testatur
880 2482 1046 2527 Fagnan.
1074 2482 1111 2517 in
1137 2491 1216 2527 cap.
1243 2482 1299 2517 Ad
1325 2482 1546 2518 audientiam
1575 2492 1610 2518 n.
1637 2480 1682 2518 29
1708 2482 1753 2519 de
1779 2481 1942 2528 sponsal.

327 2552 422 2594 ³,Ex
448 2553 686 2590 matrimonio
712 2559 855 2595 tantum
882 2559 960 2590 rato
987 2553 1102 2589 oritur
1140 2553 1446 2599 impedimentum
1477 2553 1647 2599 publicae
1677 2553 1894 2596 honestatis,
1921 2553 1993 2589 mi*

206 2625 305 2660 nime
333 2635 418 2662 vero
446 2624 648 2662 affinitatis.
676 2625 876 2679 Postquam
904 2634 991 2661 vero
1020 2624 1085 2661 fuit
1112 2629 1420 2678 consummatum,
1445 2634 1522 2662 non
1554 2625 1711 2662 habetur
1734 2625 1893 2671 amplius
1921 2625 1996 2661 im-

206 2696 457 2742 pedimentum
486 2687 656 2742 publicae
683 2696 907 2739 honestatiS‚
934 2695 999 2732 sed
1027 2701 1168 2733 tantum
1195 2695 1396 2733 affinitatis.
1434 2697 1570 2733 Bened.
1596 2696 1681 2733 XIV
1707 2696 1764 2733 De
1802 2706 1879 2743 syn.
1907 2696 1929 2733 l.
1954 2695 1995 2742 9,,

205 2775 284 2812 cap.
315 2766 369 2810 15,
395 2777 431 2803 n.
457 2766 490 2803 li..
528 2767 633 2811 Quod
661 2767 691 2803 si
719 2767 994 2804 matrimonium
1033 2771 1331 2804 consummatum
1360 2767 1520 2804 validum
1559 2776 1634 2805 non
1671 2773 1767 2810 erat,
1793 2770 1881 2804 tunc
1916 2767 1990 2805 duo

205 2836 380 2874 distincta
406 2837 673 2884 impedimenta
698 2848 744 2874 ex
770 2848 814 2874 eo
842 2842 1056 2883 emergunt,
1084 2838 1225 2875 scilicet
1251 2838 1420 2884 publicae
1453 2838 1656 2876 honestatis
1681 2848 1727 2875 ex
1753 2838 1991 2875 matrimonio

205 2913 284 2944 rato
311 2908 427 2953 nullo,
454 2913 489 2945 et
515 2908 704 2945 affinitatiS
730 2919 776 2946 ex
803 2909 937 2955 copula
963 2909 1171 2946 fornicaria.
1198 2909 1233 2946 S.
1260 2910 1297 2946 C.
1325 2910 1362 2947 C.
1390 2909 1428 2946 in
1455 2919 1568 2946 causa
1593 2909 1755 2946 Brixien.
1792 2918 1851 2946 an.
1887 2908 1989 2945 1667.

326 2977 340 2997 ⁸
365 2979 408 3015 In
434 2979 546 3016 citata
572 2979 679 3016 Bulla
705 2979 763 3016 Acl
788 2990 982 3016 romanam
1007 2980 1093 3016 data
1116 2989 1214 3017 anno
1244 2980 1345 3023 1568,
1373 2989 1482 3026 quam
1514 2980 1622 3018 refert
1655 2981 1767 3017 PYna.
1794 2979 1996 3018 Connxnus

205 3048 230 3085 1.
254 3049 289 3093 8,
315 3059 348 3086 c.
374 3049 406 3093 7,
434 3059 470 3087 n.
496 3050 531 3087 6.
