2176 3386
246 170 327 210 204
915 184 1025 213 PARS
1055 185 1094 213 11.
1132 185 1190 213 DE
1221 184 1359 213 nanus

246 291 481 348 delegatus
512 291 723 350 privatur
754 292 1085 338 iurisdictione.
1122 295 1250 348 Quod
1283 295 1318 339 si
1353 299 1558 341 oratores
1593 296 1648 341 ad
1682 297 1859 341 nullum
1891 297 2028 342 delati

246 372 341 418 sint
374 374 541 429 forum,
567 379 647 419 aut
668 376 926 420 sententiae
961 380 1214 434 paruerint,
1249 378 1484 436 delegatus
1506 391 1584 423 eos
1605 378 1842 424 absolvere
1864 382 1911 423 et
1942 378 2029 423 dis-

248 468 441 515 pensare
490 459 638 514 potest
687 457 750 501 ita
782 462 834 501 ut
881 458 1078 516 amplius
1110 458 1156 503 in
1191 460 1289 504 foro
1327 464 1522 505 externo
1565 460 1620 505 de
1663 460 1840 505 incesto
1878 460 2028 519 puniri

248 538 441 595 possint.

364 624 406 680 6)
446 627 501 667 Et
533 630 710 681 recepto
743 624 800 668 ab
832 626 895 668 eis
926 626 1196 669 iuramento
1227 626 1348 684 quod
1365 626 1446 670 sub
1466 640 1544 683 spe
1566 626 1759 684 facilius
1787 625 2030 672 habendae

245 707 605 764 dispensationis
637 706 919 763 huiusmodi,
956 710 1182 753 incestum
1215 708 1341 753 hune
1374 723 1470 753 non
1502 711 1835 754 commiserint.

363 789 405 834 Si
439 792 644 834 oratores
677 790 763 835 hoc
796 789 1110 836 iuramentum
1151 805 1243 836 non
1284 796 1542 850 praestant,
1579 792 1652 836 vel
1684 792 1720 836 si
1755 792 1864 836 falsa
1909 790 2028 836 iura-

246 874 419 931 verint,
454 874 733 933 dispensatio
755 879 825 919 est
848 874 1066 920 invalida.
1114 879 1163 919 ln
1199 876 1401 920 secundo
1441 889 1550 920 casu
1582 889 1607 919 a
1642 877 1683 919 S.
1721 874 2029 920 poenitentia-

245 957 311 1002 ria
346 957 518 1014 petitur
549 957 904 1016 dispensationis
938 958 1224 1004 instauratio.
1277 962 1377 1004 Non
1409 966 1520 1003 sunt
1565 960 1757 1016 indiyni
1791 960 2028 1016 dispensa-

244 1043 366 1085 tione
398 1045 555 1086 tamen
590 1040 667 1101 qui
701 1044 926 1085 incestum
967 1045 1300 1087 commiserunt
1330 1043 1413 1086 sub
1453 1056 1530 1100 spe
1567 1042 1806 1086 obtinendi
1845 1042 2028 1099 dispen-

241 1127 486 1180 sationem,
514 1139 608 1169 non
633 1139 744 1170 vero
779 1125 956 1170 facilius
988 1125 1246 1170 obtinendi.
1283 1129 1499 1171 Attamen
1535 1126 1795 1170 recolantur
1825 1139 1942 1184 quae
1973 1125 2028 1169 de

243 1206 313 1251 his
345 1221 480 1265 supra
514 1207 731 1252 diximus.

362 1293 554 1345 Quando
602 1291 881 1349 dispensatio
929 1293 1032 1337 data
1068 1298 1137 1337 est
1171 1295 1220 1337 in
1254 1292 1414 1350 forma
1445 1306 1729 1351 pauperum,
1761 1295 2028 1338 inseruntur

242 1374 473 1419 clausulae
496 1375 617 1419 circa
652 1375 975 1420 necessitatem
1011 1380 1062 1420 ut
1093 1376 1299 1434 delegato
1348 1382 1518 1420 constet
1549 1378 1605 1420 de
1633 1383 1937 1434 paupertate,
1972 1376 2028 1420 cle

243 1458 451 1502 absentia
490 1458 731 1502 cuiuslibet
764 1459 1106 1516 impedimenti,
1144 1460 1199 1503 de
1230 1460 1456 1505 scandalo
1489 1473 1584 1503 non
1617 1462 1811 1515 orituro,
1839 1474 1904 1505 an
1937 1460 2026 1503 dis-

238 1542 452 1597 pensatio
486 1541 594 1585 aliis
626 1541 860 1586 damnum
894 1541 1077 1586 inferat.
1127 1543 1282 1596 Quoad
1312 1549 1643 1600 paupertatem
1687 1543 1853 1600 duplex
1899 1543 2027 1588 insti-

242 1624 388 1669 tuitur
422 1638 618 1669 examen
653 1629 753 1670 tum
789 1632 1043 1684 antequam
1077 1626 1359 1683 dispensatio
1394 1630 1681 1684 impetretur,
1718 1631 1817 1671 tum
1851 1629 1902 1671 in
1931 1629 2029 1672 eius

242 1711 521 1753 executione.
575 1708 615 1753 si
651 1713 856 1753 oratores
905 1723 997 1754 non
1041 1709 1134 1754 sint
1168 1724 1389 1768 pauperes
1429 1725 1532 1755 cum
1567 1710 1847 1769 dispensatio
1894 1713 2028 1755 detur

242 1805 271 1835 a
307 1793 350 1835 S.
391 1794 594 1836 Dataria
626 1805 742 1851 quae
776 1791 1021 1836 constituit
1053 1792 1252 1836 tribunal
1295 1793 1433 1851 ipsius
1470 1793 1716 1848 pontilicis,
1752 1793 1814 1838 ita
1848 1798 1898 1837 ut
1931 1808 2025 1839 non

240 1880 346 1934 agat
388 1882 609 1933 potestate
649 1878 880 1934 deteyata,
916 1876 1196 1935 dispensatio
1229 1882 1298 1921 est
1336 1876 1515 1932 illicita,
1552 1877 1629 1922 sed
1665 1877 1831 1934 valida;
1868 1881 2025 1922 tamen

243 1959 477 2018 delegatus
504 1960 767 2018 d1spensare
801 1960 922 2005 licite
958 1974 1049 2005 non
1086 1964 1248 2019 potest.

365 2044 492 2088 1058.
532 2043 805 2102 Praecipuae
839 2043 1068 2089 clausulae
1102 2046 1264 2088 Sacrae
1298 2043 1685 2089 Poenitentiariae
1718 2048 1849 2088 sunt:

362 2126 487 2171 Aliae
521 2127 772 2186 respiciunt
806 2126 966 2183 forum
999 2133 1262 2180 externum,
1288 2127 1403 2171 aliae
1436 2141 1547 2171 vero
1579 2126 1739 2183 forum
1763 2130 2022 2172 internum.

366 2213 491 2257 1059.
529 2212 766 2257 Clausulae
801 2211 1076 2271 praecipuae
1109 2212 1257 2271 quoad
1291 2213 1440 2256 forum
1475 2216 1720 2256 externum
1756 2215 1892 2256 sunt:

364 2296 402 2352 1)
441 2298 650 2353 Eroyata
686 2296 742 2340 ab
775 2298 839 2339 eis
871 2297 1035 2354 aliqua
1058 2296 1348 2354 eleemosyna
1382 2295 1555 2339 iudicio
1596 2297 1738 2352 ipsius
1775 2296 2028 2340 ordinarii

242 2379 459 2424 taxanda
482 2385 524 2422 et
546 2379 836 2437 delinienda,
871 2379 1143 2423 Ordinarius
1183 2392 1274 2423 non
1307 2379 1453 2423 solum
1488 2379 1831 2436 eleemosynam
1864 2382 2025 2423 taxare

240 2463 376 2508 debet
399 2463 477 2508 sed
500 2462 640 2507 etiam
674 2467 875 2508 statuere
914 2462 959 2506 in
993 2463 1126 2522 quale
1159 2476 1272 2521 opus
1303 2462 1362 2507 sit
1394 2463 1640 2521 eroganda,
1669 2462 1705 2507 si
1741 2462 1845 2508 finis
1879 2462 1923 2506 in
1959 2477 2025 2508 re·

241 2545 411 2604 scripto
453 2560 545 2590 non
581 2545 865 2604 indigitatur.
919 2550 1040 2591 Haec
1079 2546 1281 2590 clausula
1330 2547 1539 2591 continet
1580 2545 1892 2591 conditionem
1927 2545 2025 2591 sine

240 2642 329 2688 qua
365 2642 456 2672 non
491 2628 770 2686 dispensatio
803 2632 873 2673 est
907 2629 1123 2674 invalida.
1161 2631 1282 2675 Solet
1313 2629 1478 2687 apponi
1502 2629 1549 2674 in
1584 2629 1812 2686 rescriptis
1843 2630 2024 2689 quando

241 2710 393 2755 locum
429 2710 588 2755 habuit
620 2710 838 2756 incestus.

361 2795 403 2851 2)
441 2796 644 2838 Praevia
692 2794 976 2839 absolutione
1017 2808 1047 2839 a
1079 2797 1292 2839 censuris
1333 2801 1374 2839 et
1414 2798 1580 2854 poenis
1615 2796 1929 2840 ecclesiasticis
1974 2796 2024 2840 ob

237 2879 504 2934 praemissa
537 2878 695 2935 quovis
741 2877 871 2921 modo
904 2879 1107 2921 incursis
1137 2883 1180 2921 et
1217 2878 1275 2923 ab
1312 2880 1510 2922 incestus
1542 2877 1747 2922 reatibus
1779 2891 1921 2936 usque
1961 2878 2025 2923 ad

238 2961 564 3016 praesentium
613 2962 925 3004 executionem
971 2960 1138 3017 forsan
1189 2962 1369 3005 iteratis
1409 2973 1513 3004 cum
1554 2963 1696 3018 yravi
1736 2963 2024 3018 poenitentia

242 3042 465 3087 salutari.
502 3045 628 3095 Quae
661 3042 864 3088 clausula
898 3043 1063 3101 apponi
1097 3043 1212 3088 solet
1242 3043 1425 3103 quando
1458 3043 1580 3088 inter
1611 3056 1801 3101 sponsos
1821 3042 2024 3088 incestus
