<?xml version="1.0" encoding="UTF-8"?>
<!DOCTYPE html PUBLIC "-//W3C//DTD XHTML 1.0 Transitional//EN"
    "http://www.w3.org/TR/xhtml1/DTD/xhtml1-transitional.dtd">
<html xmlns="http://www.w3.org/1999/xhtml" xml:lang="en" lang="en">
 <head>
  <title>
</title>
<meta http-equiv="Content-Type" content="text/html;charset=utf-8" />
  <meta name='ocr-system' content='tesseract 3.04.00' />
  <meta name='ocr-capabilities' content='ocr_page ocr_carea ocr_par ocr_line ocrx_word'/>
</head>
<body>
  <div class='ocr_page' id='page_1' title='image "apparatus00ziteuoft_0177.png"; bbox 0 0 2176 3386; ppageno 0'>
   <div class='ocr_carea' id='block_1_1' title="bbox 0 0 632 265">
    <p class='ocr_par' dir='ltr' id='par_1_1' title="bbox 0 0 632 265">
     <span class='ocr_line' id='line_1_1' title="bbox 0 0 632 265; baseline 0 3121"><span class='ocrx_word' id='word_1_1' title='bbox 0 0 632 265; x_wconf 95' lang='lat' dir='ltr'> </span> 
     </span>
    </p>
   </div>
   <div class='ocr_carea' id='block_1_2' title="bbox 794 171 2001 230">
    <p class='ocr_par' dir='ltr' id='par_1_2' title="bbox 794 171 2001 230">
     <span class='ocr_line' id='line_1_2' title="bbox 794 171 2001 230; baseline 0 -20"><span class='ocrx_word' id='word_1_2' title='bbox 794 182 924 211; x_wconf 70' lang='lat' dir='ltr'>uel-:R</span> <span class='ocrx_word' id='word_1_3' title='bbox 955 182 980 210; x_wconf 88' lang='lat'>1.</span> <span class='ocrx_word' id='word_1_4' title='bbox 1010 182 1068 210; x_wconf 77' lang='lat' dir='ltr'>DE</span> <span class='ocrx_word' id='word_1_5' title='bbox 1097 181 1292 211; x_wconf 77' lang='lat' dir='ltr'>cLEmms</span> <span class='ocrx_word' id='word_1_6' title='bbox 1861 171 1937 211; x_wconf 84' lang='lat'>165</span> <span class='ocrx_word' id='word_1_7' title='bbox 1998 227 2001 230; x_wconf 79' lang='lat'>.</span> 
     </span>
    </p>
   </div>
   <div class='ocr_carea' id='block_1_3' title="bbox 151 290 1939 2097">
    <p class='ocr_par' dir='ltr' id='par_1_3' title="bbox 151 290 1935 431">
     <span class='ocr_line' id='line_1_3' title="bbox 154 290 1935 349; baseline -0.001 -11"><span class='ocrx_word' id='word_1_8' title='bbox 154 291 446 338; x_wconf 86' lang='lat' dir='ltr'>missionibus</span> <span class='ocrx_word' id='word_1_9' title='bbox 478 291 526 336; x_wconf 92' lang='lat' dir='ltr'>in</span> <span class='ocrx_word' id='word_1_10' title='bbox 559 304 666 336; x_wconf 90' lang='lat' dir='ltr'>casu</span> <span class='ocrx_word' id='word_1_11' title='bbox 702 290 908 349; x_wconf 86' lang='lat' dir='ltr'>urgentis</span> <span class='ocrx_word' id='word_1_12' title='bbox 940 290 1249 348; x_wconf 78' lang='lat' dir='ltr'>necessitati83</span> <span class='ocrx_word' id='word_1_13' title='bbox 1287 294 1444 336; x_wconf 86' lang='lat' dir='ltr'>tamen</span> <span class='ocrx_word' id='word_1_14' title='bbox 1480 295 1635 349; x_wconf 90' lang='lat' dir='ltr'>postea</span> <span class='ocrx_word' id='word_1_15' title='bbox 1669 291 1826 336; x_wconf 88' lang='lat' dir='ltr'>statim</span> <span class='ocrx_word' id='word_1_16' title='bbox 1861 294 1935 336; x_wconf 89' lang='lat' dir='ltr'>Sa-</span> 
     </span>
     <span class='ocr_line' id='line_1_4' title="bbox 151 371 1603 431; baseline -0.001 -11"><span class='ocrx_word' id='word_1_17' title='bbox 151 387 277 420; x_wconf 84' lang='lat' dir='ltr'>cram</span> <span class='ocrx_word' id='word_1_18' title='bbox 310 377 472 431; x_wconf 85' lang='lat' dir='ltr'>Congr.</span> <span class='ocrx_word' id='word_1_19' title='bbox 518 378 645 431; x_wconf 86' lang='lat' dir='ltr'>Prop.</span> <span class='ocrx_word' id='word_1_20' title='bbox 684 372 807 418; x_wconf 89' lang='lat' dir='ltr'>Fidei</span> <span class='ocrx_word' id='word_1_21' title='bbox 839 372 1083 418; x_wconf 81' lang='lat' dir='ltr'><strong>certiorem</strong></span> <span class='ocrx_word' id='word_1_22' title='bbox 1118 374 1269 419; x_wconf 83' lang='lat' dir='ltr'>facere</span> <span class='ocrx_word' id='word_1_23' title='bbox 1301 373 1471 418; x_wconf 92' lang='lat' dir='ltr'>debent</span> <span class='ocrx_word' id='word_1_24' title='bbox 1494 373 1523 418; x_wconf 84' lang='lat'>¹.</span> <span class='ocrx_word' id='word_1_25' title='bbox 1593 371 1603 381; x_wconf 73' lang='lat'>⁶</span> 
     </span>
    </p>

    <p class='ocr_par' dir='ltr' id='par_1_4' title="bbox 151 457 1939 2097">
     <span class='ocr_line' id='line_1_5' title="bbox 271 457 1935 516; baseline 0.001 -16"><span class='ocrx_word' id='word_1_26' title='bbox 271 457 372 502; x_wconf 76' lang='lat'>219,</span> <span class='ocrx_word' id='word_1_27' title='bbox 399 458 556 510; x_wconf 84' lang='lat' dir='ltr'>Quoad</span> <span class='ocrx_word' id='word_1_28' title='bbox 583 458 901 500; x_wconf 75' lang='lat' dir='ltr'>Missionarios</span> <span class='ocrx_word' id='word_1_29' title='bbox 924 457 1203 513; x_wconf 64' lang='lat' dir='ltr'>Regulares:</span> <span class='ocrx_word' id='word_1_30' title='bbox 1244 458 1281 511; x_wconf 88' lang='grc'>1)</span> <span class='ocrx_word' id='word_1_31' title='bbox 1313 458 1556 514; x_wconf 83' lang='lat' dir='ltr'>chulares</span> <span class='ocrx_word' id='word_1_32' title='bbox 1580 458 1728 516; x_wconf 82' lang='lat' dir='ltr'>quoad</span> <span class='ocrx_word' id='word_1_33' title='bbox 1762 458 1935 502; x_wconf 91' lang='lat' dir='ltr'>missio-</span> 
     </span>
     <span class='ocr_line' id='line_1_6' title="bbox 153 539 1933 600; baseline 0.001 -17"><span class='ocrx_word' id='word_1_34' title='bbox 153 553 259 585; x_wconf 88' lang='lat' dir='ltr'>nem</span> <span class='ocrx_word' id='word_1_35' title='bbox 289 539 434 598; x_wconf 82' lang='lat' dir='ltr'>accipi</span> <span class='ocrx_word' id='word_1_36' title='bbox 469 545 708 599; x_wconf 86' lang='lat' dir='ltr'>nequeunt</span> <span class='ocrx_word' id='word_1_37' title='bbox 730 540 828 585; x_wconf 86' lang='lat' dir='ltr'>sine</span> <span class='ocrx_word' id='word_1_38' title='bbox 853 539 1145 598; x_wconf 88' lang='lat' dir='ltr'>Superiorum</span> <span class='ocrx_word' id='word_1_39' title='bbox 1180 540 1496 598; x_wconf 81' lang='lat' dir='ltr'>permissione,</span> <span class='ocrx_word' id='word_1_40' title='bbox 1532 555 1681 600; x_wconf 84' lang='lat' dir='ltr'>neque</span> <span class='ocrx_word' id='word_1_41' title='bbox 1709 555 1733 585; x_wconf 90' lang='lat' dir='ltr'>a</span> <span class='ocrx_word' id='word_1_42' title='bbox 1759 540 1933 586; x_wconf 85' lang='lat' dir='ltr'>missio-</span> 
     </span>
     <span class='ocr_line' id='line_1_7' title="bbox 153 623 1934 682; baseline 0.001 -15"><span class='ocrx_word' id='word_1_43' title='bbox 153 623 286 667; x_wconf 88' lang='lat' dir='ltr'>nibus</span> <span class='ocrx_word' id='word_1_44' title='bbox 309 623 535 668; x_wconf 86' lang='lat' dir='ltr'>removeri</span> <span class='ocrx_word' id='word_1_45' title='bbox 562 627 768 681; x_wconf 84' lang='lat' dir='ltr'>possunt,</span> <span class='ocrx_word' id='word_1_46' title='bbox 795 623 1053 668; x_wconf 89' lang='lat' dir='ltr'>inconsulta</span> <span class='ocrx_word' id='word_1_47' title='bbox 1079 627 1120 668; x_wconf 90' lang='lat' dir='ltr'>S.</span> <span class='ocrx_word' id='word_1_48' title='bbox 1147 628 1307 682; x_wconf 83' lang='lat' dir='ltr'>Congr.</span> <span class='ocrx_word' id='word_1_49' title='bbox 1341 624 1396 669; x_wconf 93' lang='lat' dir='ltr'>de</span> <span class='ocrx_word' id='word_1_50' title='bbox 1420 627 1550 682; x_wconf 87' lang='lat' dir='ltr'>Prop.</span> <span class='ocrx_word' id='word_1_51' title='bbox 1579 624 1684 668; x_wconf 85' lang='lat' dir='ltr'>Fide</span> <span class='ocrx_word' id='word_1_52' title='bbox 1709 624 1738 669; x_wconf 75' lang='lat'>2.</span> <span class='ocrx_word' id='word_1_53' title='bbox 1763 625 1803 678; x_wconf 78' lang='lat'>2)</span> <span class='ocrx_word' id='word_1_54' title='bbox 1834 628 1934 669; x_wconf 91' lang='lat' dir='ltr'>Non</span> 
     </span>
     <span class='ocr_line' id='line_1_8' title="bbox 152 706 1932 765; baseline 0.001 -14"><span class='ocrx_word' id='word_1_55' title='bbox 152 709 302 764; x_wconf 87' lang='lat' dir='ltr'>potest</span> <span class='ocrx_word' id='word_1_56' title='bbox 320 706 526 750; x_wconf 90' lang='lat' dir='ltr'>Vicarius</span> <span class='ocrx_word' id='word_1_57' title='bbox 550 706 834 765; x_wconf 75' lang='lat' dir='ltr'>Apostolicus</span> <span class='ocrx_word' id='word_1_58' title='bbox 859 707 1082 752; x_wconf 85' lang='lat' dir='ltr'>Ecclesias</span> <span class='ocrx_word' id='word_1_59' title='bbox 1103 722 1128 752; x_wconf 90' lang='lat' dir='ltr'>a</span> <span class='ocrx_word' id='word_1_60' title='bbox 1155 707 1451 765; x_wconf 84' lang='lat' dir='ltr'>Regularibus</span> <span class='ocrx_word' id='word_1_61' title='bbox 1473 707 1665 764; x_wconf 88' lang='lat' dir='ltr'>eripere:</span> <span class='ocrx_word' id='word_1_62' title='bbox 1692 710 1850 752; x_wconf 88' lang='lat' dir='ltr'>tamen</span> <span class='ocrx_word' id='word_1_63' title='bbox 1874 722 1932 752; x_wconf 89' lang='lat' dir='ltr'>ex</span> 
     </span>
     <span class='ocr_line' id='line_1_9' title="bbox 153 789 1934 850; baseline 0.001 -16"><span class='ocrx_word' id='word_1_64' title='bbox 153 789 356 847; x_wconf 83' lang='lat' dir='ltr'>legitima</span> <span class='ocrx_word' id='word_1_65' title='bbox 390 804 527 835; x_wconf 88' lang='lat' dir='ltr'>causa</span> <span class='ocrx_word' id='word_1_66' title='bbox 572 790 769 850; x_wconf 83' lang='lat' dir='ltr'>aliquem</span> <span class='ocrx_word' id='word_1_67' title='bbox 807 790 1146 836; x_wconf 89' lang='lat' dir='ltr'>missionarium</span> <span class='ocrx_word' id='word_1_68' title='bbox 1185 792 1451 850; x_wconf 81' lang='lat' dir='ltr'>Regularem</span> <span class='ocrx_word' id='word_1_69' title='bbox 1492 805 1732 836; x_wconf 89' lang='lat' dir='ltr'>removere</span> <span class='ocrx_word' id='word_1_70' title='bbox 1770 795 1934 849; x_wconf 86' lang='lat' dir='ltr'>potest,</span> 
     </span>
     <span class='ocr_line' id='line_1_10' title="bbox 151 872 1936 931; baseline 0.001 -15"><span class='ocrx_word' id='word_1_71' title='bbox 151 872 400 917; x_wconf 90' lang='lat' dir='ltr'>dummodo</span> <span class='ocrx_word' id='word_1_72' title='bbox 434 886 586 917; x_wconf 87' lang='lat' dir='ltr'>novus</span> <span class='ocrx_word' id='word_1_73' title='bbox 618 872 925 918; x_wconf 79' lang='lat' dir='ltr'><strong>substituatur</strong></span> <span class='ocrx_word' id='word_1_74' title='bbox 956 873 1161 918; x_wconf 89' lang='lat' dir='ltr'>eiusdem</span> <span class='ocrx_word' id='word_1_75' title='bbox 1206 873 1380 918; x_wconf 80' lang='lat' dir='ltr'>ordinis</span> <span class='ocrx_word' id='word_1_76' title='bbox 1420 874 1709 931; x_wconf 87' lang='lat' dir='ltr'>deputandus</span> <span class='ocrx_word' id='word_1_77' title='bbox 1740 887 1765 918; x_wconf 92' lang='lat' dir='ltr'>a</span> <span class='ocrx_word' id='word_1_78' title='bbox 1800 876 1936 931; x_wconf 88' lang='lat' dir='ltr'>Supe-</span> 
     </span>
     <span class='ocr_line' id='line_1_11' title="bbox 152 955 1938 1014; baseline 0 -15"><span class='ocrx_word' id='word_1_79' title='bbox 152 955 271 1000; x_wconf 86' lang='lat' dir='ltr'>riore</span> <span class='ocrx_word' id='word_1_80' title='bbox 306 955 515 1013; x_wconf 82' lang='lat' dir='ltr'>Regulari</span> <span class='ocrx_word' id='word_1_81' title='bbox 551 969 656 1000; x_wconf 90' lang='lat' dir='ltr'>cum</span> <span class='ocrx_word' id='word_1_82' title='bbox 691 955 1019 1014; x_wconf 80' lang='lat' dir='ltr'>approbatione</span> <span class='ocrx_word' id='word_1_83' title='bbox 1057 955 1220 1000; x_wconf 89' lang='lat' dir='ltr'>Vicarii</span> <span class='ocrx_word' id='word_1_84' title='bbox 1255 955 1513 1014; x_wconf 82' lang='lat' dir='ltr'>Apostolici.</span> <span class='ocrx_word' id='word_1_85' title='bbox 1552 957 1593 1011; x_wconf 81' lang='lat'>5)</span> <span class='ocrx_word' id='word_1_86' title='bbox 1623 959 1722 1000; x_wconf 91' lang='lat' dir='ltr'>Non</span> <span class='ocrx_word' id='word_1_87' title='bbox 1748 959 1938 1014; x_wconf 83' lang='lat' dir='ltr'>possunt</span> 
     </span>
     <span class='ocr_line' id='line_1_12' title="bbox 154 1037 1937 1098; baseline 0.001 -17"><span class='ocrx_word' id='word_1_88' title='bbox 154 1038 399 1095; x_wconf 83' lang='lat' dir='ltr'>Regulares</span> <span class='ocrx_word' id='word_1_89' title='bbox 430 1038 702 1083; x_wconf 75' lang='lat' dir='ltr'>catechistas</span> <span class='ocrx_word' id='word_1_90' title='bbox 736 1043 844 1083; x_wconf 90' lang='lat' dir='ltr'>voto</span> <span class='ocrx_word' id='word_1_91' title='bbox 877 1038 1164 1084; x_wconf 89' lang='lat' dir='ltr'>obedientiae</span> <span class='ocrx_word' id='word_1_92' title='bbox 1191 1053 1295 1097; x_wconf 83' lang='lat' dir='ltr'>erga</span> <span class='ocrx_word' id='word_1_93' title='bbox 1320 1039 1491 1096; x_wconf 89' lang='lat' dir='ltr'>seipsos</span> <span class='ocrx_word' id='word_1_94' title='bbox 1525 1038 1755 1098; x_wconf 77' lang='lat' dir='ltr'>privative</span> <span class='ocrx_word' id='word_1_95' title='bbox 1787 1037 1937 1097; x_wconf 91' lang='lat' dir='ltr'>quoad</span> 
     </span>
     <span class='ocr_line' id='line_1_13' title="bbox 153 1119 1937 1179; baseline 0.001 -16"><span class='ocrx_word' id='word_1_96' title='bbox 153 1119 357 1164; x_wconf 88' lang='lat' dir='ltr'>Vicarios</span> <span class='ocrx_word' id='word_1_97' title='bbox 391 1120 990 1178; x_wconf 78' lang='lat' dir='ltr'>Apostolicosobstringere</span> <span class='ocrx_word' id='word_1_98' title='bbox 1015 1122 1045 1165; x_wconf 76' lang='lat'>³.</span> <span class='ocrx_word' id='word_1_99' title='bbox 1090 1122 1133 1177; x_wconf 75' lang='lat'>4)</span> <span class='ocrx_word' id='word_1_100' title='bbox 1174 1124 1417 1179; x_wconf 83' lang='lat' dir='ltr'>Regulares</span> <span class='ocrx_word' id='word_1_101' title='bbox 1461 1120 1735 1167; x_wconf 82' lang='lat' dir='ltr'>Missionarii</span> <span class='ocrx_word' id='word_1_102' title='bbox 1769 1120 1937 1178; x_wconf 82' lang='lat' dir='ltr'>duplici</span> 
     </span>
     <span class='ocr_line' id='line_1_14' title="bbox 152 1202 1934 1263; baseline -0.002 -14"><span class='ocrx_word' id='word_1_103' title='bbox 152 1204 435 1249; x_wconf 89' lang='lat' dir='ltr'>subiectione</span> <span class='ocrx_word' id='word_1_104' title='bbox 472 1204 675 1262; x_wconf 81' lang='lat' dir='ltr'>ligantur</span> <span class='ocrx_word' id='word_1_105' title='bbox 708 1205 734 1250; x_wconf 92' lang='lat' dir='ltr'>i.</span> <span class='ocrx_word' id='word_1_106' title='bbox 770 1220 809 1249; x_wconf 91' lang='lat' dir='ltr'>e.</span> <span class='ocrx_word' id='word_1_107' title='bbox 848 1205 1028 1250; x_wconf 89' lang='lat' dir='ltr'>Vicario</span> <span class='ocrx_word' id='word_1_108' title='bbox 1063 1205 1320 1263; x_wconf 76' lang='lat' dir='ltr'>Apostolico</span> <span class='ocrx_word' id='word_1_109' title='bbox 1353 1210 1398 1250; x_wconf 93' lang='lat' dir='ltr'>et</span> <span class='ocrx_word' id='word_1_110' title='bbox 1432 1205 1661 1263; x_wconf 85' lang='lat' dir='ltr'>Superiori</span> <span class='ocrx_word' id='word_1_111' title='bbox 1703 1202 1934 1262; x_wconf 81' lang='lat' dir='ltr'>Regulari:</span> 
     </span>
     <span class='ocr_line' id='line_1_15' title="bbox 153 1285 1936 1347; baseline -0.002 -15"><span class='ocrx_word' id='word_1_112' title='bbox 153 1287 199 1332; x_wconf 92' lang='lat' dir='ltr'>in</span> <span class='ocrx_word' id='word_1_113' title='bbox 237 1288 453 1333; x_wconf 84' lang='lat' dir='ltr'>conflictu</span> <span class='ocrx_word' id='word_1_114' title='bbox 491 1288 636 1346; x_wconf 90' lang='lat' dir='ltr'>prima</span> <span class='ocrx_word' id='word_1_115' title='bbox 673 1289 939 1346; x_wconf 86' lang='lat' dir='ltr'>praevalet;</span> <span class='ocrx_word' id='word_1_116' title='bbox 991 1293 1185 1347; x_wconf 82' lang='lat' dir='ltr'>excepta</span> <span class='ocrx_word' id='word_1_117' title='bbox 1220 1289 1402 1333; x_wconf 86' lang='lat' dir='ltr'>interna</span> <span class='ocrx_word' id='word_1_118' title='bbox 1437 1288 1674 1346; x_wconf 80' lang='lat' dir='ltr'>disciplina</span> <span class='ocrx_word' id='word_1_119' title='bbox 1714 1285 1936 1344; x_wconf 82' lang='lat' dir='ltr'>regulari,</span> 
     </span>
     <span class='ocr_line' id='line_1_16' title="bbox 154 1370 1936 1430; baseline -0.001 -15"><span class='ocrx_word' id='word_1_120' title='bbox 154 1373 382 1429; x_wconf 86' lang='lat' dir='ltr'>regulares</span> <span class='ocrx_word' id='word_1_121' title='bbox 422 1371 705 1416; x_wconf 70' lang='lat' dir='ltr'>&#39;&#39;missionarii</span> <span class='ocrx_word' id='word_1_122' title='bbox 750 1373 898 1430; x_wconf 89' lang='lat' dir='ltr'>quoad</span> <span class='ocrx_word' id='word_1_123' title='bbox 932 1372 1087 1416; x_wconf 90' lang='lat' dir='ltr'>omnia</span> <span class='ocrx_word' id='word_1_124' title='bbox 1131 1373 1311 1430; x_wconf 80' lang='lat' dir='ltr'>negotia</span> <span class='ocrx_word' id='word_1_125' title='bbox 1348 1377 1394 1416; x_wconf 86' lang='lat' dir='ltr'>et</span> <span class='ocrx_word' id='word_1_126' title='bbox 1425 1371 1726 1416; x_wconf 88' lang='lat' dir='ltr'>directionem</span> <span class='ocrx_word' id='word_1_127' title='bbox 1761 1370 1936 1415; x_wconf 89' lang='lat' dir='ltr'>missio·</span> 
     </span>
     <span class='ocr_line' id='line_1_17' title="bbox 153 1452 1937 1513; baseline -0.002 -13"><span class='ocrx_word' id='word_1_128' title='bbox 153 1470 264 1500; x_wconf 92' lang='lat' dir='ltr'>num</span> <span class='ocrx_word' id='word_1_129' title='bbox 298 1456 493 1500; x_wconf 90' lang='lat' dir='ltr'>subsunt</span> <span class='ocrx_word' id='word_1_130' title='bbox 512 1455 709 1499; x_wconf 84' lang='lat' dir='ltr'>Vicariis</span> <span class='ocrx_word' id='word_1_131' title='bbox 734 1457 1004 1513; x_wconf 77' lang='lat' dir='ltr'>Apostolicis</span> <span class='ocrx_word' id='word_1_132' title='bbox 1028 1452 1059 1500; x_wconf 63' lang='grc' dir='ltr'>*ζ</span> <span class='ocrx_word' id='word_1_133' title='bbox 1097 1464 1246 1510; x_wconf 80' lang='lat' dir='ltr'>Quare</span> <span class='ocrx_word' id='word_1_134' title='bbox 1283 1456 1527 1512; x_wconf 79' lang='lat' dir='ltr'>Regulares</span> <span class='ocrx_word' id='word_1_135' title='bbox 1550 1452 1825 1500; x_wconf 87' lang='lat' dir='ltr'>Missionarii</span> <span class='ocrx_word' id='word_1_136' title='bbox 1860 1453 1937 1513; x_wconf 92' lang='lat' dir='ltr'>qui</span> 
     </span>
     <span class='ocr_line' id='line_1_18' title="bbox 154 1538 1939 1599; baseline -0.001 -17"><span class='ocrx_word' id='word_1_137' title='bbox 154 1538 198 1582; x_wconf 91' lang='lat' dir='ltr'>in</span> <span class='ocrx_word' id='word_1_138' title='bbox 234 1538 484 1583; x_wconf 87' lang='lat' dir='ltr'>subsidium</span> <span class='ocrx_word' id='word_1_139' title='bbox 524 1538 848 1597; x_wconf 83' lang='lat' dir='ltr'>Episcoporum</span> <span class='ocrx_word' id='word_1_140' title='bbox 884 1540 976 1583; x_wconf 86' lang='lat' dir='ltr'>dati</span> <span class='ocrx_word' id='word_1_141' title='bbox 1011 1544 1135 1595; x_wconf 90' lang='lat' dir='ltr'>sunt,</span> <span class='ocrx_word' id='word_1_142' title='bbox 1171 1539 1237 1583; x_wconf 85' lang='lat' dir='ltr'>uti</span> <span class='ocrx_word' id='word_1_143' title='bbox 1273 1544 1510 1599; x_wconf 88' lang='lat' dir='ltr'>nequeunt</span> <span class='ocrx_word' id='word_1_144' title='bbox 1534 1538 1827 1584; x_wconf 82' lang='lat' dir='ltr'>facultatibus</span> <span class='ocrx_word' id='word_1_145' title='bbox 1859 1538 1939 1581; x_wconf 86' lang='lat' dir='ltr'>ha·</span> 
     </span>
     <span class='ocr_line' id='line_1_19' title="bbox 153 1618 1939 1681; baseline -0.002 -16"><span class='ocrx_word' id='word_1_146' title='bbox 153 1621 258 1665; x_wconf 90' lang='lat' dir='ltr'>bitis</span> <span class='ocrx_word' id='word_1_147' title='bbox 290 1635 314 1666; x_wconf 89' lang='lat' dir='ltr'>a</span> <span class='ocrx_word' id='word_1_148' title='bbox 351 1622 461 1666; x_wconf 88' lang='lat' dir='ltr'>Sede</span> <span class='ocrx_word' id='word_1_149' title='bbox 496 1623 754 1680; x_wconf 76' lang='lat' dir='ltr'>Apostolica</span> <span class='ocrx_word' id='word_1_150' title='bbox 797 1622 880 1666; x_wconf 83' lang='lat' dir='ltr'>nisi</span> <span class='ocrx_word' id='word_1_151' title='bbox 928 1622 1011 1667; x_wconf 76' lang='lat' dir='ltr'>sub</span> <span class='ocrx_word' id='word_1_152' title='bbox 1052 1622 1357 1681; x_wconf 87' lang='lat' dir='ltr'>dependentia</span> <span class='ocrx_word' id='word_1_153' title='bbox 1397 1626 1443 1666; x_wconf 93' lang='lat' dir='ltr'>et</span> <span class='ocrx_word' id='word_1_154' title='bbox 1480 1620 1765 1679; x_wconf 84' lang='lat' dir='ltr'>beneplacito</span> <span class='ocrx_word' id='word_1_155' title='bbox 1809 1618 1939 1663; x_wconf 73' lang='lat' dir='ltr'>ordi—</span> 
     </span>
     <span class='ocr_line' id='line_1_20' title="bbox 154 1704 1939 1762; baseline 0 -14"><span class='ocrx_word' id='word_1_156' title='bbox 154 1705 268 1749; x_wconf 84' lang='lat' dir='ltr'>narii</span> <span class='ocrx_word' id='word_1_157' title='bbox 291 1706 319 1749; x_wconf 85' lang='lat'>⁵.</span> <span class='ocrx_word' id='word_1_158' title='bbox 367 1706 408 1762; x_wconf 75' lang='grc' dir='ltr'>ὃ)</span> <span class='ocrx_word' id='word_1_159' title='bbox 445 1706 653 1750; x_wconf 89' lang='lat' dir='ltr'>Notauda</span> <span class='ocrx_word' id='word_1_160' title='bbox 690 1711 758 1750; x_wconf 85' lang='lat' dir='ltr'>est</span> <span class='ocrx_word' id='word_1_161' title='bbox 790 1706 930 1751; x_wconf 86' lang='lat' dir='ltr'>etiam</span> <span class='ocrx_word' id='word_1_162' title='bbox 965 1706 1241 1753; x_wconf 78' lang='lat' dir='ltr'>Constitutio</span> <span class='ocrx_word' id='word_1_163' title='bbox 1279 1707 1551 1751; x_wconf 77' lang='lat' dir='ltr'>Firmandis</span> <span class='ocrx_word' id='word_1_164' title='bbox 1586 1704 1814 1750; x_wconf 80' lang='lat' dir='ltr'>Benedicti</span> <span class='ocrx_word' id='word_1_165' title='bbox 1839 1707 1939 1748; x_wconf 80' lang='lat' dir='ltr'>XIV</span> 
     </span>
     <span class='ocr_line' id='line_1_21' title="bbox 153 1787 1936 1849; baseline 0.001 -18"><span class='ocrx_word' id='word_1_166' title='bbox 153 1788 207 1831; x_wconf 93' lang='lat' dir='ltr'>de</span> <span class='ocrx_word' id='word_1_167' title='bbox 250 1787 562 1833; x_wconf 87' lang='lat' dir='ltr'>iurisdictione</span> <span class='ocrx_word' id='word_1_168' title='bbox 607 1789 930 1847; x_wconf 81' lang='lat' dir='ltr'>Episcoporum</span> <span class='ocrx_word' id='word_1_169' title='bbox 972 1791 1120 1849; x_wconf 87' lang='lat' dir='ltr'>quoad</span> <span class='ocrx_word' id='word_1_170' title='bbox 1168 1790 1389 1835; x_wconf 86' lang='lat' dir='ltr'>Ecclesias</span> <span class='ocrx_word' id='word_1_171' title='bbox 1428 1790 1708 1848; x_wconf 86' lang='lat' dir='ltr'>parochiales</span> <span class='ocrx_word' id='word_1_172' title='bbox 1750 1789 1936 1846; x_wconf 82' lang='lat' dir='ltr'>Regula-</span> 
     </span>
     <span class='ocr_line' id='line_1_22' title="bbox 156 1869 1937 1930; baseline 0.001 -17"><span class='ocrx_word' id='word_1_173' title='bbox 156 1869 272 1914; x_wconf 90' lang='lat' dir='ltr'>rium</span> <span class='ocrx_word' id='word_1_174' title='bbox 308 1871 353 1915; x_wconf 92' lang='lat' dir='ltr'>in</span> <span class='ocrx_word' id='word_1_175' title='bbox 389 1871 454 1915; x_wconf 88' lang='lat' dir='ltr'>eis</span> <span class='ocrx_word' id='word_1_176' title='bbox 486 1876 758 1916; x_wconf 80' lang='lat' dir='ltr'>exercentes</span> <span class='ocrx_word' id='word_1_177' title='bbox 782 1872 812 1916; x_wconf 56' lang='grc' dir='ltr'>ὅ.</span> <span class='ocrx_word' id='word_1_178' title='bbox 866 1876 1082 1917; x_wconf 89' lang='lat' dir='ltr'>Summus</span> <span class='ocrx_word' id='word_1_179' title='bbox 1116 1874 1327 1917; x_wconf 80' lang='lat' dir='ltr'>Pontifex</span> <span class='ocrx_word' id='word_1_180' title='bbox 1362 1873 1589 1917; x_wconf 84' lang='lat' dir='ltr'>instaurat</span> <span class='ocrx_word' id='word_1_181' title='bbox 1624 1871 1937 1930; x_wconf 87' lang='lat' dir='ltr'>praescriptio-</span> 
     </span>
     <span class='ocr_line' id='line_1_23' title="bbox 155 1954 1937 2014; baseline -0.001 -16"><span class='ocrx_word' id='word_1_182' title='bbox 155 1967 236 1999; x_wconf 86' lang='lat' dir='ltr'>nes</span> <span class='ocrx_word' id='word_1_183' title='bbox 268 1954 453 2000; x_wconf 89' lang='lat' dir='ltr'>Concilii</span> <span class='ocrx_word' id='word_1_184' title='bbox 490 1954 741 1999; x_wconf 82' lang='lat' dir='ltr'>Tridentini</span> <span class='ocrx_word' id='word_1_185' title='bbox 770 1957 796 1999; x_wconf 53' lang='grc' dir='ltr'>ἵ.</span> <span class='ocrx_word' id='word_1_186' title='bbox 844 1956 1119 2001; x_wconf 87' lang='lat' dir='ltr'>Constitutio</span> <span class='ocrx_word' id='word_1_187' title='bbox 1151 1957 1263 2001; x_wconf 90' lang='lat' dir='ltr'>duas</span> <span class='ocrx_word' id='word_1_188' title='bbox 1296 1956 1434 2001; x_wconf 89' lang='lat' dir='ltr'>habet</span> <span class='ocrx_word' id='word_1_189' title='bbox 1466 1961 1641 2014; x_wconf 85' lang='lat' dir='ltr'>partes:</span> <span class='ocrx_word' id='word_1_190' title='bbox 1695 1958 1744 1999; x_wconf 78' lang='lat' dir='ltr'>in</span> <span class='ocrx_word' id='word_1_191' title='bbox 1774 1959 1937 2012; x_wconf 71' lang='lat' dir='ltr'>prima</span> 
     </span>
     <span class='ocr_line' id='line_1_24' title="bbox 154 2037 1936 2097; baseline 0 -17"><span class='ocrx_word' id='word_1_192' title='bbox 154 2037 428 2082; x_wconf 72' lang='lat' dir='ltr'>declaratur</span> <span class='ocrx_word' id='word_1_193' title='bbox 461 2038 644 2096; x_wconf 89' lang='lat' dir='ltr'>quando</span> <span class='ocrx_word' id='word_1_194' title='bbox 681 2038 924 2095; x_wconf 83' lang='lat' dir='ltr'>Regulares</span> <span class='ocrx_word' id='word_1_195' title='bbox 960 2038 1188 2097; x_wconf 69' lang='lat' dir='ltr'>lipiscopis</span> <span class='ocrx_word' id='word_1_196' title='bbox 1219 2039 1522 2085; x_wconf 87' lang='lat' dir='ltr'>subiiciantur</span> <span class='ocrx_word' id='word_1_197' title='bbox 1555 2038 1599 2083; x_wconf 92' lang='lat' dir='ltr'>in</span> <span class='ocrx_word' id='word_1_198' title='bbox 1631 2051 1762 2094; x_wconf 88' lang='lat' dir='ltr'>casu;</span> <span class='ocrx_word' id='word_1_199' title='bbox 1800 2039 1850 2081; x_wconf 79' lang='lat' dir='ltr'>in</span> <span class='ocrx_word' id='word_1_200' title='bbox 1871 2050 1936 2080; x_wconf 84' lang='lat' dir='ltr'>se-</span> 
     </span>
    </p>
   </div>
   <div class='ocr_carea' id='block_1_4' title="bbox 154 2120 1936 2256">
    <p class='ocr_par' dir='ltr' id='par_1_5' title="bbox 154 2120 1936 2256">
     <span class='ocr_line' id='line_1_25' title="bbox 154 2120 1935 2180; baseline 0.001 -16"><span class='ocrx_word' id='word_1_201' title='bbox 154 2120 311 2164; x_wconf 78' lang='lat' dir='ltr'>cunda</span> <span class='ocrx_word' id='word_1_202' title='bbox 345 2123 542 2179; x_wconf 66' lang='lat' dir='ltr'>quinam</span> <span class='ocrx_word' id='word_1_203' title='bbox 577 2122 858 2167; x_wconf 82' lang='lat' dir='ltr'>eximantur.</span> <span class='ocrx_word' id='word_1_204' title='bbox 902 2123 1062 2176; x_wconf 78' lang='lat' dir='ltr'>Quoad</span> <span class='ocrx_word' id='word_1_205' title='bbox 1101 2126 1202 2167; x_wconf 61' lang='grc' dir='ltr'>ΖΜ.</span> <span class='ocrx_word' id='word_1_206' title='bbox 1245 2125 1281 2180; x_wconf 88' lang='lat' dir='ltr'>l)</span> <span class='ocrx_word' id='word_1_207' title='bbox 1313 2123 1476 2168; x_wconf 86' lang='lat' dir='ltr'>Bened.</span> <span class='ocrx_word' id='word_1_208' title='bbox 1510 2125 1606 2167; x_wconf 77' lang='lat' dir='ltr'>-XlV</span> <span class='ocrx_word' id='word_1_209' title='bbox 1638 2122 1727 2166; x_wconf 85' lang='lat' dir='ltr'>ait:</span> <span class='ocrx_word' id='word_1_210' title='bbox 1772 2140 1791 2161; x_wconf 68' lang='lat' dir='ltr'>a</span> <span class='ocrx_word' id='word_1_211' title='bbox 1817 2120 1935 2179; x_wconf 90' lang='lat' dir='ltr'>quod</span> 
     </span>
     <span class='ocr_line' id='line_1_26' title="bbox 155 2197 1936 2256; baseline -0.001 -14"><span class='ocrx_word' id='word_1_212' title='bbox 155 2199 285 2254; x_wconf 81' lang='lat' dir='ltr'>Greg.</span> <span class='ocrx_word' id='word_1_213' title='bbox 314 2201 390 2242; x_wconf 73' lang='lat' dir='ltr'>XV</span> <span class='ocrx_word' id='word_1_214' title='bbox 414 2199 745 2244; x_wconf 84' lang='lat' dir='ltr'>constitutione</span> <span class='ocrx_word' id='word_1_215' title='bbox 783 2201 1083 2245; x_wconf 73' lang='lat' dir='ltr'>inscrutabili</span> <span class='ocrx_word' id='word_1_216' title='bbox 1104 2215 1178 2245; x_wconf 84' lang='lat' dir='ltr'>an.</span> <span class='ocrx_word' id='word_1_217' title='bbox 1213 2202 1321 2246; x_wconf 69' lang='lat'>1622</span> <span class='ocrx_word' id='word_1_218' title='bbox 1356 2201 1446 2245; x_wconf 90' lang='lat' dir='ltr'>iam</span> <span class='ocrx_word' id='word_1_219' title='bbox 1479 2201 1795 2244; x_wconf 83' lang='lat' dir='ltr'>declaraverat</span> <span class='ocrx_word' id='word_1_220' title='bbox 1817 2197 1936 2256; x_wconf 81' lang='lat' dir='ltr'>quod</span> 
     </span>
    </p>
   </div>
   <div class='ocr_carea' id='block_1_5' title="bbox 154 2280 1936 2509">
    <p class='ocr_par' dir='ltr' id='par_1_6' title="bbox 154 2280 1936 2509">
     <span class='ocr_line' id='line_1_27' title="bbox 154 2280 1936 2343; baseline 0.001 -19"><span class='ocrx_word' id='word_1_221' title='bbox 154 2280 455 2325; x_wconf 90' lang='lat' dir='ltr'>iurisdictioni</span> <span class='ocrx_word' id='word_1_222' title='bbox 485 2281 810 2340; x_wconf 83' lang='lat' dir='ltr'>Episcoporum</span> <span class='ocrx_word' id='word_1_223' title='bbox 838 2283 1033 2328; x_wconf 86' lang='lat' dir='ltr'>subsunt</span> <span class='ocrx_word' id='word_1_224' title='bbox 1053 2283 1194 2328; x_wconf 90' lang='lat' dir='ltr'>etiam</span> <span class='ocrx_word' id='word_1_225' title='bbox 1221 2286 1467 2342; x_wconf 82' lang='lat' dir='ltr'>Regulares</span> <span class='ocrx_word' id='word_1_226' title='bbox 1487 2296 1778 2343; x_wconf 84' lang='lat' dir='ltr'>quocumque</span> <span class='ocrx_word' id='word_1_227' title='bbox 1803 2281 1936 2326; x_wconf 89' lang='lat' dir='ltr'>modo</span> 
     </span>
     <span class='ocr_line' id='line_1_28' title="bbox 155 2364 1934 2422; baseline 0.001 -15"><span class='ocrx_word' id='word_1_228' title='bbox 155 2376 311 2408; x_wconf 89' lang='lat' dir='ltr'>curam</span> <span class='ocrx_word' id='word_1_229' title='bbox 355 2364 618 2409; x_wconf 87' lang='lat' dir='ltr'>animarum</span> <span class='ocrx_word' id='word_1_230' title='bbox 662 2370 884 2410; x_wconf 88' lang='lat' dir='ltr'>exercent</span> <span class='ocrx_word' id='word_1_231' title='bbox 930 2368 998 2411; x_wconf 83' lang='lat' dir='ltr'>vel</span> <span class='ocrx_word' id='word_1_232' title='bbox 1040 2372 1330 2412; x_wconf 90' lang='lat' dir='ltr'>sacramenta</span> <span class='ocrx_word' id='word_1_233' title='bbox 1369 2367 1720 2422; x_wconf 87' lang='lat' dir='ltr'>administrant,</span> <span class='ocrx_word' id='word_1_234' title='bbox 1754 2364 1934 2410; x_wconf 88' lang='lat' dir='ltr'>etiamsi</span> 
     </span>
     <span class='ocr_line' id='line_1_29' title="bbox 154 2446 1935 2509; baseline 0.001 -19"><span class='ocrx_word' id='word_1_235' title='bbox 154 2446 209 2491; x_wconf 88' lang='lat' dir='ltr'>de</span> <span class='ocrx_word' id='word_1_236' title='bbox 242 2448 363 2492; x_wconf 86' lang='lat' dir='ltr'>facto</span> <span class='ocrx_word' id='word_1_237' title='bbox 395 2448 564 2506; x_wconf 87' lang='lat' dir='ltr'>absque</span> <span class='ocrx_word' id='word_1_238' title='bbox 599 2449 687 2493; x_wconf 90' lang='lat' dir='ltr'>ulla</span> <span class='ocrx_word' id='word_1_239' title='bbox 722 2449 997 2494; x_wconf 86' lang='lat' dir='ltr'>auctoritate</span> <span class='ocrx_word' id='word_1_240' title='bbox 1041 2463 1139 2495; x_wconf 84' lang='lat' dir='ltr'>sese</span> <span class='ocrx_word' id='word_1_241' title='bbox 1184 2451 1396 2508; x_wconf 84' lang='lat' dir='ltr'>ingerant</span> <span class='ocrx_word' id='word_1_242' title='bbox 1429 2451 1475 2495; x_wconf 92' lang='lat' dir='ltr'>in</span> <span class='ocrx_word' id='word_1_243' title='bbox 1512 2450 1564 2495; x_wconf 87' lang='lat' dir='ltr'>iis</span> <span class='ocrx_word' id='word_1_244' title='bbox 1595 2464 1711 2509; x_wconf 80' lang='lat' dir='ltr'>quae</span> <span class='ocrx_word' id='word_1_245' title='bbox 1749 2463 1935 2494; x_wconf 91' lang='lat' dir='ltr'>concer-</span> 
     </span>
    </p>
   </div>
   <div class='ocr_carea' id='block_1_6' title="bbox 272 2603 845 3077">
    <p class='ocr_par' dir='ltr' id='par_1_7' title="bbox 273 2603 845 2786">
     <span class='ocr_line' id='line_1_30' title="bbox 275 2603 844 2648; baseline 0.004 -8"><span class='ocrx_word' id='word_1_246' title='bbox 275 2604 283 2623; x_wconf 89' lang='lat'><em>¹</em></span> <span class='ocrx_word' id='word_1_247' title='bbox 312 2603 460 2641; x_wconf 83' lang='lat' dir='ltr'>Collect.</span> <span class='ocrx_word' id='word_1_248' title='bbox 487 2615 522 2640; x_wconf 91' lang='lat' dir='ltr'>n.</span> <span class='ocrx_word' id='word_1_249' title='bbox 550 2604 630 2647; x_wconf 83' lang='lat'>505,</span> <span class='ocrx_word' id='word_1_250' title='bbox 658 2605 737 2648; x_wconf 77' lang='lat'>517,</span> <span class='ocrx_word' id='word_1_251' title='bbox 764 2605 844 2643; x_wconf 82' lang='lat'>320.</span> 
     </span>
     <span class='ocr_line' id='line_1_31' title="bbox 273 2674 845 2720; baseline 0 -10"><span class='ocrx_word' id='word_1_252' title='bbox 273 2674 286 2692; x_wconf 74' lang='lat'><em>³</em></span> <span class='ocrx_word' id='word_1_253' title='bbox 313 2674 461 2712; x_wconf 80' lang='lat' dir='ltr'>Collect.</span> <span class='ocrx_word' id='word_1_254' title='bbox 488 2685 522 2711; x_wconf 91' lang='lat' dir='ltr'>n.</span> <span class='ocrx_word' id='word_1_255' title='bbox 550 2676 630 2718; x_wconf 82' lang='lat'>588,</span> <span class='ocrx_word' id='word_1_256' title='bbox 659 2676 739 2720; x_wconf 84' lang='grc'><strong>589,</strong></span> <span class='ocrx_word' id='word_1_257' title='bbox 766 2676 845 2713; x_wconf 79' lang='lat'>590.</span> 
     </span>
     <span class='ocr_line' id='line_1_32' title="bbox 276 2745 634 2786; baseline 0.003 -3"><span class='ocrx_word' id='word_1_258' title='bbox 276 2745 287 2764; x_wconf 79' lang='lat'>³</span> <span class='ocrx_word' id='word_1_259' title='bbox 314 2747 463 2784; x_wconf 88' lang='lat' dir='ltr'>Collect.</span> <span class='ocrx_word' id='word_1_260' title='bbox 493 2757 526 2786; x_wconf 92' lang='lat' dir='ltr'>n.</span> <span class='ocrx_word' id='word_1_261' title='bbox 555 2748 634 2784; x_wconf 81' lang='lat'>591.</span> 
     </span>
    </p>

    <p class='ocr_par' dir='ltr' id='par_1_8' title="bbox 272 2817 604 2855">
     <span class='ocr_line' id='line_1_33' title="bbox 272 2817 604 2855; baseline 0.003 -1"><span class='ocrx_word' id='word_1_262' title='bbox 272 2817 285 2836; x_wconf 68' lang='lat'>⁸</span> <span class='ocrx_word' id='word_1_263' title='bbox 313 2818 460 2854; x_wconf 80' lang='lat' dir='ltr'>Collect.</span> <span class='ocrx_word' id='word_1_264' title='bbox 487 2829 521 2855; x_wconf 92' lang='lat' dir='ltr'>n.</span> <span class='ocrx_word' id='word_1_265' title='bbox 549 2819 604 2855; x_wconf 85' lang='lat'>69.</span> 
     </span>
    </p>

    <p class='ocr_par' dir='ltr' id='par_1_9' title="bbox 274 2887 629 2925">
     <span class='ocr_line' id='line_1_34' title="bbox 274 2887 629 2925; baseline 0.003 -1"><span class='ocrx_word' id='word_1_266' title='bbox 274 2887 286 2905; x_wconf 81' lang='lat'>³</span> <span class='ocrx_word' id='word_1_267' title='bbox 312 2887 459 2925; x_wconf 82' lang='lat' dir='ltr'>Collect.</span> <span class='ocrx_word' id='word_1_268' title='bbox 486 2898 523 2925; x_wconf 92' lang='lat' dir='ltr'>n.</span> <span class='ocrx_word' id='word_1_269' title='bbox 549 2889 629 2925; x_wconf 67' lang='lat'><strong>285.</strong></span> 
     </span>
    </p>

    <p class='ocr_par' dir='ltr' id='par_1_10' title="bbox 273 2958 629 2998">
     <span class='ocr_line' id='line_1_35' title="bbox 273 2958 629 2998; baseline -0.006 -2"><span class='ocrx_word' id='word_1_270' title='bbox 273 2958 286 2978; x_wconf 81' lang='lat'><strong>⁶</strong></span> <span class='ocrx_word' id='word_1_271' title='bbox 312 2960 460 2997; x_wconf 82' lang='lat' dir='ltr'>Collect.</span> <span class='ocrx_word' id='word_1_272' title='bbox 487 2970 521 2996; x_wconf 92' lang='lat' dir='ltr'>n.</span> <span class='ocrx_word' id='word_1_273' title='bbox 549 2961 629 2998; x_wconf 83' lang='lat'><strong>408.</strong></span> 
     </span>
    </p>

    <p class='ocr_par' dir='ltr' id='par_1_11' title="bbox 274 3028 657 3077">
     <span class='ocr_line' id='line_1_36' title="bbox 274 3028 657 3077; baseline 0.008 -12"><span class='ocrx_word' id='word_1_274' title='bbox 274 3028 287 3048; x_wconf 93' lang='lat'><strong>⁷</strong></span> <span class='ocrx_word' id='word_1_275' title='bbox 313 3029 410 3066; x_wconf 85' lang='lat' dir='ltr'>Sess.</span> <span class='ocrx_word' id='word_1_276' title='bbox 437 3030 494 3075; x_wconf 79' lang='lat'>25,</span> <span class='ocrx_word' id='word_1_277' title='bbox 519 3041 600 3077; x_wconf 85' lang='lat' dir='ltr'>cap.</span> <span class='ocrx_word' id='word_1_278' title='bbox 626 3031 657 3068; x_wconf 79' lang='lat'>2.</span> 
     </span>
    </p>
   </div>
  </div>
 </body>
</html>
