2176 3386
751 195 880 224 Lmen
909 196 932 224 1.
969 196 1026 224 DE
1055 195 1247 224 CLEmcls
1816 185 1893 225 137

226 305 268 362 7)
305 304 346 349 Si
381 305 455 349 lex
489 303 752 350 favorabilis
783 319 837 349 ac
870 308 998 363 parte
1030 302 1185 349 odiosa
1218 303 1293 359 sit,
1329 302 1486 348 odium
1519 317 1543 348 e
1577 305 1736 349 favore
1765 318 1892 363 sepa-

110 388 304 433 randum
337 401 451 444 esse,
486 388 653 433 docent
687 392 919 443 Doctores,
946 402 1000 434 ac
1022 386 1338 445 separabiliter
1370 384 1789 446 interpretandum,
1823 401 1891 433 se·

109 483 190 515 cus
222 470 473 516 videndum
506 485 734 530 quaenam
770 470 1038 528 legislatoris
1070 469 1270 515 intentio
1294 469 1574 528 praevaleat.
1603 471 1818 514 Attamen
1843 470 1891 515 in

109 552 245 597 dubio
279 553 424 611 magis
455 554 662 598 favorem
695 567 834 612 quam
869 553 1025 598 odium
1059 565 1156 597 esse
1187 554 1522 598 attendendum
1549 554 1578 597 ¹.

485 741 519 784 γ)
546 759 589 763 -
616 739 675 775 De
701 739 851 785 reyulis
878 739 1219 786 interpretationis
1251 739 1510 775 restrictione.

229 889 325 932 176.
363 891 410 932 In
446 888 606 933 iisdem
641 888 878 947 principiis
928 888 1215 934 restrictivae
1265 889 1661 947 Interpretationis
1709 892 1890 948 regulae

108 970 462 1015 fundamentum
497 970 682 1015 habent.
724 970 997 1031 Praecipuae
1030 975 1168 1016 sunt:

228 1055 265 1109 1)
305 1052 629 1099 Restrictivam
655 1053 1088 1112 interpretationem
1123 1054 1460 1100 admittendam
1495 1068 1592 1100 esse
1616 1055 1652 1100 si
1686 1054 1889 1115 alioquin

106 1137 150 1181 in
186 1151 292 1182 casu
326 1138 477 1197 aliquo
511 1137 775 1196 particulari
808 1139 883 1183 lex
917 1138 1072 1197 iniqua
1107 1139 1325 1184 evaderet
1357 1143 1438 1184 aut
1471 1139 1681 1184 illicitum
1719 1138 1889 1197 praeci-

106 1224 247 1280 peret.
288 1221 364 1265 Ubi
401 1220 524 1266 enim
559 1221 711 1280 dispar
743 1227 811 1266 est
845 1221 978 1277 ratio,
1015 1221 1073 1265 ibi
1108 1222 1262 1280 dispar
1294 1236 1392 1267 esse
1425 1222 1559 1267 debet
1593 1222 1702 1279 legis
1743 1222 1889 1280 dispo-

104 1305 208 1350 sitio
232 1305 262 1350 ².

225 1390 267 1446 ⁹2)
306 1389 629 1434 Restrictivam
666 1388 1095 1447 interpretationem
1129 1389 1466 1434 admittendam
1500 1402 1597 1434 esse
1631 1388 1666 1434 si
1699 1388 1742 1433 id
1769 1389 1890 1448 quod

107 1473 201 1530 lege
237 1472 513 1531 praecipitur
545 1473 591 1517 in
628 1472 844 1531 peculiari
877 1487 984 1518 casu
1021 1473 1158 1518 nimis
1190 1474 1385 1518 arduum
1420 1478 1540 1518 esset
1561 1487 1614 1518 ac
1647 1486 1783 1532 supra
1807 1473 1888 1516 hu-

106 1569 269 1600 nzanae
303 1556 412 1613 legis
445 1560 718 1614 potestatem
739 1556 769 1601 3.

222 1640 263 1696 5)
303 1640 626 1685 Restrictivam
663 1641 1092 1700 interpretationem
1126 1642 1462 1686 admittendam
1506 1655 1603 1686 esse
1646 1641 1681 1685 si
1722 1641 1768 1685 in
1803 1641 1889 1685 hoc

105 1723 176 1767 vel
210 1722 285 1767 illo
319 1736 425 1775 casu
460 1736 540 1767 sua
576 1723 670 1780 lege
705 1723 1010 1781 legislatorem
1046 1739 1138 1769 non
1173 1724 1372 1769 voluisse
1404 1724 1603 1782 obligare
1639 1724 1888 1782 prudenter

103 1805 225 1850 credi
259 1806 447 1864 possiti.
1056 1858 1061 1862 ,

219 1890 263 1945 4)
301 1894 464 1947 Legem
500 1891 760 1936 irritantem
796 1892 1106 1937 restrictivam
1144 1892 1574 1950 interpretationem
1602 1905 1693 1936 non
1724 1891 1887 1935 admit-

102 1976 214 2028 tere,
251 1986 357 2017 cum
394 1975 467 2018 lex
501 1974 687 2020 irritans
719 1976 774 2019 ad
811 1975 1038 2021 rationem
1076 1989 1322 2021 comunem
1368 1990 1421 2020 ac
1466 1980 1654 2019 actuum
1699 1973 1886 2032 paritor-

104 2055 312 2100 mitatem
345 2058 556 2102 attendat
590 2059 733 2116 magis
765 2073 904 2118 quam
938 2060 994 2104 ad
1028 2072 1162 2104 casus
1198 2073 1251 2104 ac
1285 2059 1489 2103 rationes
1529 2058 1828 2116 particulares
1853 2057 1883 2102 ⁵.

102 2140 270 2182 Verum
304 2138 548 2198 aliquando
582 2141 695 2185 haec
730 2142 882 2199 regula
918 2141 1013 2186 vim
1048 2156 1140 2186 non
1174 2142 1313 2186 habet
1336 2141 1367 2185 ⁶.

219 2222 260 2278 5)
296 2226 510 2267 Cessante
543 2223 694 2283 aliquo
728 2224 774 2268 in
809 2238 916 2269 casu
953 2224 1131 2269 ratione
1156 2224 1266 2283 legis
1291 2225 1544 2283 adaequata
1570 2223 1715 2281 legem
1742 2223 1885 2282 ipsam

102 2302 146 2347 in
181 2318 234 2348 eo
266 2318 443 2350 cessare
478 2320 663 2352 necesse
697 2321 809 2353 esse.

223 2391 269 2432 In
293 2389 565 2435 exhibendis
590 2391 843 2450 praecipuis
868 2392 1155 2438 restrictivae
1179 2392 1576 2450 interpretationis
1609 2392 1791 2449 regulis,
1819 2405 1884 2435 re-

219 2562 227 2580 ¹
258 2562 308 2598 Cf.
329 2563 478 2600 Rssmrr.
498 2574 557 2610 op.
571 2570 605 2600 et
626 2565 647 2601 l.
668 2575 698 2602 c.
723 2569 892 2602 AianEn
910 2576 968 2612 op.
989 2567 1048 2603 cit.
1066 2570 1081 2606 ἓ
1100 2565 1182 2603 210.
1202 2565 1362 2602 Micam
1382 2570 1450 2601 etc.

220 2633 232 2651 ²
259 2634 310 2670 Cf.
330 2634 475 2670 SUAREZ
494 2645 553 2681 op.
572 2645 615 2678 c.,
633 2636 696 2672 lib.
718 2637 748 2672 1.

217 2705 232 2726 ⁸
258 2706 492 2742 SGHMALZGR.
512 2711 535 2742 ῐ.
556 2708 573 2743 1
593 2707 637 2744 de
656 2713 783 2750 const,
804 2718 839 2743 n.
855 2707 912 2744 49.
933 2708 1080 2745 Suanuz
1099 2708 1159 2751 VI,
1178 2708 1211 2753 5,
1230 2718 1265 2744 n.
1287 2709 1321 2751 5.
1343 2719 1422 2755 cap.
1442 2708 1477 2751 5,
1496 2709 1539 2744 de
1558 2707 1707 2754 appell„
1726 2716 1807 2752 cap·
1829 2705 1882 2747 12,

101 2775 146 2811 «le
165 2776 318 2821 poenit„
339 2777 360 2813 l.
379 2777 424 2814 24
443 2778 477 2814 h.
498 2782 521 2814 t.
540 2778 574 2814 ff.

215 2846 229 2867 ¹·
255 2848 441 2886 Benedict.
470 2850 568 2895 XIV,
587 2851 630 2886 de
650 2851 786 2897 Synod.
805 2852 922 2888 dioec.
944 2852 1043 2895 XIII,
1062 2852 1118 2894 24,
1139 2851 1195 2888 20.

219 2919 232 2939 ¹⁵
259 2920 446 2958 SchALz.
468 2932 526 2968 op.
546 2922 570 2958 l.
587 2932 619 2959 c.
639 2932 673 2959 n.
691 2922 748 2959 27.

216 2990 231 3010 ⁰
255 2991 305 3027 Cf.
322 2991 551 3029 SANGumu'rr
570 3002 603 3029 0.
620 3004 652 3030 e.
671 2994 715 3030 de
734 2994 929 3040 Epichei33
959 2995 1131 3031 MACHAT.
1152 3004 1210 3040 op.
1230 3005 1260 3031 c.
1279 3000 1315 3030 et.
1335 2995 1486 3031 ersscm
1514 2994 1558 3029 ile
1577 2994 1671 3039 disp.
1693 3003 1724 3038 p.
1746 2992 1799 3035 10,
1819 2992 1882 3037 qui

101 3060 242 3098 videtur
260 3064 536 3100 contrasentire.
