<?xml version="1.0" encoding="UTF-8"?>
<!DOCTYPE html PUBLIC "-//W3C//DTD XHTML 1.0 Transitional//EN"
    "http://www.w3.org/TR/xhtml1/DTD/xhtml1-transitional.dtd">
<html xmlns="http://www.w3.org/1999/xhtml" xml:lang="en" lang="en">
 <head>
  <title>
</title>
<meta http-equiv="Content-Type" content="text/html;charset=utf-8" />
  <meta name='ocr-system' content='tesseract 3.04.00' />
  <meta name='ocr-capabilities' content='ocr_page ocr_carea ocr_par ocr_line ocrx_word'/>
</head>
<body>
  <div class='ocr_page' id='page_1' title='image "apparatus00ziteuoft_0409.png"; bbox 0 0 2176 3386; ppageno 0'>
   <div class='ocr_carea' id='block_1_1' title="bbox 0 0 1416 183">
    <p class='ocr_par' dir='ltr' id='par_1_1' title="bbox 0 0 1416 183">
     <span class='ocr_line' id='line_1_1' title="bbox 0 0 1416 183; baseline 0 3203"><span class='ocrx_word' id='word_1_1' title='bbox 0 0 1416 183; x_wconf 95' lang='lat' dir='ltr'> </span> 
     </span>
    </p>
   </div>
   <div class='ocr_carea' id='block_1_2' title="bbox 776 181 1915 227">
    <p class='ocr_par' dir='ltr' id='par_1_2' title="bbox 776 181 1915 227">
     <span class='ocr_line' id='line_1_2' title="bbox 776 181 1915 227; baseline -0.004 -1"><span class='ocrx_word' id='word_1_2' title='bbox 776 197 906 227; x_wconf 70' lang='lat' dir='ltr'>ann</span> <span class='ocrx_word' id='word_1_3' title='bbox 934 197 959 226; x_wconf 92' lang='lat'>1.</span> <span class='ocrx_word' id='word_1_4' title='bbox 991 196 1052 225; x_wconf 81' lang='lat' dir='ltr'>DE</span> <span class='ocrx_word' id='word_1_5' title='bbox 1080 195 1274 225; x_wconf 72' lang='lat' dir='ltr'>cmmms</span> <span class='ocrx_word' id='word_1_6' title='bbox 1837 181 1915 224; x_wconf 87' lang='grc'>397</span> 
     </span>
    </p>
   </div>
   <div class='ocr_carea' id='block_1_3' title="bbox 98 301 1918 1698">
    <p class='ocr_par' dir='ltr' id='par_1_3' title="bbox 135 301 1916 614">
     <span class='ocr_line' id='line_1_3' title="bbox 137 301 1915 370; baseline -0.002 -19"><span class='ocrx_word' id='word_1_7' title='bbox 137 306 314 364; x_wconf 86' lang='lat' dir='ltr'>integra</span> <span class='ocrx_word' id='word_1_8' title='bbox 338 305 368 351; x_wconf 84' lang='lat'>¹.</span> <span class='ocrx_word' id='word_1_9' title='bbox 406 305 449 363; x_wconf 88' lang='lat'>9)</span> <span class='ocrx_word' id='word_1_10' title='bbox 479 305 619 350; x_wconf 86' lang='lat' dir='ltr'><strong>Debet</strong></span> <span class='ocrx_word' id='word_1_11' title='bbox 642 304 889 363; x_wconf 84' lang='lat' dir='ltr'>Episcopus</span> <span class='ocrx_word' id='word_1_12' title='bbox 920 304 1088 348; x_wconf 89' lang='lat' dir='ltr'>babere</span> <span class='ocrx_word' id='word_1_13' title='bbox 1121 315 1402 349; x_wconf 89' lang='lat' dir='ltr'>consensum</span> <span class='ocrx_word' id='word_1_14' title='bbox 1436 301 1647 370; x_wconf 74' lang='lat' dir='ltr'>Capituli,</span> <span class='ocrx_word' id='word_1_15' title='bbox 1683 301 1720 347; x_wconf 92' lang='lat' dir='ltr'>si</span> <span class='ocrx_word' id='word_1_16' title='bbox 1742 301 1915 361; x_wconf 89' lang='lat' dir='ltr'>aliquid</span> 
     </span>
     <span class='ocr_line' id='line_1_4' title="bbox 136 384 1916 446; baseline -0.003 -12"><span class='ocrx_word' id='word_1_17' title='bbox 136 389 455 434; x_wconf 87' lang='lat' dir='ltr'>innovandum</span> <span class='ocrx_word' id='word_1_18' title='bbox 489 391 609 433; x_wconf 89' lang='lat' dir='ltr'>esset</span> <span class='ocrx_word' id='word_1_19' title='bbox 640 391 801 432; x_wconf 89' lang='lat' dir='ltr'>contra</span> <span class='ocrx_word' id='word_1_20' title='bbox 835 385 1128 446; x_wconf 86' lang='lat' dir='ltr'>privilegium</span> <span class='ocrx_word' id='word_1_21' title='bbox 1161 400 1187 431; x_wconf 91' lang='lat' dir='ltr'>a</span> <span class='ocrx_word' id='word_1_22' title='bbox 1221 385 1462 442; x_wconf 87' lang='lat' dir='ltr'>Superiore</span> <span class='ocrx_word' id='word_1_23' title='bbox 1483 398 1754 430; x_wconf 89' lang='lat' dir='ltr'>concessum</span> <span class='ocrx_word' id='word_1_24' title='bbox 1788 384 1916 444; x_wconf 90' lang='lat' dir='ltr'>Capi-</span> 
     </span>
     <span class='ocr_line' id='line_1_5' title="bbox 135 467 1915 529; baseline -0.002 -12"><span class='ocrx_word' id='word_1_25' title='bbox 135 473 252 528; x_wconf 88' lang='lat' dir='ltr'>tulo,</span> <span class='ocrx_word' id='word_1_26' title='bbox 288 472 362 517; x_wconf 92' lang='lat' dir='ltr'>vel</span> <span class='ocrx_word' id='word_1_27' title='bbox 394 475 555 516; x_wconf 87' lang='lat' dir='ltr'>contra</span> <span class='ocrx_word' id='word_1_28' title='bbox 589 470 844 529; x_wconf 81' lang='lat' dir='ltr'><strong>legitimam</strong></span> <span class='ocrx_word' id='word_1_29' title='bbox 879 469 1072 528; x_wconf 74' lang='lat' dir='ltr'>Capituli</span> <span class='ocrx_word' id='word_1_30' title='bbox 1106 469 1506 514; x_wconf 87' lang='lat' dir='ltr'>consuetudinem.</span> <span class='ocrx_word' id='word_1_31' title='bbox 1544 471 1715 514; x_wconf 91' lang='lat' dir='ltr'>Verum</span> <span class='ocrx_word' id='word_1_32' title='bbox 1750 468 1836 514; x_wconf 89' lang='lat' dir='ltr'>hac</span> <span class='ocrx_word' id='word_1_33' title='bbox 1869 467 1915 513; x_wconf 92' lang='lat' dir='ltr'>in</span> 
     </span>
     <span class='ocr_line' id='line_1_6' title="bbox 136 552 1374 614; baseline -0.002 -14"><span class='ocrx_word' id='word_1_34' title='bbox 136 568 185 600; x_wconf 85' lang='lat' dir='ltr'>re</span> <span class='ocrx_word' id='word_1_35' title='bbox 217 554 591 614; x_wconf 72' lang='lat' dir='ltr'>praescriptionis</span> <span class='ocrx_word' id='word_1_36' title='bbox 625 553 865 612; x_wconf 86' lang='lat' dir='ltr'>praecipua</span> <span class='ocrx_word' id='word_1_37' title='bbox 900 553 1017 599; x_wconf 90' lang='lat' dir='ltr'>ratio</span> <span class='ocrx_word' id='word_1_38' title='bbox 1050 552 1259 597; x_wconf 86' lang='lat' dir='ltr'>habenda</span> <span class='ocrx_word' id='word_1_39' title='bbox 1292 557 1374 597; x_wconf 90' lang='lat' dir='ltr'>est.</span> 
     </span>
    </p>

    <p class='ocr_par' dir='ltr' id='par_1_4' title="bbox 98 635 1918 1365">
     <span class='ocr_line' id='line_1_7' title="bbox 254 635 1918 696; baseline -0.003 -12"><span class='ocrx_word' id='word_1_40' title='bbox 254 638 356 684; x_wconf 81' lang='lat'>505.</span> <span class='ocrx_word' id='word_1_41' title='bbox 393 639 606 695; x_wconf 86' lang='lat' dir='ltr'>Superest</span> <span class='ocrx_word' id='word_1_42' title='bbox 627 641 678 680; x_wconf 91' lang='lat' dir='ltr'>ut</span> <span class='ocrx_word' id='word_1_43' title='bbox 701 635 1002 696; x_wconf 86' lang='lat' dir='ltr'>inspiciamus</span> <span class='ocrx_word' id='word_1_44' title='bbox 1022 635 1206 696; x_wconf 89' lang='lat' dir='ltr'>quando</span> <span class='ocrx_word' id='word_1_45' title='bbox 1229 639 1275 680; x_wconf 88' lang='lat' dir='ltr'>et</span> <span class='ocrx_word' id='word_1_46' title='bbox 1295 635 1460 695; x_wconf 89' lang='lat' dir='ltr'>quibus</span> <span class='ocrx_word' id='word_1_47' title='bbox 1483 635 1529 680; x_wconf 93' lang='lat' dir='ltr'>in</span> <span class='ocrx_word' id='word_1_48' title='bbox 1554 635 1733 681; x_wconf 85' lang='lat' dir='ltr'>casibus</span> <span class='ocrx_word' id='word_1_49' title='bbox 1753 635 1918 680; x_wconf 88' lang='lat' dir='ltr'>debeat</span> 
     </span>
     <span class='ocr_line' id='line_1_8' title="bbox 137 718 1914 781; baseline -0.002 -14"><span class='ocrx_word' id='word_1_50' title='bbox 137 721 385 781; x_wconf 88' lang='lat' dir='ltr'>Episcopus</span> <span class='ocrx_word' id='word_1_51' title='bbox 402 720 617 766; x_wconf 88' lang='lat' dir='ltr'>adhibere</span> <span class='ocrx_word' id='word_1_52' title='bbox 650 720 892 766; x_wconf 88' lang='lat' dir='ltr'>consilium</span> <span class='ocrx_word' id='word_1_53' title='bbox 926 720 1136 779; x_wconf 83' lang='lat' dir='ltr'>Capituli.</span> <span class='ocrx_word' id='word_1_54' title='bbox 1176 724 1311 765; x_wconf 82' lang='lat' dir='ltr'>Porro</span> <span class='ocrx_word' id='word_1_55' title='bbox 1344 734 1402 764; x_wconf 81' lang='lat' dir='ltr'>ex</span> <span class='ocrx_word' id='word_1_56' title='bbox 1450 719 1548 764; x_wconf 90' lang='lat' dir='ltr'>iure</span> <span class='ocrx_word' id='word_1_57' title='bbox 1583 733 1705 764; x_wconf 93' lang='lat' dir='ltr'>novo</span> <span class='ocrx_word' id='word_1_58' title='bbox 1725 718 1759 775; x_wconf 84' lang='lat'>²,</span> <span class='ocrx_word' id='word_1_59' title='bbox 1817 718 1914 777; x_wconf 87' lang='lat' dir='ltr'>Epi-</span> 
     </span>
     <span class='ocr_line' id='line_1_9' title="bbox 136 803 1917 863; baseline -0.001 -13"><span class='ocrx_word' id='word_1_60' title='bbox 136 818 298 863; x_wconf 91' lang='lat' dir='ltr'>scopus</span> <span class='ocrx_word' id='word_1_61' title='bbox 329 804 383 849; x_wconf 93' lang='lat' dir='ltr'>de</span> <span class='ocrx_word' id='word_1_62' title='bbox 416 803 605 849; x_wconf 90' lang='lat' dir='ltr'>consilio</span> <span class='ocrx_word' id='word_1_63' title='bbox 638 803 830 862; x_wconf 87' lang='lat' dir='ltr'>Capituli</span> <span class='ocrx_word' id='word_1_64' title='bbox 865 803 999 849; x_wconf 87' lang='lat' dir='ltr'>debet</span> <span class='ocrx_word' id='word_1_65' title='bbox 1042 803 1279 861; x_wconf 85' lang='lat' dir='ltr'>providere</span> <span class='ocrx_word' id='word_1_66' title='bbox 1321 807 1370 847; x_wconf 92' lang='lat' dir='ltr'>ut</span> <span class='ocrx_word' id='word_1_67' title='bbox 1411 803 1635 848; x_wconf 77' lang='lat' dir='ltr'>habeatur</span> <span class='ocrx_word' id='word_1_68' title='bbox 1674 803 1810 848; x_wconf 89' lang='lat' dir='ltr'>lectio</span> <span class='ocrx_word' id='word_1_69' title='bbox 1849 816 1917 848; x_wconf 86' lang='lat' dir='ltr'>sa-</span> 
     </span>
     <span class='ocr_line' id='line_1_10' title="bbox 135 884 1917 946; baseline -0.001 -14"><span class='ocrx_word' id='word_1_70' title='bbox 135 901 240 933; x_wconf 87' lang='lat' dir='ltr'>crae</span> <span class='ocrx_word' id='word_1_71' title='bbox 273 887 532 946; x_wconf 88' lang='lat' dir='ltr'>Scripturae</span> <span class='ocrx_word' id='word_1_72' title='bbox 567 887 640 931; x_wconf 91' lang='lat' dir='ltr'>vel</span> <span class='ocrx_word' id='word_1_73' title='bbox 673 885 958 944; x_wconf 89' lang='lat' dir='ltr'>Theologiae‚</span> <span class='ocrx_word' id='word_1_74' title='bbox 994 889 1040 931; x_wconf 88' lang='lat' dir='ltr'>et</span> <span class='ocrx_word' id='word_1_75' title='bbox 1075 885 1345 943; x_wconf 88' lang='lat' dir='ltr'>magistrum</span> <span class='ocrx_word' id='word_1_76' title='bbox 1380 886 1544 944; x_wconf 84' lang='lat' dir='ltr'>eligere</span> <span class='ocrx_word' id='word_1_77' title='bbox 1568 884 1644 944; x_wconf 92' lang='lat' dir='ltr'>qui</span> <span class='ocrx_word' id='word_1_78' title='bbox 1691 900 1917 943; x_wconf 88' lang='lat' dir='ltr'>gramma-</span> 
     </span>
     <span class='ocr_line' id='line_1_11' title="bbox 98 966 1916 1018; baseline -0.001 -1"><span class='ocrx_word' id='word_1_79' title='bbox 98 966 102 971; x_wconf 77' lang='grc'><strong>’</strong></span> <span class='ocrx_word' id='word_1_80' title='bbox 135 972 274 1018; x_wconf 88' lang='lat' dir='ltr'>ticam</span> <span class='ocrx_word' id='word_1_81' title='bbox 309 970 504 1017; x_wconf 89' lang='lat' dir='ltr'>Clericos</span> <span class='ocrx_word' id='word_1_82' title='bbox 535 971 712 1016; x_wconf 87' lang='lat' dir='ltr'>doceat.</span> <span class='ocrx_word' id='word_1_83' title='bbox 752 974 865 1015; x_wconf 87' lang='lat' dir='ltr'>Item</span> <span class='ocrx_word' id='word_1_84' title='bbox 900 970 1036 1015; x_wconf 91' lang='lat' dir='ltr'>debet</span> <span class='ocrx_word' id='word_1_85' title='bbox 1056 970 1154 1014; x_wconf 91' lang='lat' dir='ltr'>eius</span> <span class='ocrx_word' id='word_1_86' title='bbox 1177 969 1419 1014; x_wconf 88' lang='lat' dir='ltr'>consilium</span> <span class='ocrx_word' id='word_1_87' title='bbox 1447 969 1663 1014; x_wconf 84' lang='lat' dir='ltr'>adhibere</span> <span class='ocrx_word' id='word_1_88' title='bbox 1687 971 1732 1014; x_wconf 90' lang='lat' dir='ltr'>in</span> <span class='ocrx_word' id='word_1_89' title='bbox 1757 970 1916 1015; x_wconf 88' lang='lat' dir='ltr'>distin-</span> 
     </span>
     <span class='ocr_line' id='line_1_12' title="bbox 136 1054 1914 1114; baseline -0.001 -14"><span class='ocrx_word' id='word_1_90' title='bbox 136 1056 315 1114; x_wconf 91' lang='lat' dir='ltr'>guendo</span> <span class='ocrx_word' id='word_1_91' title='bbox 348 1055 630 1114; x_wconf 87' lang='lat' dir='ltr'>praebendas</span> <span class='ocrx_word' id='word_1_92' title='bbox 661 1055 952 1100; x_wconf 76' lang='lat' dir='ltr'>canonicales</span> <span class='ocrx_word' id='word_1_93' title='bbox 993 1055 1037 1099; x_wconf 90' lang='lat' dir='ltr'>in</span> <span class='ocrx_word' id='word_1_94' title='bbox 1079 1054 1426 1100; x_wconf 90' lang='lat' dir='ltr'>subdiaconales</span> <span class='ocrx_word' id='word_1_95' title='bbox 1467 1058 1514 1099; x_wconf 90' lang='lat' dir='ltr'>et</span> <span class='ocrx_word' id='word_1_96' title='bbox 1556 1054 1914 1113; x_wconf 89' lang='lat' dir='ltr'>presbyterales;</span> 
     </span>
     <span class='ocr_line' id='line_1_13' title="bbox 135 1138 1917 1200; baseline -0.001 -15"><span class='ocrx_word' id='word_1_97' title='bbox 135 1140 183 1185; x_wconf 92' lang='lat' dir='ltr'>in</span> <span class='ocrx_word' id='word_1_98' title='bbox 219 1139 583 1200; x_wconf 83' lang='lat' dir='ltr'>processionibus</span> <span class='ocrx_word' id='word_1_99' title='bbox 615 1138 862 1194; x_wconf 80' lang='lat' dir='ltr'>edicendis‚</span> <span class='ocrx_word' id='word_1_100' title='bbox 898 1139 1216 1194; x_wconf 84' lang='lat' dir='ltr'>decernendis,</span> <span class='ocrx_word' id='word_1_101' title='bbox 1242 1139 1506 1197; x_wconf 81' lang='lat' dir='ltr'>dirigendis,</span> <span class='ocrx_word' id='word_1_102' title='bbox 1533 1144 1621 1183; x_wconf 87' lang='lat' dir='ltr'>etc.</span> <span class='ocrx_word' id='word_1_103' title='bbox 1659 1139 1917 1184; x_wconf 86' lang='lat' dir='ltr'>Necessitas</span> 
     </span>
     <span class='ocr_line' id='line_1_14' title="bbox 136 1222 1911 1282; baseline -0.001 -15"><span class='ocrx_word' id='word_1_104' title='bbox 136 1237 247 1268; x_wconf 86' lang='lat' dir='ltr'>vero</span> <span class='ocrx_word' id='word_1_105' title='bbox 279 1223 343 1267; x_wconf 89' lang='lat' dir='ltr'>rei</span> <span class='ocrx_word' id='word_1_106' title='bbox 378 1222 633 1267; x_wconf 82' lang='lat' dir='ltr'>inexistens</span> <span class='ocrx_word' id='word_1_107' title='bbox 666 1222 810 1280; x_wconf 82' lang='lat' dir='ltr'>exigit</span> <span class='ocrx_word' id='word_1_108' title='bbox 842 1222 1085 1267; x_wconf 91' lang='lat' dir='ltr'>consilium</span> <span class='ocrx_word' id='word_1_109' title='bbox 1121 1222 1312 1281; x_wconf 85' lang='lat' dir='ltr'>Capituli</span> <span class='ocrx_word' id='word_1_110' title='bbox 1348 1222 1531 1282; x_wconf 83' lang='lat' dir='ltr'>quando</span> <span class='ocrx_word' id='word_1_111' title='bbox 1565 1235 1637 1266; x_wconf 90' lang='lat' dir='ltr'>res</span> <span class='ocrx_word' id='word_1_112' title='bbox 1669 1227 1737 1266; x_wconf 92' lang='lat' dir='ltr'>est</span> <span class='ocrx_word' id='word_1_113' title='bbox 1770 1222 1911 1267; x_wconf 86' lang='lat' dir='ltr'>ardua</span> 
     </span>
     <span class='ocr_line' id='line_1_15' title="bbox 135 1306 1298 1365; baseline 0 -14"><span class='ocrx_word' id='word_1_114' title='bbox 135 1310 180 1351; x_wconf 84' lang='lat' dir='ltr'>et</span> <span class='ocrx_word' id='word_1_115' title='bbox 213 1307 268 1351; x_wconf 93' lang='lat' dir='ltr'>ad</span> <span class='ocrx_word' id='word_1_116' title='bbox 306 1306 530 1351; x_wconf 89' lang='lat' dir='ltr'>Ecclesiae</span> <span class='ocrx_word' id='word_1_117' title='bbox 562 1306 1011 1351; x_wconf 86' lang='lat' dir='ltr'>administrationem</span> <span class='ocrx_word' id='word_1_118' title='bbox 1048 1307 1298 1365; x_wconf 88' lang='lat' dir='ltr'>pertinens.</span> 
     </span>
    </p>

    <p class='ocr_par' dir='ltr' id='par_1_5' title="bbox 136 1389 1918 1698">
     <span class='ocr_line' id='line_1_16' title="bbox 257 1389 1917 1448; baseline -0.001 -14"><span class='ocrx_word' id='word_1_119' title='bbox 257 1394 450 1434; x_wconf 89' lang='lat' dir='ltr'>Demum</span> <span class='ocrx_word' id='word_1_120' title='bbox 485 1390 707 1434; x_wconf 84' lang='lat' dir='ltr'>hactenus</span> <span class='ocrx_word' id='word_1_121' title='bbox 738 1390 859 1433; x_wconf 90' lang='lat' dir='ltr'>dicta</span> <span class='ocrx_word' id='word_1_122' title='bbox 892 1390 1044 1434; x_wconf 90' lang='lat' dir='ltr'>locum</span> <span class='ocrx_word' id='word_1_123' title='bbox 1088 1390 1258 1434; x_wconf 86' lang='lat' dir='ltr'>babent</span> <span class='ocrx_word' id='word_1_124' title='bbox 1290 1390 1472 1448; x_wconf 83' lang='lat' dir='ltr'>quando</span> <span class='ocrx_word' id='word_1_125' title='bbox 1522 1389 1769 1448; x_wconf 88' lang='lat' dir='ltr'>Episcopus</span> <span class='ocrx_word' id='word_1_126' title='bbox 1818 1404 1917 1448; x_wconf 91' lang='lat' dir='ltr'>pro-</span> 
     </span>
     <span class='ocr_line' id='line_1_17' title="bbox 136 1472 1918 1531; baseline -0.001 -14"><span class='ocrx_word' id='word_1_127' title='bbox 136 1472 256 1517; x_wconf 89' lang='lat' dir='ltr'>cedit</span> <span class='ocrx_word' id='word_1_128' title='bbox 288 1472 385 1516; x_wconf 89' lang='lat' dir='ltr'>iure</span> <span class='ocrx_word' id='word_1_129' title='bbox 408 1486 489 1517; x_wconf 92' lang='lat' dir='ltr'>suo</span> <span class='ocrx_word' id='word_1_130' title='bbox 522 1472 770 1527; x_wconf 90' lang='lat' dir='ltr'>ordinario,</span> <span class='ocrx_word' id='word_1_131' title='bbox 806 1486 913 1516; x_wconf 90' lang='lat' dir='ltr'>nam</span> <span class='ocrx_word' id='word_1_132' title='bbox 948 1472 994 1516; x_wconf 91' lang='lat' dir='ltr'>in</span> <span class='ocrx_word' id='word_1_133' title='bbox 1029 1472 1208 1517; x_wconf 88' lang='lat' dir='ltr'>casibus</span> <span class='ocrx_word' id='word_1_134' title='bbox 1241 1473 1287 1516; x_wconf 90' lang='lat' dir='ltr'>in</span> <span class='ocrx_word' id='word_1_135' title='bbox 1322 1472 1486 1531; x_wconf 89' lang='lat' dir='ltr'>quibus</span> <span class='ocrx_word' id='word_1_136' title='bbox 1529 1472 1732 1531; x_wconf 84' lang='lat' dir='ltr'>procedit</span> <span class='ocrx_word' id='word_1_137' title='bbox 1762 1476 1813 1515; x_wconf 89' lang='lat' dir='ltr'>ut</span> <span class='ocrx_word' id='word_1_138' title='bbox 1845 1472 1918 1516; x_wconf 92' lang='lat' dir='ltr'>de-</span> 
     </span>
     <span class='ocr_line' id='line_1_18' title="bbox 136 1555 1918 1614; baseline 0 -15"><span class='ocrx_word' id='word_1_139' title='bbox 136 1555 310 1613; x_wconf 86' lang='lat' dir='ltr'>legatus</span> <span class='ocrx_word' id='word_1_140' title='bbox 343 1556 467 1601; x_wconf 90' lang='lat' dir='ltr'>Sedis</span> <span class='ocrx_word' id='word_1_141' title='bbox 502 1555 800 1613; x_wconf 80' lang='lat' dir='ltr'>Apostolieae,</span> <span class='ocrx_word' id='word_1_142' title='bbox 848 1556 1020 1599; x_wconf 84' lang='lat' dir='ltr'>nullam</span> <span class='ocrx_word' id='word_1_143' title='bbox 1074 1555 1318 1614; x_wconf 85' lang='lat' dir='ltr'>Episcopus</span> <span class='ocrx_word' id='word_1_144' title='bbox 1358 1555 1494 1600; x_wconf 84' lang='lat' dir='ltr'>habet</span> <span class='ocrx_word' id='word_1_145' title='bbox 1537 1555 1918 1601; x_wconf 82' lang='lat' dir='ltr'>communionem</span> 
     </span>
     <span class='ocr_line' id='line_1_19' title="bbox 136 1639 1915 1698; baseline 0.001 -15"><span class='ocrx_word' id='word_1_146' title='bbox 136 1653 240 1684; x_wconf 89' lang='lat' dir='ltr'>cum</span> <span class='ocrx_word' id='word_1_147' title='bbox 275 1639 478 1698; x_wconf 89' lang='lat' dir='ltr'>Capitulo</span> <span class='ocrx_word' id='word_1_148' title='bbox 512 1644 558 1684; x_wconf 89' lang='lat' dir='ltr'>et</span> <span class='ocrx_word' id='word_1_149' title='bbox 590 1639 655 1684; x_wconf 92' lang='lat' dir='ltr'>sic</span> <span class='ocrx_word' id='word_1_150' title='bbox 690 1653 781 1684; x_wconf 89' lang='lat' dir='ltr'>non</span> <span class='ocrx_word' id='word_1_151' title='bbox 816 1639 988 1696; x_wconf 88' lang='lat' dir='ltr'>indiget</span> <span class='ocrx_word' id='word_1_152' title='bbox 1021 1639 1119 1684; x_wconf 88' lang='lat' dir='ltr'>eius</span> <span class='ocrx_word' id='word_1_153' title='bbox 1162 1641 1233 1684; x_wconf 91' lang='lat' dir='ltr'>vel</span> <span class='ocrx_word' id='word_1_154' title='bbox 1277 1653 1504 1684; x_wconf 88' lang='lat' dir='ltr'>consensu</span> <span class='ocrx_word' id='word_1_155' title='bbox 1551 1641 1623 1684; x_wconf 66' lang='lat' dir='ltr'>vel</span> <span class='ocrx_word' id='word_1_156' title='bbox 1666 1639 1856 1684; x_wconf 91' lang='lat' dir='ltr'>consilio</span> <span class='ocrx_word' id='word_1_157' title='bbox 1880 1640 1915 1684; x_wconf 78' lang='lat'>¹³.</span> 
     </span>
    </p>
   </div>
   <div class='ocr_carea' id='block_1_4' title="bbox 861 1809 1182 1838">
    <p class='ocr_par' dir='ltr' id='par_1_6' title="bbox 861 1809 1182 1838">
     <span class='ocr_line' id='line_1_20' title="bbox 861 1809 1182 1838; baseline 0 -1"><span class='ocrx_word' id='word_1_158' title='bbox 861 1809 1093 1838; x_wconf 77' lang='lat' dir='ltr'>ARTICULUS</span> <span class='ocrx_word' id='word_1_159' title='bbox 1127 1810 1182 1838; x_wconf 81' lang='lat' dir='ltr'>IV.</span> 
     </span>
    </p>
   </div>
   <div class='ocr_carea' id='block_1_5' title="bbox 385 1901 1674 2042">
    <p class='ocr_par' dir='ltr' id='par_1_7' title="bbox 385 1901 1674 2042">
     <span class='ocr_line' id='line_1_21' title="bbox 385 1901 1674 1957; baseline 0.002 -14"><span class='ocrx_word' id='word_1_160' title='bbox 385 1903 445 1944; x_wconf 81' lang='lat' dir='ltr'>De</span> <span class='ocrx_word' id='word_1_161' title='bbox 478 1901 705 1944; x_wconf 66' lang='lat' dir='ltr'>relat-[one</span> <span class='ocrx_word' id='word_1_162' title='bbox 743 1901 945 1957; x_wconf 69' lang='lat' dir='ltr'>Capituli</span> <span class='ocrx_word' id='word_1_163' title='bbox 969 1914 1076 1945; x_wconf 73' lang='lat' dir='ltr'>cam</span> <span class='ocrx_word' id='word_1_164' title='bbox 1114 1903 1310 1945; x_wconf 75' lang='lat' dir='ltr'>Dioecesi</span> <span class='ocrx_word' id='word_1_165' title='bbox 1339 1902 1443 1945; x_wconf 78' lang='lat' dir='ltr'>sede</span> <span class='ocrx_word' id='word_1_166' title='bbox 1475 1907 1674 1947; x_wconf 75' lang='lat' dir='ltr'>vacante</span> 
     </span>
     <span class='ocr_line' id='line_1_22' title="bbox 539 1985 1498 2042; baseline 0.001 -14"><span class='ocrx_word' id='word_1_167' title='bbox 539 1991 580 2028; x_wconf 76' lang='lat' dir='ltr'>ec</span> <span class='ocrx_word' id='word_1_168' title='bbox 608 1986 866 2041; x_wconf 70' lang='lat' dir='ltr'>praecipue</span> <span class='ocrx_word' id='word_1_169' title='bbox 898 1985 953 2028; x_wconf 82' lang='lat' dir='ltr'>de</span> <span class='ocrx_word' id='word_1_170' title='bbox 996 1987 1175 2029; x_wconf 77' lang='lat' dir='ltr'>Vicarz&#39;o</span> <span class='ocrx_word' id='word_1_171' title='bbox 1220 1986 1498 2042; x_wconf 71' lang='lat' dir='ltr'>Capitulari.</span> 
     </span>
    </p>
   </div>
   <div class='ocr_carea' id='block_1_6' title="bbox 136 2115 1920 2344">
    <p class='ocr_par' dir='ltr' id='par_1_8' title="bbox 136 2115 1920 2344">
     <span class='ocr_line' id='line_1_23' title="bbox 257 2115 1920 2178; baseline 0.004 -20"><span class='ocrx_word' id='word_1_172' title='bbox 257 2115 356 2159; x_wconf 70' lang='lat'>504.</span> <span class='ocrx_word' id='word_1_173' title='bbox 385 2116 441 2159; x_wconf 58' lang='lat' dir='ltr'>[sst</span> <span class='ocrx_word' id='word_1_174' title='bbox 460 2116 659 2172; x_wconf 91' lang='lat' dir='ltr'>primum</span> <span class='ocrx_word' id='word_1_175' title='bbox 683 2116 811 2160; x_wconf 90' lang='lat' dir='ltr'>sedes</span> <span class='ocrx_word' id='word_1_176' title='bbox 834 2116 1101 2175; x_wconf 89' lang='lat' dir='ltr'>episcopalis</span> <span class='ocrx_word' id='word_1_177' title='bbox 1125 2122 1262 2162; x_wconf 86' lang='lat' dir='ltr'>vacat</span> <span class='ocrx_word' id='word_1_178' title='bbox 1284 2117 1381 2162; x_wconf 87' lang='lat' dir='ltr'>sive</span> <span class='ocrx_word' id='word_1_179' title='bbox 1407 2132 1484 2175; x_wconf 92' lang='lat' dir='ltr'>per</span> <span class='ocrx_word' id='word_1_180' title='bbox 1502 2118 1696 2174; x_wconf 90' lang='lat' dir='ltr'>obitum,</span> <span class='ocrx_word' id='word_1_181' title='bbox 1717 2121 1815 2164; x_wconf 89' lang='lat' dir='ltr'>sive</span> <span class='ocrx_word' id='word_1_182' title='bbox 1840 2134 1920 2178; x_wconf 85' lang='lat' dir='ltr'>per</span> 
     </span>
     <span class='ocr_line' id='line_1_24' title="bbox 138 2198 1914 2261; baseline 0.004 -20"><span class='ocrx_word' id='word_1_183' title='bbox 138 2198 555 2254; x_wconf 84' lang='lat' dir='ltr'>renunciationem,</span> <span class='ocrx_word' id='word_1_184' title='bbox 590 2199 688 2244; x_wconf 86' lang='lat' dir='ltr'>sive</span> <span class='ocrx_word' id='word_1_185' title='bbox 723 2214 802 2258; x_wconf 93' lang='lat' dir='ltr'>per</span> <span class='ocrx_word' id='word_1_186' title='bbox 835 2201 1184 2246; x_wconf 86' lang='lat' dir='ltr'>translationem</span> <span class='ocrx_word' id='word_1_187' title='bbox 1231 2201 1435 2260; x_wconf 90' lang='lat' dir='ltr'>Episcopi</span> <span class='ocrx_word' id='word_1_188' title='bbox 1460 2202 1493 2256; x_wconf 70' lang='lat'>¹⁶,</span> <span class='ocrx_word' id='word_1_189' title='bbox 1529 2202 1626 2246; x_wconf 90' lang='lat' dir='ltr'>eius</span> <span class='ocrx_word' id='word_1_190' title='bbox 1659 2201 1755 2248; x_wconf 82' lang='lat' dir='ltr'>tota</span> <span class='ocrx_word' id='word_1_191' title='bbox 1791 2208 1914 2261; x_wconf 90' lang='lat' dir='ltr'>pote-</span> 
     </span>
     <span class='ocr_line' id='line_1_25' title="bbox 136 2282 1912 2344; baseline 0.003 -18"><span class='ocrx_word' id='word_1_192' title='bbox 136 2284 228 2326; x_wconf 90' lang='lat' dir='ltr'>stas</span> <span class='ocrx_word' id='word_1_193' title='bbox 260 2282 358 2327; x_wconf 83' lang='lat' dir='ltr'>sive</span> <span class='ocrx_word' id='word_1_194' title='bbox 391 2282 620 2327; x_wconf 87' lang='lat' dir='ltr'>ordinaria</span> <span class='ocrx_word' id='word_1_195' title='bbox 654 2283 751 2327; x_wconf 87' lang='lat' dir='ltr'>sive</span> <span class='ocrx_word' id='word_1_196' title='bbox 784 2283 988 2341; x_wconf 85' lang='lat' dir='ltr'>delegata</span> <span class='ocrx_word' id='word_1_197' title='bbox 1022 2298 1047 2328; x_wconf 90' lang='lat' dir='ltr'>a</span> <span class='ocrx_word' id='word_1_198' title='bbox 1082 2284 1178 2328; x_wconf 90' lang='lat' dir='ltr'>iure</span> <span class='ocrx_word' id='word_1_199' title='bbox 1217 2286 1326 2341; x_wconf 85' lang='lat' dir='ltr'>(non</span> <span class='ocrx_word' id='word_1_200' title='bbox 1363 2299 1473 2330; x_wconf 91' lang='lat' dir='ltr'>vero</span> <span class='ocrx_word' id='word_1_201' title='bbox 1505 2286 1742 2344; x_wconf 89' lang='lat' dir='ltr'>speciatim</span> <span class='ocrx_word' id='word_1_202' title='bbox 1784 2302 1912 2332; x_wconf 89' lang='lat' dir='ltr'>man-</span> 
     </span>
    </p>
   </div>
   <div class='ocr_carea' id='block_1_7' title="bbox 138 2423 1923 3116">
    <p class='ocr_par' dir='ltr' id='par_1_9' title="bbox 257 2423 990 2469">
     <span class='ocr_line' id='line_1_26' title="bbox 257 2423 990 2469; baseline 0.004 -11"><span class='ocrx_word' id='word_1_203' title='bbox 257 2423 265 2441; x_wconf 86' lang='grc'>’·</span> <span class='ocrx_word' id='word_1_204' title='bbox 294 2423 344 2459; x_wconf 84' lang='lat' dir='ltr'>Cf.</span> <span class='ocrx_word' id='word_1_205' title='bbox 371 2435 417 2460; x_wconf 74' lang='lat' dir='ltr'>nn</span> <span class='ocrx_word' id='word_1_206' title='bbox 436 2425 538 2460; x_wconf 73' lang='lat' dir='ltr'>LUCA</span> <span class='ocrx_word' id='word_1_207' title='bbox 564 2425 718 2469; x_wconf 84' lang='lat' dir='ltr'>discept.</span> <span class='ocrx_word' id='word_1_208' title='bbox 746 2425 759 2459; x_wconf 96' lang='grc' dir='ltr'>Ι</span> <span class='ocrx_word' id='word_1_209' title='bbox 787 2425 828 2461; x_wconf 82' lang='lat' dir='ltr'>de</span> <span class='ocrx_word' id='word_1_210' title='bbox 857 2424 990 2461; x_wconf 76' lang='lat' dir='ltr'>Canon.</span> 
     </span>
    </p>

    <p class='ocr_par' dir='ltr' id='par_1_10' title="bbox 257 2494 998 2543">
     <span class='ocr_line' id='line_1_27' title="bbox 257 2494 998 2543; baseline 0.003 -13"><span class='ocrx_word' id='word_1_211' title='bbox 257 2495 269 2512; x_wconf 77' lang='lat'>²</span> <span class='ocrx_word' id='word_1_212' title='bbox 297 2495 392 2531; x_wconf 88' lang='lat' dir='ltr'>Trid.</span> <span class='ocrx_word' id='word_1_213' title='bbox 420 2494 516 2532; x_wconf 88' lang='lat' dir='ltr'>Sess.</span> <span class='ocrx_word' id='word_1_214' title='bbox 543 2495 588 2540; x_wconf 90' lang='lat' dir='ltr'>V,</span> <span class='ocrx_word' id='word_1_215' title='bbox 616 2495 702 2541; x_wconf 84' lang='lat' dir='ltr'>Cap.</span> <span class='ocrx_word' id='word_1_216' title='bbox 730 2496 744 2531; x_wconf 95' lang='lat' dir='ltr'>I</span> <span class='ocrx_word' id='word_1_217' title='bbox 771 2497 812 2533; x_wconf 82' lang='lat' dir='ltr'>de</span> <span class='ocrx_word' id='word_1_218' title='bbox 838 2497 998 2543; x_wconf 84' lang='lat' dir='ltr'>Reform.</span> 
     </span>
    </p>

    <p class='ocr_par' dir='ltr' id='par_1_11' title="bbox 257 2565 1477 2612">
     <span class='ocr_line' id='line_1_28' title="bbox 257 2565 1477 2612; baseline 0.004 -11"><span class='ocrx_word' id='word_1_219' title='bbox 257 2565 269 2584; x_wconf 83' lang='lat'>³</span> <span class='ocrx_word' id='word_1_220' title='bbox 295 2565 498 2602; x_wconf 74' lang='lat' dir='ltr'>FAGNANus</span> <span class='ocrx_word' id='word_1_221' title='bbox 526 2567 562 2602; x_wconf 91' lang='lat' dir='ltr'>in</span> <span class='ocrx_word' id='word_1_222' title='bbox 589 2567 672 2612; x_wconf 86' lang='lat' dir='ltr'>Cap.</span> <span class='ocrx_word' id='word_1_223' title='bbox 705 2568 757 2602; x_wconf 77' lang='lat' dir='ltr'>Ad</span> <span class='ocrx_word' id='word_1_224' title='bbox 783 2568 1004 2604; x_wconf 73' lang='lat' dir='ltr'>audientiam</span> <span class='ocrx_word' id='word_1_225' title='bbox 1030 2568 1074 2606; x_wconf 87' lang='lat' dir='ltr'>de</span> <span class='ocrx_word' id='word_1_226' title='bbox 1101 2568 1198 2605; x_wconf 86' lang='lat' dir='ltr'>Eccl.</span> <span class='ocrx_word' id='word_1_227' title='bbox 1226 2569 1331 2605; x_wconf 77' lang='lat' dir='ltr'>aedis.</span> <span class='ocrx_word' id='word_1_228' title='bbox 1359 2580 1393 2605; x_wconf 91' lang='lat' dir='ltr'>n.</span> <span class='ocrx_word' id='word_1_229' title='bbox 1421 2570 1477 2606; x_wconf 83' lang='lat'>55.</span> 
     </span>
    </p>

    <p class='ocr_par' dir='ltr' id='par_1_12' title="bbox 138 2635 1923 3116">
     <span class='ocr_line' id='line_1_29' title="bbox 255 2635 1923 2686; baseline 0.003 -13"><span class='ocrx_word' id='word_1_230' title='bbox 255 2635 269 2655; x_wconf 68' lang='lat'>⁵</span> <span class='ocrx_word' id='word_1_231' title='bbox 294 2636 387 2673; x_wconf 85' lang='lat' dir='ltr'>Sede</span> <span class='ocrx_word' id='word_1_232' title='bbox 413 2638 601 2682; x_wconf 84' lang='lat' dir='ltr'>impedita,</span> <span class='ocrx_word' id='word_1_233' title='bbox 628 2649 694 2675; x_wconf 86' lang='lat' dir='ltr'>seu</span> <span class='ocrx_word' id='word_1_234' title='bbox 720 2648 802 2675; x_wconf 85' lang='lat' dir='ltr'>cum</span> <span class='ocrx_word' id='word_1_235' title='bbox 832 2640 1037 2685; x_wconf 84' lang='lat' dir='ltr'>Episcopus</span> <span class='ocrx_word' id='word_1_236' title='bbox 1064 2640 1210 2676; x_wconf 89' lang='lat' dir='ltr'>vinculo</span> <span class='ocrx_word' id='word_1_237' title='bbox 1237 2650 1326 2676; x_wconf 84' lang='lat' dir='ltr'>suae</span> <span class='ocrx_word' id='word_1_238' title='bbox 1351 2641 1538 2677; x_wconf 85' lang='lat' dir='ltr'>Ecclesiae</span> <span class='ocrx_word' id='word_1_239' title='bbox 1577 2651 1652 2677; x_wconf 93' lang='lat' dir='ltr'>non</span> <span class='ocrx_word' id='word_1_240' title='bbox 1690 2642 1839 2686; x_wconf 84' lang='lat' dir='ltr'>quidem</span> <span class='ocrx_word' id='word_1_241' title='bbox 1866 2652 1923 2678; x_wconf 93' lang='lat' dir='ltr'>so-</span> 
     </span>
     <span class='ocr_line' id='line_1_30' title="bbox 139 2708 1919 2760; baseline 0.004 -16"><span class='ocrx_word' id='word_1_242' title='bbox 139 2708 247 2754; x_wconf 87' lang='lat' dir='ltr'>lutus,</span> <span class='ocrx_word' id='word_1_243' title='bbox 275 2710 338 2746; x_wconf 86' lang='lat' dir='ltr'>sed</span> <span class='ocrx_word' id='word_1_244' title='bbox 358 2714 479 2747; x_wconf 86' lang='lat' dir='ltr'>tamen</span> <span class='ocrx_word' id='word_1_245' title='bbox 505 2711 539 2747; x_wconf 91' lang='lat' dir='ltr'>vi</span> <span class='ocrx_word' id='word_1_246' title='bbox 566 2716 720 2748; x_wconf 82' lang='lat' dir='ltr'>externa</span> <span class='ocrx_word' id='word_1_247' title='bbox 747 2712 944 2758; x_wconf 83' lang='lat' dir='ltr'>impeditus</span> <span class='ocrx_word' id='word_1_248' title='bbox 972 2717 1027 2749; x_wconf 89' lang='lat' dir='ltr'>est</span> <span class='ocrx_word' id='word_1_249' title='bbox 1057 2713 1093 2748; x_wconf 91' lang='lat' dir='ltr'>in</span> <span class='ocrx_word' id='word_1_250' title='bbox 1121 2724 1188 2749; x_wconf 86' lang='lat' dir='ltr'>suo</span> <span class='ocrx_word' id='word_1_251' title='bbox 1217 2723 1367 2750; x_wconf 87' lang='lat' dir='ltr'>munere</span> <span class='ocrx_word' id='word_1_252' title='bbox 1394 2714 1611 2757; x_wconf 83' lang='lat' dir='ltr'>exercendo,</span> <span class='ocrx_word' id='word_1_253' title='bbox 1631 2715 1839 2760; x_wconf 84' lang='lat' dir='ltr'>Capitulum</span> <span class='ocrx_word' id='word_1_254' title='bbox 1858 2726 1919 2752; x_wconf 91' lang='lat' dir='ltr'>ne-</span> 
     </span>
     <span class='ocr_line' id='line_1_31' title="bbox 139 2781 1920 2834; baseline 0.003 -16"><span class='ocrx_word' id='word_1_255' title='bbox 139 2781 217 2827; x_wconf 84' lang='lat' dir='ltr'>quit</span> <span class='ocrx_word' id='word_1_256' title='bbox 242 2781 429 2818; x_wconf 81' lang='lat' dir='ltr'>vicarium</span> <span class='ocrx_word' id='word_1_257' title='bbox 456 2783 702 2829; x_wconf 84' lang='lat' dir='ltr'>Capitularem</span> <span class='ocrx_word' id='word_1_258' title='bbox 727 2784 966 2829; x_wconf 85' lang='lat' dir='ltr'>constituere,</span> <span class='ocrx_word' id='word_1_259' title='bbox 996 2785 1030 2820; x_wconf 91' lang='lat' dir='ltr'>id</span> <span class='ocrx_word' id='word_1_260' title='bbox 1060 2785 1242 2831; x_wconf 77' lang='lat' dir='ltr'>siquidem</span> <span class='ocrx_word' id='word_1_261' title='bbox 1263 2786 1409 2822; x_wconf 88' lang='lat' dir='ltr'>nonnisi</span> <span class='ocrx_word' id='word_1_262' title='bbox 1429 2787 1611 2832; x_wconf 86' lang='lat' dir='ltr'>dirempto</span> <span class='ocrx_word' id='word_1_263' title='bbox 1630 2787 1812 2832; x_wconf 78' lang='lat' dir='ltr'>spirituali</span> <span class='ocrx_word' id='word_1_264' title='bbox 1833 2789 1920 2834; x_wconf 87' lang='lat' dir='ltr'>Epi-</span> 
     </span>
     <span class='ocr_line' id='line_1_32' title="bbox 139 2852 1919 2903; baseline 0.004 -16"><span class='ocrx_word' id='word_1_265' title='bbox 139 2852 242 2899; x_wconf 86' lang='lat' dir='ltr'>scopi</span> <span class='ocrx_word' id='word_1_266' title='bbox 268 2862 352 2889; x_wconf 88' lang='lat' dir='ltr'>cum</span> <span class='ocrx_word' id='word_1_267' title='bbox 379 2863 447 2890; x_wconf 88' lang='lat' dir='ltr'>sua</span> <span class='ocrx_word' id='word_1_268' title='bbox 472 2854 639 2890; x_wconf 83' lang='lat' dir='ltr'>Ecclesia</span> <span class='ocrx_word' id='word_1_269' title='bbox 665 2854 840 2900; x_wconf 84' lang='lat' dir='ltr'>coniugio</span> <span class='ocrx_word' id='word_1_270' title='bbox 871 2855 948 2891; x_wconf 79' lang='lat' dir='ltr'>fieri</span> <span class='ocrx_word' id='word_1_271' title='bbox 976 2855 1096 2893; x_wconf 88' lang='lat' dir='ltr'>debet.</span> <span class='ocrx_word' id='word_1_272' title='bbox 1125 2856 1166 2892; x_wconf 92' lang='lat' dir='ltr'>In</span> <span class='ocrx_word' id='word_1_273' title='bbox 1195 2866 1268 2893; x_wconf 91' lang='lat' dir='ltr'>uno</span> <span class='ocrx_word' id='word_1_274' title='bbox 1295 2857 1449 2902; x_wconf 84' lang='lat' dir='ltr'>speciali</span> <span class='ocrx_word' id='word_1_275' title='bbox 1477 2867 1565 2893; x_wconf 88' lang='lat' dir='ltr'>casu</span> <span class='ocrx_word' id='word_1_276' title='bbox 1593 2857 1813 2903; x_wconf 79' lang='lat' dir='ltr'>Capitulum,</span> <span class='ocrx_word' id='word_1_277' title='bbox 1833 2859 1919 2895; x_wconf 90' lang='lat' dir='ltr'>sede</span> 
     </span>
     <span class='ocr_line' id='line_1_33' title="bbox 139 2919 1923 2972; baseline 0.004 -15"><span class='ocrx_word' id='word_1_278' title='bbox 139 2919 324 2967; x_wconf 86' lang='lat' dir='ltr'>impedita,</span> <span class='ocrx_word' id='word_1_279' title='bbox 352 2923 542 2960; x_wconf 80' lang='lat' dir='ltr'>vicarium</span> <span class='ocrx_word' id='word_1_280' title='bbox 569 2925 793 2961; x_wconf 82' lang='lat' dir='ltr'>constituere</span> <span class='ocrx_word' id='word_1_281' title='bbox 819 2925 938 2968; x_wconf 86' lang='lat' dir='ltr'>debet,</span> <span class='ocrx_word' id='word_1_282' title='bbox 967 2925 1110 2962; x_wconf 81' lang='lat' dir='ltr'>scilicet</span> <span class='ocrx_word' id='word_1_283' title='bbox 1138 2935 1222 2962; x_wconf 87' lang='lat' dir='ltr'>cum</span> <span class='ocrx_word' id='word_1_284' title='bbox 1253 2926 1458 2972; x_wconf 87' lang='lat' dir='ltr'>Episcopus</span> <span class='ocrx_word' id='word_1_285' title='bbox 1485 2936 1506 2963; x_wconf 87' lang='lat' dir='ltr'>a</span> <span class='ocrx_word' id='word_1_286' title='bbox 1532 2928 1689 2972; x_wconf 85' lang='lat' dir='ltr'>paganis</span> <span class='ocrx_word' id='word_1_287' title='bbox 1716 2927 1772 2964; x_wconf 86' lang='lat' dir='ltr'>vel</span> <span class='ocrx_word' id='word_1_288' title='bbox 1808 2928 1923 2965; x_wconf 89' lang='lat' dir='ltr'>schis-</span> 
     </span>
     <span class='ocr_line' id='line_1_34' title="bbox 138 2994 1920 3042; baseline 0.004 -13"><span class='ocrx_word' id='word_1_289' title='bbox 138 2994 281 3031; x_wconf 87' lang='lat' dir='ltr'>maticis</span> <span class='ocrx_word' id='word_1_290' title='bbox 308 2995 364 3031; x_wconf 92' lang='lat' dir='ltr'>vel</span> <span class='ocrx_word' id='word_1_291' title='bbox 390 2995 586 3032; x_wconf 83' lang='lat' dir='ltr'>haereticis</span> <span class='ocrx_word' id='word_1_292' title='bbox 612 3001 742 3042; x_wconf 86' lang='lat' dir='ltr'>captus</span> <span class='ocrx_word' id='word_1_293' title='bbox 768 3001 835 3033; x_wconf 85' lang='lat' dir='ltr'>est.</span> <span class='ocrx_word' id='word_1_294' title='bbox 862 2997 933 3034; x_wconf 88' lang='lat' dir='ltr'>Sed</span> <span class='ocrx_word' id='word_1_295' title='bbox 960 2998 1085 3034; x_wconf 87' lang='lat' dir='ltr'>statim</span> <span class='ocrx_word' id='word_1_296' title='bbox 1113 2998 1287 3034; x_wconf 89' lang='lat' dir='ltr'>Summus</span> <span class='ocrx_word' id='word_1_297' title='bbox 1326 2998 1496 3035; x_wconf 82' lang='lat' dir='ltr'>Pontifex</span> <span class='ocrx_word' id='word_1_298' title='bbox 1536 3007 1579 3034; x_wconf 84' lang='lat' dir='ltr'>ea</span> <span class='ocrx_word' id='word_1_299' title='bbox 1617 2999 1662 3035; x_wconf 81' lang='lat' dir='ltr'>de</span> <span class='ocrx_word' id='word_1_300' title='bbox 1700 3009 1738 3035; x_wconf 88' lang='lat' dir='ltr'>re</span> <span class='ocrx_word' id='word_1_301' title='bbox 1778 3000 1920 3036; x_wconf 82' lang='lat' dir='ltr'>moneri</span> 
     </span>
     <span class='ocr_line' id='line_1_35' title="bbox 139 3065 1917 3116; baseline 0.003 -13"><span class='ocrx_word' id='word_1_302' title='bbox 139 3065 258 3110; x_wconf 84' lang='lat' dir='ltr'>debet,</span> <span class='ocrx_word' id='word_1_303' title='bbox 285 3067 347 3114; x_wconf 87' lang='lat' dir='ltr'>qui</span> <span class='ocrx_word' id='word_1_304' title='bbox 373 3071 436 3105; x_wconf 83' lang='lat' dir='ltr'>aut</span> <span class='ocrx_word' id='word_1_305' title='bbox 464 3069 653 3106; x_wconf 82' lang='lat' dir='ltr'>vicarium</span> <span class='ocrx_word' id='word_1_306' title='bbox 678 3079 700 3105; x_wconf 85' lang='lat' dir='ltr'>a</span> <span class='ocrx_word' id='word_1_307' title='bbox 726 3069 894 3116; x_wconf 87' lang='lat' dir='ltr'>Capitulo</span> <span class='ocrx_word' id='word_1_308' title='bbox 922 3070 1140 3115; x_wconf 85' lang='lat' dir='ltr'>deputatum</span> <span class='ocrx_word' id='word_1_309' title='bbox 1166 3069 1413 3115; x_wconf 82' lang='lat' dir='ltr'>confirmabit,</span> <span class='ocrx_word' id='word_1_310' title='bbox 1440 3076 1504 3108; x_wconf 84' lang='lat' dir='ltr'>aut</span> <span class='ocrx_word' id='word_1_311' title='bbox 1529 3071 1643 3108; x_wconf 86' lang='lat' dir='ltr'>alium</span> <span class='ocrx_word' id='word_1_312' title='bbox 1682 3071 1917 3109; x_wconf 81' lang='lat' dir='ltr'>administra-</span> 
     </span>
    </p>
   </div>
  </div>
 </body>
</html>
