2176 3386
349 23 385 38 μ
418 0 651 33 wan-svm

513 208 642 236 LIBER
671 208 694 235 1.
726 207 782 234 DE
813 206 950 235 REBUS
979 203 1216 233 ECCLESIAE
1244 186 1571 232 spffllT'UALlssus
1882 189 1932 230 61

151 319 337 375 ceptum
383 314 658 369 confitendi,
704 313 776 358 vel
814 312 1065 358 necessitas
1110 310 1371 357 celebrandi
1413 310 1470 356 ad
1504 309 1748 354 vitandum
1795 323 1936 367 grave

150 398 452 455 scandalum,
487 400 566 441 aut
598 395 871 452 infamiam;
921 394 1089 454 alioqui
1123 392 1362 438 adeundus
1403 396 1473 437 est
1509 375 1626 436 alius
1667 391 1933 445 confessor,

156 482 227 525 vel
261 480 511 525 differenda
544 478 788 534 confessio,
823 477 858 523 si
893 476 1134 522 commode
1166 475 1338 520 differri
1371 479 1525 534 queat.
1564 478 1679 519 Item
1703 474 1739 519 si
1763 473 1941 518 infirmi>

156 565 248 609 vita
284 563 600 623 periclitentur
634 563 677 606 in
711 561 985 607 accuratiori
1019 558 1672 619 peccatorumdeclaratione,
1700 558 1773 603 vel
1805 557 1842 603 si
1868 558 1934 602 in-

155 653 280 706 tegra
323 647 549 692 confessio
596 645 846 690 laborantis
893 644 1052 689 morbo
1085 643 1218 688 valde
1257 643 1523 701 contagioso
1556 656 1581 686 a
1616 643 1748 700 longe
1790 642 1937 687 audiri

156 735 370 791 nequeat,
408 745 491 775 nec
526 743 662 788 prope
694 729 793 773 sine
828 727 1028 786 periculo
1063 727 1272 785 proximo
1307 725 1468 771 mortis
1500 725 1790 781 confessoris,
1829 731 1938 771 tunc

153 815 379 874 siquidem
414 813 571 859 audito
604 827 695 857 uno
728 817 808 857 aut
840 813 983 856 altero
1017 816 1220 868 peccato,
1248 814 1395 869 potest
1429 809 1620 855 absolvi.
1659 811 1716 854 At
1743 824 1938 867 magnus

159 898 307 958 populi
343 911 624 951 concursus,
660 895 732 940 die
775 895 1112 952 Indulgentiae,
1150 895 1223 939 vel
1263 893 1556 950 festivitatis,
1592 898 1643 938 ut
1679 895 1935 950 Paschatis,

158 996 236 1040 per
267 995 313 1026 se
349 979 548 1039 praecise
582 993 673 1024 non
708 982 900 1023 excusat
932 978 989 1022 ab
1026 976 1290 1035 integritate
1325 977 1652 1033 confessionis;
1687 977 1793 1037 quia
1827 981 1940 1024 tunc

158 1079 249 1109 non
284 1064 411 1108 adest
443 1062 674 1108 sufficiens
697 1061 947 1107 necessitas
966 1060 1277 1105 dimidiandae
1306 1059 1628 1105 confessionis:
1665 1064 1711 1104 et
1746 1061 1938 1105 maximi

160 1147 265 1192 inde
297 1148 465 1192 abusus
497 1160 549 1190 ac
584 1159 748 1203 magna
783 1143 1076 1189 incommoda
1110 1143 1356 1188 orirentur.
1394 1144 1512 1188 Hinc
1545 1143 1845 1188 Innocentius
1885 1148 1940 1189 :ss

157 1231 400 1277 damnavit
433 1231 551 1275 hanc
587 1228 971 1288 propositionem:
1013 1230 1130 1271 Licet
1161 1227 1575 1271 sacramentaliter
1608 1211 1840 1272 absolvere
1873 1229 1940 1272 di-

158 1317 350 1361 micliate
381 1314 632 1372 confessos,
669 1315 853 1357 ratione
898 1314 1065 1368 maqni
1101 1325 1352 1355 concursus
1391 1313 1753 1368 poenitenteum,
1789 1313 1943 1370 qualis

158 1415 228 1444 eae.
263 1412 336 1457 qr.
368 1403 508 1455 potest
551 1398 821 1452 concluyere
853 1397 903 1439 iu
937 1395 1010 1439 die
1043 1396 1245 1438 al‘lcut'us
1289 1406 1496 1452 tnayuae
1537 1393 1823 1452 festivitates,
1860 1404 1943 1442 aut

159 1483 500 1541 indulgentiae.

279 1566 511 1611 Confessio
545 1562 892 1608 sacramentalis
926 1562 1102 1619 integra
1137 1562 1338 1620 exigitur
1369 1578 1393 1606 a
1429 1576 1516 1607 neo
1549 1563 1802 1620 conversis,
1835 1578 1941 1609 cum

161 1652 245 1697 snb
277 1649 539 1695 conditione
574 1647 918 1707 rebaptizantur
943 1648 972 1690 ¹.

282 1735 382 1778 721.
419 1737 628 1779 Ceterum
665 1745 770 1776 cum
805 1731 851 1775 in
885 1730 1173 1776 confessione
1206 1730 1431 1775 audienda
1467 1731 1684 1776 Sacerdos
1724 1735 1771 1776 et
1806 1732 1945 1776 medi-

161 1832 267 1862 cum
302 1830 435 1874 agere
468 1816 630 1859 debeat
662 1818 707 1858 et
740 1813 954 1869 iudicem,
990 1813 1125 1858 debet
1158 1812 1327 1857 idcirco
1359 1813 1567 1858 omnium
1604 1815 1803 1872 primum
1844 1829 1944 1874 pec-

163 1901 331 1947 catoris
363 1904 407 1944 et
443 1898 615 1958 peccati
649 1899 1022 1943 circumstantias
1044 1911 1337 1955 cognoscere,
1363 1901 1414 1941 ut
1448 1902 1571 1942 recte
1601 1897 1772 1943 iudicet
1804 1903 1946 1958 utque

164 1989 419 2043 opportune
451 1996 503 2027 ac
537 1981 779 2026 salubriter
812 1981 1066 2026 medeatur.
1104 1985 1253 2033 Quare
1286 1981 1320 2025 si
1357 1981 1598 2039 poenitens
1622 1996 1866 2027 numerum
1902 1988 1948 2028 et

160 2070 336 2129 species
368 2072 414 2113 et
446 2066 820 2113 circumstantias
853 2066 1156 2110 immutantes
1188 2065 1362 2124 species
1395 2080 1488 2111 non
1522 2069 1814 2124 expresserit,
1840 2081 1946 2111 eum

167 2152 383 2198 Sacerdos
416 2151 664 2210 prudenter
697 2149 963 2206 interroget.
1017 2153 1271 2204 Interroget
1309 2148 1448 2193 etiam
1482 2149 1536 2193 de
1571 2149 1639 2193 his
1672 2163 1789 2207 quae
1823 2150 1947 2206 igno-

167 2248 272 2279 rans
308 2238 427 2279 tacet
460 2247 603 2292 eoque
639 2231 782 2290 magis
813 2233 867 2276 de
901 2230 971 2287 iis,
1006 2245 1123 2291 quae
1157 2246 1236 2290 per
1267 2231 1597 2289 negligentiam
1621 2235 1702 2276 aut
1726 2245 1948 2276 verecun-

163 2318 288 2362 diam
329 2317 556 2362 omittit?
610 2318 691 2361 Sed
736 2316 781 2360 in
828 2316 1170 2374 poenitentibus
1220 2315 1556 2372 interrogandis
1602 2314 1949 2372 diligentissime

167 2401 347 2453 caveat,
371 2403 471 2442 tum
506 2412 562 2442 ne
585 2396 811 2454 irrogetur
845 2397 932 2440 ulla
958 2399 1254 2440 Sacramento
1279 2394 1444 2439 iniuria
1469 2399 1710 2452 peccatum
1734 2395 1947 2449 tacendo,

167 2486 266 2525 tum
303 2495 359 2525 ne
393 2485 548 2539 aperte
582 2480 721 2525 nimis
752 2479 1095 2537 interrogando,
1132 2492 1281 2523 novae
1315 2478 1657 2536 poenitentibus
1680 2477 1950 2536 ingerantur

171 2565 404 2621 malitiae,
441 2565 708 2624 praesertim
742 2565 776 2609 si
811 2565 866 2611 de
915 2563 1183 2610 mulieribus
1230 2567 1310 2608 aut
1356 2563 1722 2608 adolescentibus
1769 2567 1947 2622 agatur.

169 2648 298 2702 Quod
331 2647 366 2692 si
402 2648 642 2707 poenitens
689 2647 862 2693 socium
913 2647 1121 2692 criminis
1158 2647 1356 2702 habeat,
1393 2648 1522 2692 nefas
1559 2651 1629 2691 est
1665 2646 1951 2692 Confessario

170 2731 305 2776 huius
338 2745 507 2775 nomen
541 2735 622 2775 aut
653 2730 842 2775 domum
875 2729 1134 2789 exquirere,
1172 2730 1407 2788 multoque
1442 2729 1585 2787 magis
1632 2728 1949 2787 poenitentem

167 2814 227 2858 ad
262 2815 372 2859 llaec
406 2814 651 2859 revelanda
685 2814 974 2872 compellere.
1022 2818 1168 2868 Quam
1212 2811 1395 2871 quidem
1437 2811 1616 2870 praxim
1651 2812 1815 2857 Bened.
1854 2815 1952 2857 xlv

291 3001 299 3020 ¹
330 3002 365 3038 S.
390 3002 522 3049 Congr.
550 3002 583 3039 S.
612 3002 652 3039 Ο.
681 3003 722 3038 17
752 3003 844 3040 lunii
873 3002 975 3045 1715,
1003 3002 1044 3038 17
1072 3002 1284 3039 decembris
1312 3000 1413 3038 1868.
1440 3000 1589 3038 Collect.
1616 3009 1652 3036 n,
1678 2999 1758 3037 955.

291 3073 303 3092 ²
329 3073 463 3111 Bened.
491 3073 588 3117 XIV,
615 3074 739 3111 Const.
769 3075 1040 3111 Sacramentum
1058 3073 1307 3110 Paenitentiae.
