2176 3386
0 3312 15 3386 ΠΨ*-
9 3214 16 3242 -,

457 0 1075 30 ⁸⁷.·-'·;‘.”·÷u⁷i*‘2··:⁴·=·=·z†v1'¹⁸¹5·st
1094 0 1137 26 y-:x
1168 3 1174 10 -
1223 0 1255 18 .-·.
1360 0 1375 13 ν
1405 0 1555 13 -τν-ν·-
1663 3 1666 6 ’
1696 0 1705 2 r
1731 0 1806 16 ,ινα

795 209 925 239 LmER
953 211 976 238 1.
1014 211 1069 239 DE
1099 211 1292 239 emmas
1885 203 1934 241 21

158 319 474 373 procuratores
495 316 551 362 ad
575 316 789 363 effectum
825 322 1008 363 tantum
1044 318 1253 363 tradendi
1288 319 1503 364 schedam
1538 334 1643 365 cum
1679 322 1868 365 nomine
1891 326 1937 366 et

156 399 452 453 praenomine
486 382 699 457 eligendi.
1571 384 1579 392 ⁰

271 483 483 526 Ceterum
517 482 985 529 animadvertendum
1019 498 1072 528 ac
1115 485 1444 529 declarandum
1487 486 1668 530 censuit
1702 489 1744 531 S.
1779 490 1825 533 C.
1866 486 1936 532 his

153 564 366 609 omnibus
398 566 627 610 contineri
662 568 987 612 tantummodo
1021 568 1493 624 commendationem,
1530 569 1642 614 adeo
1677 573 1726 613 ut
1751 570 1935 629 quando

153 649 461 693 necessarium
497 651 569 694 vel
602 655 911 708 opportunum
939 650 1168 706 videatur,
1206 652 1463 710 Apostolica
1497 652 1632 697 Sedes
1664 667 1745 698 suo
1779 657 1935 697 utatur

153 732 249 777 iure
280 733 477 777 alterum
511 748 691 793 quoque
727 739 907 792 praeter
941 735 1290 780 commendatos
1322 735 1535 793 eligendi.

267 819 379 862 Cum
415 832 523 862 vero
562 819 674 864 haec
716 820 871 863 omnia
907 821 978 863 SS.
1018 822 1066 862 D.
1106 822 1157 864 N.
1196 819 1270 864 Pio
1304 823 1383 863 PP.
1424 824 1493 864 [X.
1527 833 1550 863 a
1592 822 1633 864 S.
1683 822 1933 876 Congrega-

150 900 288 945 tionis
320 902 574 946 Secretario
608 902 748 946 relata
783 902 957 947 fuerint
981 902 1026 946 in
1059 902 1162 946 aud.
1200 901 1272 946 die
1306 903 1330 947 6
1365 901 1506 946 eiusd.
1536 901 1707 946 mensis
1739 905 1784 945 et
1802 899 1930 955 anni,

150 985 377 1029 Sanctitas
410 988 496 1030 Sua
533 987 727 1044 benigne
761 986 921 1030 eadem
958 986 1186 1044 probavit,
1222 999 1275 1030 ac
1299 985 1474 1029 servari
1501 983 1725 1038 decrevit,
1752 987 1932 1026 contra-

150 1068 227 1113 riis
258 1069 624 1128 quibuscumque
658 1070 777 1114 haud
811 1070 1115 1115 obstantibus.

271 1159 317 1199 ln
352 1154 713 1212 congregatione
748 1169 858 1199 vero
892 1155 1091 1212 generali
1127 1155 1275 1199 71ulii
1315 1155 1425 1199 1858
1450 1160 1622 1201 statuta
1657 1161 1726 1200 est
1751 1171 1830 1214 pro
1854 1157 1932 1201 eli-

148 1238 305 1295 gendis
342 1238 569 1297 Episcopis
603 1238 870 1283 Hollandiae
904 1252 983 1282 seu
1019 1238 1325 1286 Neeolandiae
1359 1239 1520 1284 eadem
1546 1240 1789 1284 methodus
1812 1254 1930 1299 quae

149 1336 226 1379 pro
263 1323 492 1380 Episcopis
528 1322 731 1380 Angliae.

264 1408 335 1451 29.
372 1407 528 1461 Quoad
567 1406 806 1465 Episcopos
840 1410 1051 1451 Statuum
1088 1407 1444 1451 Foederatorum
1484 1407 1720 1451 Americae
1744 1408 1926 1464 Septen·

146 1490 353 1536 trionalis
394 1491 630 1535 decretum
674 1505 696 1534 a
744 1492 783 1534 S.
821 1491 1183 1548 Congregatione
1228 1491 1371 1535 latum
1424 1495 1493 1535 est
1541 1504 1665 1535 anno
1713 1490 1818 1534 1861
1858 1490 1930 1534 die

146 1576 195 1619 21
235 1575 432 1620 Ianuarii
467 1575 536 1619 his
571 1574 750 1619 verbis:
791 1595 809 1614 a
838 1580 988 1628 Quum
1023 1574 1078 1618 ad
1112 1574 1370 1618 Catholicae
1414 1573 1640 1618 Ecclesiae
1679 1571 1928 1617 utilitatem

144 1663 280 1718 atque
314 1660 368 1703 ad
401 1659 663 1703 animarum
699 1658 894 1702 salutem
923 1658 1285 1716 promovendam
1310 1656 1373 1700 nil
1400 1656 1543 1713 magis
1572 1656 1783 1700 conferre
1807 1668 1928 1698 com-

147 1747 325 1800 pertum
359 1743 418 1787 sit
449 1757 587 1802 quam
622 1747 673 1786 nt
708 1742 949 1786 Dorninico
996 1741 1117 1799 gregi
1163 1754 1397 1785 sacrorum
1450 1731 1688 1784 Antistites
1720 1736 1927 1781 doctrina

144 1840 196 1871 ac
231 1827 471 1885 prudentia
506 1826 707 1884 insignes
740 1825 1083 1884 praeficiantur,
1120 1824 1289 1870 idcirco
1323 1827 1363 1868 S.
1402 1823 1537 1868 Sedes
1571 1816 1796 1880 peculiare
1819 1833 1928 1878 quo-

148 1910 215 1955 vis
248 1916 452 1969 tempore
486 1909 689 1955 studium
728 1909 773 1953 in
825 1908 1008 1967 negotio
1057 1908 1296 1954 electionis
1339 1907 1664 1966 Episcoporum
1710 1904 1920 1949 adhiben-

143 1995 251 2040 dum
285 1995 481 2039 curavit.
526 1999 672 2048 Quam
706 1994 866 2052 utique
901 1993 948 2037 in
983 2008 1081 2038 rem
1125 1991 1490 2051 sapientissimae
1532 1995 1696 2035 extant
1740 1988 1927 2034 canoni-

143 2091 222 2122 cae
255 2078 534 2133 sanctiones,
572 2077 728 2122 variae
762 2077 948 2136 quidem
997 2092 1075 2135 pro
1111 2076 1338 2122 varietate
1380 2080 1642 2134 temporum
1677 2087 1730 2118 ac
1780 2073 1922 2130 regio-

144 2174 272 2210 num,
308 2164 355 2204 at
388 2160 659 2219 specialibus
690 2175 872 2219 semper
905 2164 951 2205 et
983 2165 1245 2219 temporum
1279 2164 1325 2203 et
1357 2161 1562 2204 locorum
1597 2156 1825 2202 adiunctis
1856 2170 1926 2200 ac-

142 2243 475 2288 commodatae.
515 2244 586 2288 Nil
619 2244 758 2302 igitur
792 2244 961 2288 mirum
995 2244 1031 2290 si
1066 2259 1146 2303 pro
1182 2243 1427 2288 foederatis
1459 2242 1653 2287 statibus
1690 2241 1925 2285 Americae

145 2324 355 2380 Boi-calis,
391 2327 464 2369 ubi
503 2340 650 2371 novae
685 2327 850 2385 passim
887 2327 1192 2372 efformantur
1224 2327 1439 2371 civitates
1472 2340 1712 2384 novaeque
1739 2324 1926 2382 proinde

142 2409 290 2450 tractu
325 2409 545 2465 temporis
582 2410 817 2455 Dioeceses
849 2425 901 2455 ac
937 2410 1207 2456 Provinciae
1234 2410 1575 2456 Ecclesiasticae
1602 2409 1923 2463 instituuntur,

143 2491 328 2536 Sacrum
365 2493 616 2538 Consilium
649 2493 906 2539 Christiano
942 2494 1129 2539 Nomini
1167 2494 1461 2552 Propagando
1504 2496 1760 2551 opportuna
1805 2490 1924 2534 haud

143 2574 298 2619 multis
329 2576 386 2620 ab
419 2577 526 2621 hinc
559 2578 693 2622 annis
725 2578 919 2623 ediderit
955 2578 1157 2632 decreta,
1192 2578 1357 2636 quibus
1390 2577 1503 2621 tales
1534 2575 1813 2633 eligerentur
1847 2587 1925 2630 pro

144 2659 414 2704 vacantibus
447 2660 629 2705 sedibus
667 2661 888 2719 Episcopi,
924 2662 1080 2721 quales
1117 2661 1225 2705 inibi
1260 2661 1514 2706 catholicae
1551 2658 1795 2716 Religionis
1835 2662 1923 2701 sta-

142 2746 215 2786 tus
246 2742 433 2803 eiusque
467 2744 513 2788 in
548 2745 643 2788 dies
677 2758 938 2802 progressus
970 2759 1023 2789 ac
1047 2744 1256 2790 dilatatio
1282 2745 1580 2802 postularent.
1620 2745 1673 2786 Et
1695 2754 1805 2785 sane
1830 2740 1922 2783 lau-

141 2824 298 2871 datum
333 2831 374 2872 S.
412 2827 660 2872 Consilium
694 2829 766 2873 die
806 2831 856 2873 18
892 2829 1042 2874 Martii
1085 2829 1195 2873 '1854
1227 2830 1463 2873 decretum
1499 2826 1638 2872 edidit
1671 2838 1807 2882 super
1832 2837 1922 2866 nie-

141 2908 279 2954 thodo
311 2904 536 2955 serxan'da
572 2911 617 2955 in
657 2911 978 2970 Episcoporuin
1010 2912 1293 2956 Diaecesium
1319 2911 1657 2955 foederatarum
1684 2905 1921 2951 Americae

142 2995 261 3050 Sept.
298 2993 646 3038 provinciarum
682 2994 909 3039 electione
942 2995 1062 3054 quod
1097 2995 1162 3039 sic
1195 3007 1242 3039 se
1276 2994 1437 3038 habet:

1955 3 1961 5 ·
2007 0 2042 32 --τ
2086 0 2176 51 *arsi
