<?xml version="1.0" encoding="UTF-8"?>
<!DOCTYPE html PUBLIC "-//W3C//DTD XHTML 1.0 Transitional//EN"
    "http://www.w3.org/TR/xhtml1/DTD/xhtml1-transitional.dtd">
<html xmlns="http://www.w3.org/1999/xhtml" xml:lang="en" lang="en">
 <head>
  <title>
</title>
<meta http-equiv="Content-Type" content="text/html;charset=utf-8" />
  <meta name='ocr-system' content='tesseract 3.04.00' />
  <meta name='ocr-capabilities' content='ocr_page ocr_carea ocr_par ocr_line ocrx_word'/>
</head>
<body>
  <div class='ocr_page' id='page_1' title='image "apparatus00ziteuoft_0156.png"; bbox 0 0 2176 3386; ppageno 0'>
   <div class='ocr_carea' id='block_1_1' title="bbox 240 0 1444 30">
    <p class='ocr_par' dir='ltr' id='par_1_1' title="bbox 240 0 1543 39">
     <span class='ocr_line' id='line_1_1' title="bbox 240 0 1444 30; baseline 0.002 -4"><span class='ocrx_word' id='word_1_1' title='bbox 240 0 337 5; x_wconf 81' lang='lat'><em>-</em></span> <span class='ocrx_word' id='word_1_2' title='bbox 407 0 654 26; x_wconf 56' lang='lat'>2··&gt;.1·=‘···</span> <span class='ocrx_word' id='word_1_3' title='bbox 719 0 1444 30; x_wconf 39' lang='lat' dir='ltr'>vwwrwwrwvv</span> 
     </span>
    </p>
   </div>
   <div class='ocr_carea' id='block_1_2' title="bbox 265 166 1404 207">
    <p class='ocr_par' dir='ltr' id='par_1_2' title="bbox 265 166 1404 207">
     <span class='ocr_line' id='line_1_2' title="bbox 265 166 1404 207; baseline -0.001 -1"><span class='ocrx_word' id='word_1_4' title='bbox 265 166 343 206; x_wconf 86' lang='lat'>144</span> <span class='ocrx_word' id='word_1_5' title='bbox 907 178 1017 207; x_wconf 79' lang='lat' dir='ltr'><strong>PARS</strong></span> <span class='ocrx_word' id='word_1_6' title='bbox 1047 178 1071 206; x_wconf 86' lang='lat'>1.</span> <span class='ocrx_word' id='word_1_7' title='bbox 1107 178 1163 206; x_wconf 75' lang='lat' dir='ltr'>DE</span> <span class='ocrx_word' id='word_1_8' title='bbox 1192 171 1404 207; x_wconf 72' lang='lat' dir='ltr'>PERsoms</span> 
     </span>
    </p>
   </div>
   <div class='ocr_carea' id='block_1_3' title="bbox 816 230 1846 236">
    <p class='ocr_par' dir='ltr' id='par_1_3' title="bbox 816 230 1846 236">
     <span class='ocr_line' id='line_1_3' title="bbox 816 230 1846 236; baseline 0 0"><span class='ocrx_word' id='word_1_9' title='bbox 816 230 1846 236; x_wconf 95' lang='lat' dir='ltr'> </span> 
     </span>
    </p>
   </div>
   <div class='ocr_carea' id='block_1_4' title="bbox 1442 0 2176 257">
    <p class='ocr_par' dir='ltr' id='par_1_4' title="bbox 1442 0 2176 257">
     <span class='ocr_line' id='line_1_4' title="bbox 1442 0 2176 257; baseline 0 3129"><span class='ocrx_word' id='word_1_10' title='bbox 1442 0 2176 257; x_wconf 95' lang='lat' dir='ltr'> </span> 
     </span>
    </p>
   </div>
   <div class='ocr_carea' id='block_1_5' title="bbox 263 283 2047 1490">
    <p class='ocr_par' dir='ltr' id='par_1_5' title="bbox 263 283 2047 1490">
     <span class='ocr_line' id='line_1_5' title="bbox 269 283 2046 343; baseline 0.002 -15"><span class='ocrx_word' id='word_1_11' title='bbox 269 285 494 330; x_wconf 83' lang='lat' dir='ltr'>Ecclesiae</span> <span class='ocrx_word' id='word_1_12' title='bbox 530 285 743 343; x_wconf 83' lang='lat' dir='ltr'><strong>potestati</strong></span> <span class='ocrx_word' id='word_1_13' title='bbox 776 285 1052 330; x_wconf 87' lang='lat' dir='ltr'>subiectum.</span> <span class='ocrx_word' id='word_1_14' title='bbox 1089 288 1301 330; x_wconf 85' lang='lat' dir='ltr'>Ceterum</span> <span class='ocrx_word' id='word_1_15' title='bbox 1337 283 1382 328; x_wconf 93' lang='lat' dir='ltr'>in</span> <span class='ocrx_word' id='word_1_16' title='bbox 1408 284 1539 343; x_wconf 85' lang='lat' dir='ltr'>praxi</span> <span class='ocrx_word' id='word_1_17' title='bbox 1566 285 1764 330; x_wconf 79' lang='lat' dir='ltr'>Ecclesia</span> <span class='ocrx_word' id='word_1_18' title='bbox 1786 299 1892 330; x_wconf 90' lang='lat' dir='ltr'>cum</span> <span class='ocrx_word' id='word_1_19' title='bbox 1916 289 2046 331; x_wconf 86' lang='lat' dir='ltr'><strong>Statu</strong></span> 
     </span>
     <span class='ocr_line' id='line_1_6' title="bbox 264 366 2045 425; baseline 0.001 -14"><span class='ocrx_word' id='word_1_20' title='bbox 264 366 555 412; x_wconf 87' lang='lat' dir='ltr'>concorditer</span> <span class='ocrx_word' id='word_1_21' title='bbox 589 367 832 425; x_wconf 89' lang='lat' dir='ltr'>procedere</span> <span class='ocrx_word' id='word_1_22' title='bbox 875 368 1087 425; x_wconf 82' lang='lat' dir='ltr'>praefert.</span> <span class='ocrx_word' id='word_1_23' title='bbox 1134 368 1175 419; x_wconf 74' lang='lat'>2)</span> <span class='ocrx_word' id='word_1_24' title='bbox 1222 366 1340 411; x_wconf 86' lang='lat' dir='ltr'>Hinc</span> <span class='ocrx_word' id='word_1_25' title='bbox 1388 371 1514 424; x_wconf 86' lang='lat' dir='ltr'>patet</span> <span class='ocrx_word' id='word_1_26' title='bbox 1555 366 1663 425; x_wconf 87' lang='lat' dir='ltr'>quid</span> <span class='ocrx_word' id='word_1_27' title='bbox 1709 366 1954 412; x_wconf 90' lang='lat' dir='ltr'>dicendum</span> <span class='ocrx_word' id='word_1_28' title='bbox 1991 367 2045 412; x_wconf 92' lang='grc'>(16</span> 
     </span>
     <span class='ocr_line' id='line_1_7' title="bbox 263 449 2045 508; baseline 0.001 -15"><span class='ocrx_word' id='word_1_29' title='bbox 263 449 517 508; x_wconf 81' lang='lat' dir='ltr'>praetensis</span> <span class='ocrx_word' id='word_1_30' title='bbox 549 449 752 494; x_wconf 78' lang='lat' dir='ltr'>articulis</span> <span class='ocrx_word' id='word_1_31' title='bbox 785 449 1012 507; x_wconf 79' lang='lat' dir='ltr'>organicis</span> <span class='ocrx_word' id='word_1_32' title='bbox 1043 449 1206 508; x_wconf 89' lang='lat' dir='ltr'>quibus</span> <span class='ocrx_word' id='word_1_33' title='bbox 1239 451 1393 493; x_wconf 88' lang='lat' dir='ltr'>Status</span> <span class='ocrx_word' id='word_1_34' title='bbox 1427 463 1505 506; x_wconf 88' lang='lat' dir='ltr'>pro</span> <span class='ocrx_word' id='word_1_35' title='bbox 1537 449 1724 494; x_wconf 89' lang='lat' dir='ltr'>arbitrio</span> <span class='ocrx_word' id='word_1_36' title='bbox 1769 451 2045 497; x_wconf 83' lang='lat' dir='ltr'>concordata</span> 
     </span>
     <span class='ocr_line' id='line_1_8' title="bbox 263 530 2045 591; baseline 0.001 -15"><span class='ocrx_word' id='word_1_37' title='bbox 263 532 567 590; x_wconf 86' lang='lat' dir='ltr'>interpretare</span> <span class='ocrx_word' id='word_1_38' title='bbox 601 532 855 577; x_wconf 82' lang='lat' dir='ltr'>contendit.</span> <span class='ocrx_word' id='word_1_39' title='bbox 895 533 935 587; x_wconf 84' lang='lat'>5)</span> <span class='ocrx_word' id='word_1_40' title='bbox 975 530 1249 576; x_wconf 79' lang='lat' dir='ltr'>Doctrinalis</span> <span class='ocrx_word' id='word_1_41' title='bbox 1281 535 1437 575; x_wconf 87' lang='lat' dir='ltr'>autem</span> <span class='ocrx_word' id='word_1_42' title='bbox 1470 535 1607 591; x_wconf 86' lang='lat' dir='ltr'>atque</span> <span class='ocrx_word' id='word_1_43' title='bbox 1633 532 1882 578; x_wconf 82' lang='lat' dir='ltr'>theoretica</span> <span class='ocrx_word' id='word_1_44' title='bbox 1906 533 2045 579; x_wconf 87' lang='lat' dir='ltr'>inter-</span> 
     </span>
     <span class='ocr_line' id='line_1_9' title="bbox 265 614 2045 675; baseline 0.001 -15"><span class='ocrx_word' id='word_1_45' title='bbox 265 616 460 675; x_wconf 89' lang='lat' dir='ltr'>pretatio</span> <span class='ocrx_word' id='word_1_46' title='bbox 493 615 755 661; x_wconf 89' lang='lat' dir='ltr'>doctoribus</span> <span class='ocrx_word' id='word_1_47' title='bbox 790 629 882 660; x_wconf 88' lang='lat' dir='ltr'>non</span> <span class='ocrx_word' id='word_1_48' title='bbox 916 619 1125 673; x_wconf 79' lang='lat' dir='ltr'>negatur.</span> <span class='ocrx_word' id='word_1_49' title='bbox 1166 617 1333 659; x_wconf 85' lang='lat' dir='ltr'>Verum</span> <span class='ocrx_word' id='word_1_50' title='bbox 1368 619 1547 672; x_wconf 83' lang='lat' dir='ltr'>oportet</span> <span class='ocrx_word' id='word_1_51' title='bbox 1580 620 1630 658; x_wconf 87' lang='lat' dir='ltr'>ut</span> <span class='ocrx_word' id='word_1_52' title='bbox 1662 614 1866 660; x_wconf 84' lang='lat' dir='ltr'>maxime</span> <span class='ocrx_word' id='word_1_53' title='bbox 1889 620 2045 661; x_wconf 89' lang='lat' dir='ltr'>conte-</span> 
     </span>
     <span class='ocr_line' id='line_1_10' title="bbox 264 696 2045 756; baseline 0.002 -16"><span class='ocrx_word' id='word_1_54' title='bbox 264 703 389 753; x_wconf 88' lang='lat' dir='ltr'>xtus,</span> <span class='ocrx_word' id='word_1_55' title='bbox 425 712 604 756; x_wconf 88' lang='lat' dir='ltr'>scopus,</span> <span class='ocrx_word' id='word_1_56' title='bbox 641 703 687 742; x_wconf 92' lang='lat' dir='ltr'>et</span> <span class='ocrx_word' id='word_1_57' title='bbox 721 697 890 756; x_wconf 81' lang='lat' dir='ltr'>praxis,</span> <span class='ocrx_word' id='word_1_58' title='bbox 926 711 979 742; x_wconf 91' lang='lat' dir='ltr'>ac</span> <span class='ocrx_word' id='word_1_59' title='bbox 1025 696 1217 741; x_wconf 84' lang='lat' dir='ltr'>materia</span> <span class='ocrx_word' id='word_1_60' title='bbox 1261 697 1645 742; x_wconf 89' lang='lat' dir='ltr'>concordatorum</span> <span class='ocrx_word' id='word_1_61' title='bbox 1688 698 1956 743; x_wconf 84' lang='lat' dir='ltr'>attendatur</span> <span class='ocrx_word' id='word_1_62' title='bbox 1987 713 2045 744; x_wconf 92' lang='lat' dir='ltr'>ne</span> 
     </span>
     <span class='ocr_line' id='line_1_11' title="bbox 265 779 2041 839; baseline 0.002 -16"><span class='ocrx_word' id='word_1_63' title='bbox 265 780 408 824; x_wconf 88' lang='lat' dir='ltr'>Statui</span> <span class='ocrx_word' id='word_1_64' title='bbox 444 780 725 825; x_wconf 81' lang='lat' dir='ltr'>coucedatur</span> <span class='ocrx_word' id='word_1_65' title='bbox 756 780 875 839; x_wconf 87' lang='lat' dir='ltr'>quod</span> <span class='ocrx_word' id='word_1_66' title='bbox 914 780 1111 824; x_wconf 85' lang='lat' dir='ltr'>Ecclesia</span> <span class='ocrx_word' id='word_1_67' title='bbox 1136 793 1246 823; x_wconf 88' lang='lat' dir='ltr'>vero</span> <span class='ocrx_word' id='word_1_68' title='bbox 1269 779 1481 824; x_wconf 79' lang='lat' dir='ltr'>similiter</span> <span class='ocrx_word' id='word_1_69' title='bbox 1513 794 1765 839; x_wconf 84' lang='lat' dir='ltr'>numquam</span> <span class='ocrx_word' id='word_1_70' title='bbox 1800 782 2041 838; x_wconf 88' lang='lat' dir='ltr'>concessit,</span> 
     </span>
     <span class='ocr_line' id='line_1_12' title="bbox 263 862 2044 922; baseline 0.003 -18"><span class='ocrx_word' id='word_1_71' title='bbox 263 863 475 922; x_wconf 85' lang='lat' dir='ltr'>quodque</span> <span class='ocrx_word' id='word_1_72' title='bbox 511 863 776 920; x_wconf 88' lang='lat' dir='ltr'>praesertim</span> <span class='ocrx_word' id='word_1_73' title='bbox 823 863 868 907; x_wconf 94' lang='lat' dir='ltr'>in</span> <span class='ocrx_word' id='word_1_74' title='bbox 909 862 1172 907; x_wconf 87' lang='lat' dir='ltr'>animarum</span> <span class='ocrx_word' id='word_1_75' title='bbox 1218 862 1468 921; x_wconf 88' lang='lat' dir='ltr'>perniciem</span> <span class='ocrx_word' id='word_1_76' title='bbox 1514 868 1738 921; x_wconf 83' lang='lat' dir='ltr'>vergeret.</span> <span class='ocrx_word' id='word_1_77' title='bbox 1790 870 1837 910; x_wconf 86' lang='lat' dir='ltr'>[n</span> <span class='ocrx_word' id='word_1_78' title='bbox 1879 879 2044 922; x_wconf 81' lang='lat' dir='ltr'>genere</span> 
     </span>
     <span class='ocr_line' id='line_1_13' title="bbox 266 947 2044 1004; baseline 0.002 -14"><span class='ocrx_word' id='word_1_79' title='bbox 266 947 502 991; x_wconf 76' lang='lat' dir='ltr'>videretur</span> <span class='ocrx_word' id='word_1_80' title='bbox 534 947 782 991; x_wconf 85' lang='lat' dir='ltr'>dicendum</span> <span class='ocrx_word' id='word_1_81' title='bbox 816 947 1093 991; x_wconf 79' lang='lat' dir='ltr'>concordata</span> <span class='ocrx_word' id='word_1_82' title='bbox 1128 961 1220 991; x_wconf 91' lang='lat' dir='ltr'>nou</span> <span class='ocrx_word' id='word_1_83' title='bbox 1255 960 1352 991; x_wconf 92' lang='grc'><strong>6336</strong></span> <span class='ocrx_word' id='word_1_84' title='bbox 1386 948 1504 991; x_wconf 86' lang='lat' dir='ltr'>latae</span> <span class='ocrx_word' id='word_1_85' title='bbox 1538 947 1932 1004; x_wconf 88' lang='lat' dir='ltr'>interpretationis</span> <span class='ocrx_word' id='word_1_86' title='bbox 1965 962 2044 993; x_wconf 87' lang='lat' dir='ltr'>seu</span> 
     </span>
     <span class='ocr_line' id='line_1_14' title="bbox 267 1029 2045 1089; baseline 0.001 -16"><span class='ocrx_word' id='word_1_87' title='bbox 267 1029 312 1073; x_wconf 86' lang='lat' dir='ltr'>in</span> <span class='ocrx_word' id='word_1_88' title='bbox 346 1029 482 1073; x_wconf 85' lang='lat' dir='ltr'>dubio</span> <span class='ocrx_word' id='word_1_89' title='bbox 518 1030 763 1074; x_wconf 90' lang='lat' dir='ltr'>minimum</span> <span class='ocrx_word' id='word_1_90' title='bbox 798 1029 1110 1074; x_wconf 82' lang='lat' dir='ltr'>concessionis</span> <span class='ocrx_word' id='word_1_91' title='bbox 1143 1042 1239 1074; x_wconf 91' lang='lat' dir='ltr'>esse</span> <span class='ocrx_word' id='word_1_92' title='bbox 1273 1029 1590 1087; x_wconf 86' lang='lat' dir='ltr'>accipiendum</span> <span class='ocrx_word' id='word_1_93' title='bbox 1638 1031 1675 1085; x_wconf 86' lang='lat' dir='ltr'>l)</span> <span class='ocrx_word' id='word_1_94' title='bbox 1711 1029 1817 1089; x_wconf 89' lang='lat' dir='ltr'>quia</span> <span class='ocrx_word' id='word_1_95' title='bbox 1867 1030 2045 1075; x_wconf 88' lang='lat' dir='ltr'>etiamsi</span> 
     </span>
     <span class='ocr_line' id='line_1_15' title="bbox 267 1111 2045 1170; baseline 0.002 -15"><span class='ocrx_word' id='word_1_96' title='bbox 267 1112 397 1156; x_wconf 87' lang='lat' dir='ltr'>favor</span> <span class='ocrx_word' id='word_1_97' title='bbox 430 1111 486 1155; x_wconf 87' lang='lat' dir='ltr'>sit</span> <span class='ocrx_word' id='word_1_98' title='bbox 522 1112 667 1156; x_wconf 87' lang='lat' dir='ltr'>Statui</span> <span class='ocrx_word' id='word_1_99' title='bbox 702 1124 947 1157; x_wconf 80' lang='lat' dir='ltr'>concessus</span> <span class='ocrx_word' id='word_1_100' title='bbox 982 1116 1138 1156; x_wconf 87' lang='lat' dir='ltr'>tamen</span> <span class='ocrx_word' id='word_1_101' title='bbox 1174 1126 1252 1170; x_wconf 91' lang='lat' dir='ltr'>per</span> <span class='ocrx_word' id='word_1_102' title='bbox 1284 1124 1330 1156; x_wconf 92' lang='lat' dir='ltr'>se</span> <span class='ocrx_word' id='word_1_103' title='bbox 1365 1112 1590 1170; x_wconf 86' lang='lat' dir='ltr'>loquendo</span> <span class='ocrx_word' id='word_1_104' title='bbox 1633 1111 1679 1155; x_wconf 90' lang='lat' dir='ltr'>in</span> <span class='ocrx_word' id='word_1_105' title='bbox 1718 1112 2045 1170; x_wconf 85' lang='lat' dir='ltr'>praeiudicium</span> 
     </span>
     <span class='ocr_line' id='line_1_16' title="bbox 268 1193 2047 1254; baseline 0.001 -16"><span class='ocrx_word' id='word_1_106' title='bbox 268 1194 493 1238; x_wconf 88' lang='lat' dir='ltr'>Ecclesiae</span> <span class='ocrx_word' id='word_1_107' title='bbox 527 1194 751 1239; x_wconf 84' lang='lat' dir='ltr'>libertatis</span> <span class='ocrx_word' id='word_1_108' title='bbox 786 1193 957 1251; x_wconf 82' lang='lat' dir='ltr'>vergit,</span> <span class='ocrx_word' id='word_1_109' title='bbox 996 1194 1170 1254; x_wconf 74' lang='lat' dir='ltr'>2)q11ia</span> <span class='ocrx_word' id='word_1_110' title='bbox 1204 1199 1351 1238; x_wconf 88' lang='lat' dir='ltr'>status</span> <span class='ocrx_word' id='word_1_111' title='bbox 1385 1193 1447 1238; x_wconf 89' lang='lat' dir='ltr'>nil</span> <span class='ocrx_word' id='word_1_112' title='bbox 1481 1195 1590 1239; x_wconf 85' lang='lat' dir='ltr'>novi</span> <span class='ocrx_word' id='word_1_113' title='bbox 1628 1195 1852 1240; x_wconf 89' lang='lat' dir='ltr'>Ecclesiae</span> <span class='ocrx_word' id='word_1_114' title='bbox 1885 1209 2047 1240; x_wconf 89' lang='lat' dir='ltr'>conce-</span> 
     </span>
     <span class='ocr_line' id='line_1_17' title="bbox 265 1276 2046 1336; baseline 0.001 -16"><span class='ocrx_word' id='word_1_115' title='bbox 265 1276 348 1331; x_wconf 89' lang='lat' dir='ltr'>dit,</span> <span class='ocrx_word' id='word_1_116' title='bbox 384 1278 426 1333; x_wconf 85' lang='grc'>5)</span> <span class='ocrx_word' id='word_1_117' title='bbox 450 1277 555 1336; x_wconf 83' lang='lat' dir='ltr'>quia</span> <span class='ocrx_word' id='word_1_118' title='bbox 584 1278 781 1321; x_wconf 83' lang='lat' dir='ltr'>Ecclesia</span> <span class='ocrx_word' id='word_1_119' title='bbox 816 1282 974 1322; x_wconf 85' lang='lat' dir='ltr'>coacte</span> <span class='ocrx_word' id='word_1_120' title='bbox 1007 1291 1060 1321; x_wconf 90' lang='lat' dir='ltr'>ac</span> <span class='ocrx_word' id='word_1_121' title='bbox 1093 1276 1276 1321; x_wconf 88' lang='lat' dir='ltr'>nonnisi</span> <span class='ocrx_word' id='word_1_122' title='bbox 1311 1277 1366 1321; x_wconf 89' lang='lat' dir='ltr'>ad</span> <span class='ocrx_word' id='word_1_123' title='bbox 1390 1277 1562 1321; x_wconf 89' lang='lat' dir='ltr'>maiora</span> <span class='ocrx_word' id='word_1_124' title='bbox 1588 1278 1704 1321; x_wconf 86' lang='lat' dir='ltr'>mala</span> <span class='ocrx_word' id='word_1_125' title='bbox 1732 1277 1919 1322; x_wconf 80' lang='lat' dir='ltr'>vitanda</span> <span class='ocrx_word' id='word_1_126' title='bbox 1945 1277 2046 1322; x_wconf 87' lang='lat' dir='ltr'>iniit</span> 
     </span>
     <span class='ocr_line' id='line_1_18' title="bbox 266 1360 2047 1421; baseline 0 -15"><span class='ocrx_word' id='word_1_127' title='bbox 266 1361 560 1416; x_wconf 73' lang='lat' dir='ltr'>concordata,</span> <span class='ocrx_word' id='word_1_128' title='bbox 596 1376 685 1421; x_wconf 86' lang='lat' dir='ltr'>qua</span> <span class='ocrx_word' id='word_1_129' title='bbox 721 1365 903 1419; x_wconf 86' lang='lat' dir='ltr'>propter</span> <span class='ocrx_word' id='word_1_130' title='bbox 937 1360 1121 1404; x_wconf 82' lang='lat' dir='ltr'>videtur</span> <span class='ocrx_word' id='word_1_131' title='bbox 1152 1361 1433 1405; x_wconf 89' lang='lat' dir='ltr'>censendum</span> <span class='ocrx_word' id='word_1_132' title='bbox 1461 1361 1704 1405; x_wconf 88' lang='lat' dir='ltr'>minimum</span> <span class='ocrx_word' id='word_1_133' title='bbox 1729 1374 1817 1419; x_wconf 84' lang='lat' dir='ltr'>quo</span> <span class='ocrx_word' id='word_1_134' title='bbox 1851 1361 1947 1405; x_wconf 88' lang='lat' dir='ltr'>lieri</span> <span class='ocrx_word' id='word_1_135' title='bbox 1972 1376 2047 1420; x_wconf 90' lang='lat' dir='ltr'>po-</span> 
     </span>
     <span class='ocr_line' id='line_1_19' title="bbox 268 1445 701 1490; baseline 0.002 -2"><span class='ocrx_word' id='word_1_136' title='bbox 268 1445 374 1489; x_wconf 90' lang='lat' dir='ltr'>terit</span> <span class='ocrx_word' id='word_1_137' title='bbox 406 1446 701 1490; x_wconf 77' lang='lat' dir='ltr'>concessisse,</span> 
     </span>
    </p>
   </div>
   <div class='ocr_carea' id='block_1_6' title="bbox 762 1583 1546 1631">
    <p class='ocr_par' dir='ltr' id='par_1_6' title="bbox 762 1583 1546 1631">
     <span class='ocr_line' id='line_1_20' title="bbox 762 1583 1546 1631; baseline -0.003 -11"><span class='ocrx_word' id='word_1_138' title='bbox 762 1592 798 1627; x_wconf 78' lang='lat' dir='ltr'>e)</span> <span class='ocrx_word' id='word_1_139' title='bbox 823 1604 870 1609; x_wconf 91' lang='lat'><strong>—</strong></span> <span class='ocrx_word' id='word_1_140' title='bbox 897 1585 954 1620; x_wconf 82' lang='lat' dir='ltr'>Dc</span> <span class='ocrx_word' id='word_1_141' title='bbox 976 1584 1198 1631; x_wconf 73' lang='lat' dir='ltr'>privilcyiis</span> <span class='ocrx_word' id='word_1_142' title='bbox 1226 1583 1546 1629; x_wconf 74' lang='lat' dir='ltr'>iulerprelamIis.</span> 
     </span>
    </p>
   </div>
   <div class='ocr_carea' id='block_1_7' title="bbox 267 1697 2050 2588">
    <p class='ocr_par' dir='ltr' id='par_1_7' title="bbox 267 1697 2050 2588">
     <span class='ocr_line' id='line_1_21' title="bbox 394 1697 2046 1757; baseline 0.001 -16"><span class='ocrx_word' id='word_1_143' title='bbox 394 1698 486 1741; x_wconf 66' lang='lat'>185.</span> <span class='ocrx_word' id='word_1_144' title='bbox 526 1701 570 1754; x_wconf 82' lang='grc' dir='ltr'>α)</span> <span class='ocrx_word' id='word_1_145' title='bbox 612 1697 847 1755; x_wconf 69' lang='lat' dir='ltr'>l’rivilegia</span> <span class='ocrx_word' id='word_1_146' title='bbox 881 1712 996 1757; x_wconf 89' lang='lat' dir='ltr'>quae</span> <span class='ocrx_word' id='word_1_147' title='bbox 1031 1698 1077 1742; x_wconf 90' lang='lat' dir='ltr'>in</span> <span class='ocrx_word' id='word_1_148' title='bbox 1111 1712 1300 1757; x_wconf 87' lang='lat' dir='ltr'>corpore</span> <span class='ocrx_word' id='word_1_149' title='bbox 1335 1697 1445 1742; x_wconf 89' lang='lat' dir='ltr'>iuris</span> <span class='ocrx_word' id='word_1_150' title='bbox 1477 1697 1793 1752; x_wconf 86' lang='lat' dir='ltr'>continentur,</span> <span class='ocrx_word' id='word_1_151' title='bbox 1814 1701 1860 1741; x_wconf 88' lang='lat' dir='ltr'>et</span> <span class='ocrx_word' id='word_1_152' title='bbox 1883 1698 1966 1742; x_wconf 80' lang='lat' dir='ltr'>liae</span> <span class='ocrx_word' id='word_1_153' title='bbox 1993 1697 2046 1742; x_wconf 92' lang='grc'>(16</span> 
     </span>
     <span class='ocr_line' id='line_1_22' title="bbox 267 1781 2047 1840; baseline 0.001 -15"><span class='ocrx_word' id='word_1_154' title='bbox 267 1795 403 1826; x_wconf 87' lang='lat' dir='ltr'>causa</span> <span class='ocrx_word' id='word_1_155' title='bbox 451 1788 559 1825; x_wconf 87' lang='lat' dir='ltr'>sunt</span> <span class='ocrx_word' id='word_1_156' title='bbox 601 1783 856 1826; x_wconf 84' lang='lat' dir='ltr'>secundum</span> <span class='ocrx_word' id='word_1_157' title='bbox 907 1781 1003 1837; x_wconf 88' lang='lat' dir='ltr'>ius,</span> <span class='ocrx_word' id='word_1_158' title='bbox 1040 1782 1149 1826; x_wconf 92' lang='lat' dir='ltr'>item</span> <span class='ocrx_word' id='word_1_159' title='bbox 1196 1781 1430 1840; x_wconf 79' lang='lat' dir='ltr'>privilegia</span> <span class='ocrx_word' id='word_1_160' title='bbox 1475 1787 1654 1839; x_wconf 87' lang='lat' dir='ltr'>praeter</span> <span class='ocrx_word' id='word_1_161' title='bbox 1685 1781 1783 1836; x_wconf 84' lang='lat' dir='ltr'>ius,</span> <span class='ocrx_word' id='word_1_162' title='bbox 1829 1781 2047 1826; x_wconf 86' lang='lat' dir='ltr'>latissime</span> 
     </span>
     <span class='ocr_line' id='line_1_23' title="bbox 268 1863 2046 1923; baseline 0 -16"><span class='ocrx_word' id='word_1_163' title='bbox 268 1863 614 1921; x_wconf 87' lang='lat' dir='ltr'>interpretanda</span> <span class='ocrx_word' id='word_1_164' title='bbox 649 1869 757 1909; x_wconf 84' lang='lat' dir='ltr'>suut</span> <span class='ocrx_word' id='word_1_165' title='bbox 782 1866 793 1888; x_wconf 73' lang='lat'>²</span> <span class='ocrx_word' id='word_1_166' title='bbox 830 1865 915 1909; x_wconf 91' lang='lat' dir='ltr'>nisi</span> <span class='ocrx_word' id='word_1_167' title='bbox 951 1865 997 1909; x_wconf 85' lang='lat' dir='ltr'>in</span> <span class='ocrx_word' id='word_1_168' title='bbox 1022 1865 1210 1909; x_wconf 86' lang='lat' dir='ltr'>alterius</span> <span class='ocrx_word' id='word_1_169' title='bbox 1234 1871 1428 1922; x_wconf 82' lang='lat' dir='ltr'>vergant</span> <span class='ocrx_word' id='word_1_170' title='bbox 1451 1864 1778 1923; x_wconf 87' lang='lat' dir='ltr'>praeiudicium</span> <span class='ocrx_word' id='word_1_171' title='bbox 1798 1864 1829 1908; x_wconf 76' lang='lat'>².</span> <span class='ocrx_word' id='word_1_172' title='bbox 1857 1865 1895 1919; x_wconf 81' lang='lat' dir='ltr'>b)</span> <span class='ocrx_word' id='word_1_173' title='bbox 1932 1867 2046 1907; x_wconf 88' lang='lat' dir='ltr'>Item</span> 
     </span>
     <span class='ocr_line' id='line_1_24' title="bbox 268 1946 2047 2008; baseline -0.001 -17"><span class='ocrx_word' id='word_1_174' title='bbox 268 1947 511 1992; x_wconf 86' lang='lat' dir='ltr'>dicendum</span> <span class='ocrx_word' id='word_1_175' title='bbox 547 1952 616 1991; x_wconf 81' lang='lat' dir='ltr'>est</span> <span class='ocrx_word' id='word_1_176' title='bbox 639 1948 693 1992; x_wconf 93' lang='lat' dir='ltr'>de</span> <span class='ocrx_word' id='word_1_177' title='bbox 715 1948 964 2006; x_wconf 79' lang='lat' dir='ltr'>privilegiis</span> <span class='ocrx_word' id='word_1_178' title='bbox 985 1963 1102 2008; x_wconf 87' lang='lat' dir='ltr'>quae</span> <span class='ocrx_word' id='word_1_179' title='bbox 1127 1953 1254 1992; x_wconf 87' lang='lat' dir='ltr'>motu</span> <span class='ocrx_word' id='word_1_180' title='bbox 1289 1948 1470 2007; x_wconf 87' lang='lat' dir='ltr'>proprio</span> <span class='ocrx_word' id='word_1_181' title='bbox 1503 1952 1548 1992; x_wconf 90' lang='lat' dir='ltr'>et</span> <span class='ocrx_word' id='word_1_182' title='bbox 1580 1962 1637 1991; x_wconf 89' lang='lat' dir='ltr'>ex</span> <span class='ocrx_word' id='word_1_183' title='bbox 1679 1951 1803 1991; x_wconf 86' lang='lat' dir='ltr'>certa</span> <span class='ocrx_word' id='word_1_184' title='bbox 1856 1946 2047 1992; x_wconf 86' lang='lat' dir='ltr'>scientia</span> 
     </span>
     <span class='ocr_line' id='line_1_25' title="bbox 268 2029 2046 2089; baseline -0.001 -15"><span class='ocrx_word' id='word_1_185' title='bbox 268 2043 484 2074; x_wconf 87' lang='lat' dir='ltr'>concessa</span> <span class='ocrx_word' id='word_1_186' title='bbox 519 2036 627 2075; x_wconf 91' lang='lat' dir='ltr'>sunt</span> <span class='ocrx_word' id='word_1_187' title='bbox 650 2031 681 2075; x_wconf 74' lang='lat'>³.</span> <span class='ocrx_word' id='word_1_188' title='bbox 718 2034 755 2085; x_wconf 83' lang='lat' dir='ltr'>c)</span> <span class='ocrx_word' id='word_1_189' title='bbox 784 2031 1079 2089; x_wconf 79' lang='lat' dir='ltr'>Privilegiuin</span> <span class='ocrx_word' id='word_1_190' title='bbox 1114 2032 1167 2075; x_wconf 88' lang='lat' dir='ltr'>de</span> <span class='ocrx_word' id='word_1_191' title='bbox 1192 2044 1297 2075; x_wconf 88' lang='lat' dir='ltr'>casu</span> <span class='ocrx_word' id='word_1_192' title='bbox 1322 2031 1377 2075; x_wconf 87' lang='lat' dir='ltr'>ad</span> <span class='ocrx_word' id='word_1_193' title='bbox 1410 2044 1567 2075; x_wconf 90' lang='lat' dir='ltr'>casum</span> <span class='ocrx_word' id='word_1_194' title='bbox 1601 2044 1748 2089; x_wconf 88' lang='lat' dir='ltr'>neque</span> <span class='ocrx_word' id='word_1_195' title='bbox 1776 2029 1830 2073; x_wconf 90' lang='lat' dir='ltr'>de</span> <span class='ocrx_word' id='word_1_196' title='bbox 1858 2042 2046 2088; x_wconf 88' lang='lat' dir='ltr'>persona</span> 
     </span>
     <span class='ocr_line' id='line_1_26' title="bbox 269 2111 2048 2174; baseline -0.001 -17"><span class='ocrx_word' id='word_1_197' title='bbox 269 2113 324 2157; x_wconf 90' lang='lat' dir='ltr'>ad</span> <span class='ocrx_word' id='word_1_198' title='bbox 349 2128 590 2170; x_wconf 89' lang='lat' dir='ltr'>personam</span> <span class='ocrx_word' id='word_1_199' title='bbox 628 2128 718 2158; x_wconf 90' lang='lat' dir='ltr'>non</span> <span class='ocrx_word' id='word_1_200' title='bbox 758 2115 1039 2159; x_wconf 79' lang='lat' dir='ltr'>extendatur</span> <span class='ocrx_word' id='word_1_201' title='bbox 1063 2129 1210 2174; x_wconf 87' lang='lat' dir='ltr'>neque</span> <span class='ocrx_word' id='word_1_202' title='bbox 1248 2113 1627 2172; x_wconf 78' lang='lat' dir='ltr'>interpretatione</span> <span class='ocrx_word' id='word_1_203' title='bbox 1662 2127 1772 2171; x_wconf 86' lang='lat' dir='ltr'>pure</span> <span class='ocrx_word' id='word_1_204' title='bbox 1806 2111 2048 2156; x_wconf 84' lang='lat' dir='ltr'>extensiva</span> 
     </span>
     <span class='ocr_line' id='line_1_27' title="bbox 270 2194 2049 2255; baseline -0.001 -15"><span class='ocrx_word' id='word_1_205' title='bbox 270 2211 417 2255; x_wconf 87' lang='lat' dir='ltr'>neque</span> <span class='ocrx_word' id='word_1_206' title='bbox 442 2196 822 2255; x_wconf 80' lang='lat' dir='ltr'>interpretatione</span> <span class='ocrx_word' id='word_1_207' title='bbox 854 2197 1097 2242; x_wconf 87' lang='lat' dir='ltr'>extensiva</span> <span class='ocrx_word' id='word_1_208' title='bbox 1121 2197 1501 2255; x_wconf 82' lang='lat' dir='ltr'>comprehensiva</span> <span class='ocrx_word' id='word_1_209' title='bbox 1527 2197 1540 2220; x_wconf 58' lang='lat'>4</span> <span class='ocrx_word' id='word_1_210' title='bbox 1574 2197 1618 2240; x_wconf 89' lang='lat' dir='ltr'>in</span> <span class='ocrx_word' id='word_1_211' title='bbox 1653 2195 1835 2240; x_wconf 89' lang='lat' dir='ltr'>casibus</span> <span class='ocrx_word' id='word_1_212' title='bbox 1856 2208 1971 2254; x_wconf 86' lang='lat' dir='ltr'>quae</span> <span class='ocrx_word' id='word_1_213' title='bbox 1996 2194 2049 2238; x_wconf 91' lang='lat' dir='ltr'>iis</span> 
     </span>
     <span class='ocr_line' id='line_1_28' title="bbox 269 2276 2048 2340; baseline -0.002 -17"><span class='ocrx_word' id='word_1_214' title='bbox 269 2284 565 2338; x_wconf 87' lang='lat' dir='ltr'>opponuntur</span> <span class='ocrx_word' id='word_1_215' title='bbox 589 2280 633 2324; x_wconf 88' lang='lat' dir='ltr'>in</span> <span class='ocrx_word' id='word_1_216' title='bbox 659 2281 823 2340; x_wconf 88' lang='lat' dir='ltr'>quibus</span> <span class='ocrx_word' id='word_1_217' title='bbox 845 2281 968 2340; x_wconf 89' lang='lat' dir='ltr'>prior</span> <span class='ocrx_word' id='word_1_218' title='bbox 990 2285 1036 2325; x_wconf 89' lang='lat' dir='ltr'>et</span> <span class='ocrx_word' id='word_1_219' title='bbox 1058 2281 1258 2325; x_wconf 88' lang='lat' dir='ltr'>secunda</span> <span class='ocrx_word' id='word_1_220' title='bbox 1278 2282 1431 2338; x_wconf 83' lang='lat' dir='ltr'>regula</span> <span class='ocrx_word' id='word_1_221' title='bbox 1456 2281 1605 2324; x_wconf 89' lang='lat' dir='ltr'>locum</span> <span class='ocrx_word' id='word_1_222' title='bbox 1627 2279 1812 2324; x_wconf 81' lang='lat' dir='ltr'>liabent.</span> <span class='ocrx_word' id='word_1_223' title='bbox 1829 2278 1873 2334; x_wconf 85' lang='lat' dir='ltr'>d)</span> <span class='ocrx_word' id='word_1_224' title='bbox 1908 2276 2048 2322; x_wconf 87' lang='lat' dir='ltr'>Privi-</span> 
     </span>
     <span class='ocr_line' id='line_1_29' title="bbox 269 2360 2049 2423; baseline -0.002 -16"><span class='ocrx_word' id='word_1_225' title='bbox 269 2363 384 2421; x_wconf 82' lang='lat' dir='ltr'>legia</span> <span class='ocrx_word' id='word_1_226' title='bbox 418 2368 578 2407; x_wconf 88' lang='lat' dir='ltr'>contra</span> <span class='ocrx_word' id='word_1_227' title='bbox 614 2363 683 2407; x_wconf 90' lang='lat' dir='ltr'>ius</span> <span class='ocrx_word' id='word_1_228' title='bbox 715 2364 901 2408; x_wconf 88' lang='lat' dir='ltr'>strictae</span> <span class='ocrx_word' id='word_1_229' title='bbox 935 2368 1045 2409; x_wconf 89' lang='lat' dir='ltr'>sunt</span> <span class='ocrx_word' id='word_1_230' title='bbox 1078 2363 1474 2423; x_wconf 87' lang='lat' dir='ltr'>interpretationis</span> <span class='ocrx_word' id='word_1_231' title='bbox 1498 2363 1511 2386; x_wconf 84' lang='lat'>⁵</span> <span class='ocrx_word' id='word_1_232' title='bbox 1545 2362 1793 2407; x_wconf 91' lang='lat' dir='ltr'>dummodo</span> <span class='ocrx_word' id='word_1_233' title='bbox 1826 2374 1918 2405; x_wconf 90' lang='lat' dir='ltr'>non</span> <span class='ocrx_word' id='word_1_234' title='bbox 1957 2360 2049 2405; x_wconf 92' lang='lat' dir='ltr'>sint</span> 
     </span>
     <span class='ocr_line' id='line_1_30' title="bbox 270 2443 2050 2505; baseline -0.002 -15"><span class='ocrx_word' id='word_1_235' title='bbox 270 2445 317 2490; x_wconf 88' lang='lat' dir='ltr'>in</span> <span class='ocrx_word' id='word_1_236' title='bbox 351 2446 523 2490; x_wconf 89' lang='lat' dir='ltr'>bonum</span> <span class='ocrx_word' id='word_1_237' title='bbox 556 2447 791 2505; x_wconf 84' lang='lat' dir='ltr'>publicum</span> <span class='ocrx_word' id='word_1_238' title='bbox 816 2447 830 2470; x_wconf 82' lang='lat'><strong>⁶</strong></span> <span class='ocrx_word' id='word_1_239' title='bbox 868 2448 938 2491; x_wconf 88' lang='lat' dir='ltr'>vel</span> <span class='ocrx_word' id='word_1_240' title='bbox 972 2462 1029 2491; x_wconf 88' lang='lat' dir='ltr'>ex</span> <span class='ocrx_word' id='word_1_241' title='bbox 1063 2451 1187 2492; x_wconf 89' lang='lat' dir='ltr'>certa</span> <span class='ocrx_word' id='word_1_242' title='bbox 1221 2446 1441 2503; x_wconf 87' lang='lat' dir='ltr'>scientia,</span> <span class='ocrx_word' id='word_1_243' title='bbox 1475 2451 1556 2491; x_wconf 88' lang='lat' dir='ltr'>aut</span> <span class='ocrx_word' id='word_1_244' title='bbox 1579 2449 1706 2490; x_wconf 88' lang='lat' dir='ltr'>motu</span> <span class='ocrx_word' id='word_1_245' title='bbox 1741 2443 1919 2503; x_wconf 91' lang='lat' dir='ltr'>proprio</span> <span class='ocrx_word' id='word_1_246' title='bbox 1944 2457 2050 2488; x_wconf 92' lang='lat' dir='ltr'>con-</span> 
     </span>
     <span class='ocr_line' id='line_1_31' title="bbox 270 2524 2049 2588; baseline -0.002 -15"><span class='ocrx_word' id='word_1_247' title='bbox 270 2543 413 2584; x_wconf 86' lang='lat' dir='ltr'>cessa,</span> <span class='ocrx_word' id='word_1_248' title='bbox 450 2529 523 2573; x_wconf 93' lang='lat' dir='ltr'>vel</span> <span class='ocrx_word' id='word_1_249' title='bbox 555 2529 756 2588; x_wconf 90' lang='lat' dir='ltr'>alioquin</span> <span class='ocrx_word' id='word_1_250' title='bbox 790 2535 943 2574; x_wconf 86' lang='lat' dir='ltr'>essent</span> <span class='ocrx_word' id='word_1_251' title='bbox 978 2529 1172 2574; x_wconf 90' lang='lat' dir='ltr'>inutilia.</span> <span class='ocrx_word' id='word_1_252' title='bbox 1208 2532 1246 2587; x_wconf 84' lang='lat' dir='ltr'>e)</span> <span class='ocrx_word' id='word_1_253' title='bbox 1284 2528 1563 2574; x_wconf 88' lang='lat' dir='ltr'>Moderatius</span> <span class='ocrx_word' id='word_1_254' title='bbox 1595 2542 1648 2573; x_wconf 89' lang='lat' dir='ltr'>ac</span> <span class='ocrx_word' id='word_1_255' title='bbox 1690 2526 1924 2572; x_wconf 89' lang='lat' dir='ltr'>remissius</span> <span class='ocrx_word' id='word_1_256' title='bbox 1962 2524 2049 2584; x_wconf 86' lang='lat' dir='ltr'>pri-</span> 
     </span>
    </p>
   </div>
   <div class='ocr_carea' id='block_1_8' title="bbox 389 2675 1560 3080">
    <p class='ocr_par' dir='ltr' id='par_1_8' title="bbox 391 2675 1560 2793">
     <span class='ocr_line' id='line_1_32' title="bbox 391 2675 1560 2722; baseline 0 -10"><span class='ocrx_word' id='word_1_257' title='bbox 391 2676 398 2695; x_wconf 89' lang='lat'><strong>¹</strong></span> <span class='ocrx_word' id='word_1_258' title='bbox 428 2677 514 2721; x_wconf 82' lang='lat' dir='ltr'>Arg.</span> <span class='ocrx_word' id='word_1_259' title='bbox 535 2686 565 2712; x_wconf 89' lang='lat' dir='ltr'>c.</span> <span class='ocrx_word' id='word_1_260' title='bbox 587 2676 603 2711; x_wconf 84' lang='lat'><strong>1</strong></span> <span class='ocrx_word' id='word_1_261' title='bbox 625 2676 669 2712; x_wconf 87' lang='grc'>(16</span> <span class='ocrx_word' id='word_1_262' title='bbox 689 2676 773 2713; x_wconf 87' lang='lat' dir='ltr'>filiis</span> <span class='ocrx_word' id='word_1_263' title='bbox 792 2677 935 2722; x_wconf 83' lang='lat' dir='ltr'>praesb.</span> <span class='ocrx_word' id='word_1_264' title='bbox 959 2678 994 2712; x_wconf 88' lang='lat' dir='ltr'>in</span> <span class='ocrx_word' id='word_1_265' title='bbox 1013 2678 1044 2719; x_wconf 82' lang='lat'>6,</span> <span class='ocrx_word' id='word_1_266' title='bbox 1067 2678 1087 2712; x_wconf 93' lang='lat' dir='ltr'>l.</span> <span class='ocrx_word' id='word_1_267' title='bbox 1105 2677 1126 2712; x_wconf 81' lang='lat'>5</span> <span class='ocrx_word' id='word_1_268' title='bbox 1144 2678 1188 2713; x_wconf 83' lang='lat' dir='ltr'>de</span> <span class='ocrx_word' id='word_1_269' title='bbox 1207 2683 1324 2714; x_wconf 84' lang='lat' dir='ltr'>const.</span> <span class='ocrx_word' id='word_1_270' title='bbox 1347 2676 1503 2722; x_wconf 86' lang='lat' dir='ltr'>Princip.</span> <span class='ocrx_word' id='word_1_271' title='bbox 1524 2675 1560 2711; x_wconf 78' lang='lat' dir='ltr'>ff.</span> 
     </span>
     <span class='ocr_line' id='line_1_33' title="bbox 391 2747 934 2793; baseline 0 -9"><span class='ocrx_word' id='word_1_272' title='bbox 391 2748 402 2766; x_wconf 76' lang='lat'>‘²</span> <span class='ocrx_word' id='word_1_273' title='bbox 429 2748 466 2784; x_wconf 89' lang='lat' dir='ltr'>C.</span> <span class='ocrx_word' id='word_1_274' title='bbox 486 2747 531 2783; x_wconf 71' lang='lat'>22</span> <span class='ocrx_word' id='word_1_275' title='bbox 551 2748 596 2784; x_wconf 86' lang='grc'>(16</span> <span class='ocrx_word' id='word_1_276' title='bbox 615 2748 721 2793; x_wconf 67' lang='lat' dir='ltr'>priv„</span> <span class='ocrx_word' id='word_1_277' title='bbox 741 2758 770 2783; x_wconf 92' lang='lat' dir='ltr'>c.</span> <span class='ocrx_word' id='word_1_278' title='bbox 793 2748 835 2784; x_wconf 87' lang='grc'>16</span> <span class='ocrx_word' id='word_1_279' title='bbox 854 2748 934 2784; x_wconf 90' lang='lat' dir='ltr'>eod.</span> 
     </span>
    </p>

    <p class='ocr_par' dir='ltr' id='par_1_9' title="bbox 391 2819 951 2865">
     <span class='ocr_line' id='line_1_34' title="bbox 391 2819 951 2865; baseline -0.005 -9"><span class='ocrx_word' id='word_1_280' title='bbox 391 2820 403 2839; x_wconf 83' lang='lat'><strong>³</strong></span> <span class='ocrx_word' id='word_1_281' title='bbox 430 2821 466 2857; x_wconf 89' lang='lat' dir='ltr'>C.</span> <span class='ocrx_word' id='word_1_282' title='bbox 485 2819 541 2863; x_wconf 80' lang='lat'>25,</span> <span class='ocrx_word' id='word_1_283' title='bbox 560 2819 617 2863; x_wconf 74' lang='lat'>24,</span> <span class='ocrx_word' id='word_1_284' title='bbox 636 2820 679 2856; x_wconf 88' lang='grc'>(16</span> <span class='ocrx_word' id='word_1_285' title='bbox 701 2820 827 2865; x_wconf 84' lang='lat' dir='ltr'>praeb.</span> <span class='ocrx_word' id='word_1_286' title='bbox 846 2820 883 2855; x_wconf 89' lang='lat' dir='ltr'>in</span> <span class='ocrx_word' id='word_1_287' title='bbox 902 2819 951 2855; x_wconf 81' lang='lat'>6⁰.</span> 
     </span>
    </p>

    <p class='ocr_par' dir='ltr' id='par_1_10' title="bbox 389 2890 1443 2936">
     <span class='ocr_line' id='line_1_35' title="bbox 389 2890 1443 2936; baseline 0.001 -9"><span class='ocrx_word' id='word_1_288' title='bbox 389 2890 403 2910; x_wconf 54' lang='lat'><strong>⁸</strong></span> <span class='ocrx_word' id='word_1_289' title='bbox 429 2892 467 2929; x_wconf 88' lang='lat' dir='ltr'>L.</span> <span class='ocrx_word' id='word_1_290' title='bbox 490 2892 520 2934; x_wconf 84' lang='lat'>1,</span> <span class='ocrx_word' id='word_1_291' title='bbox 539 2895 554 2932; x_wconf 70' lang='lat' dir='ltr'>S</span> <span class='ocrx_word' id='word_1_292' title='bbox 573 2891 647 2935; x_wconf 69' lang='lat' dir='ltr'>ult„</span> <span class='ocrx_word' id='word_1_293' title='bbox 665 2891 709 2927; x_wconf 90' lang='lat' dir='ltr'>de</span> <span class='ocrx_word' id='word_1_294' title='bbox 729 2895 847 2928; x_wconf 78' lang='lat' dir='ltr'>const.</span> <span class='ocrx_word' id='word_1_295' title='bbox 867 2890 998 2933; x_wconf 74' lang='lat' dir='ltr'>princ,</span> <span class='ocrx_word' id='word_1_296' title='bbox 1019 2900 1098 2936; x_wconf 86' lang='lat' dir='ltr'>cap.</span> <span class='ocrx_word' id='word_1_297' title='bbox 1118 2891 1140 2927; x_wconf 88' lang='lat'>9</span> <span class='ocrx_word' id='word_1_298' title='bbox 1160 2891 1204 2927; x_wconf 85' lang='grc'>(16</span> <span class='ocrx_word' id='word_1_299' title='bbox 1226 2891 1316 2935; x_wconf 87' lang='lat' dir='ltr'>priv.</span> <span class='ocrx_word' id='word_1_300' title='bbox 1337 2891 1374 2927; x_wconf 89' lang='lat' dir='ltr'>in</span> <span class='ocrx_word' id='word_1_301' title='bbox 1394 2890 1443 2928; x_wconf 82' lang='lat'>6⁰.</span> 
     </span>
    </p>

    <p class='ocr_par' dir='ltr' id='par_1_11' title="bbox 390 2962 888 3008">
     <span class='ocr_line' id='line_1_36' title="bbox 390 2962 888 3008; baseline -0.004 -9"><span class='ocrx_word' id='word_1_302' title='bbox 390 2963 402 2982; x_wconf 75' lang='lat'>⁵</span> <span class='ocrx_word' id='word_1_303' title='bbox 429 2963 466 2999; x_wconf 91' lang='lat' dir='ltr'>C.</span> <span class='ocrx_word' id='word_1_304' title='bbox 487 2963 518 3007; x_wconf 83' lang='lat'>1,</span> <span class='ocrx_word' id='word_1_305' title='bbox 537 2963 569 3006; x_wconf 77' lang='lat'>2,</span> <span class='ocrx_word' id='word_1_306' title='bbox 589 2963 633 2999; x_wconf 88' lang='lat' dir='ltr'>de</span> <span class='ocrx_word' id='word_1_307' title='bbox 655 2962 702 2998; x_wconf 84' lang='lat' dir='ltr'>til.</span> <span class='ocrx_word' id='word_1_308' title='bbox 722 2962 888 3008; x_wconf 81' lang='lat' dir='ltr'>presbyt.</span> 
     </span>
    </p>

    <p class='ocr_par' dir='ltr' id='par_1_12' title="bbox 392 3033 708 3080">
     <span class='ocr_line' id='line_1_37' title="bbox 392 3033 708 3080; baseline -0.006 -9"><span class='ocrx_word' id='word_1_309' title='bbox 392 3033 405 3053; x_wconf 76' lang='lat'><strong>⁶</strong></span> <span class='ocrx_word' id='word_1_310' title='bbox 431 3035 467 3071; x_wconf 87' lang='lat' dir='ltr'>C.</span> <span class='ocrx_word' id='word_1_311' title='bbox 487 3034 534 3071; x_wconf 87' lang='grc'>50</span> <span class='ocrx_word' id='word_1_312' title='bbox 552 3034 596 3070; x_wconf 86' lang='grc'>(16</span> <span class='ocrx_word' id='word_1_313' title='bbox 616 3034 708 3080; x_wconf 85' lang='lat' dir='ltr'>priv.</span> 
     </span>
    </p>
   </div>
  </div>
 </body>
</html>
