2176 3386
250 219 334 259 338
895 230 1006 260 PARS
1036 231 1060 259 1.
1095 231 1151 259 DE
1180 229 1393 260 Pssnsoms

250 351 356 382 eum
390 337 467 397 qui
501 337 698 395 possidet
733 338 1007 384 beneficium
1041 342 1090 382 ut
1137 351 1272 396 supra
1320 337 1524 383 diximus
1557 339 1571 362 ¹
1607 338 1680 384 vel
1722 338 1858 385 sicuti
1908 353 2034 398 prae-

250 419 466 464 scribitur
498 420 543 464 in
592 434 693 479 cap.
729 423 771 476 6,
807 434 916 466 sess.
955 425 1052 466 xxi
1086 421 1288 466 Trident.
1325 421 1499 467 Concil.
1548 421 1595 466 in
1634 435 1724 481 quo
1770 421 2037 466 decernitur

251 508 301 548 ut
335 505 483 561 primo
514 505 742 564 parochus
776 504 1078 564 personaliter
1112 509 1356 550 moneatur
1376 510 1423 550 et
1444 505 1609 550 deinde
1631 504 1782 551 debita
1809 506 2037 565 plectatur

251 586 547 643 coercitione,
582 592 629 632 et
661 588 848 632 tandem
883 587 1130 646 parochiali
1166 587 1386 634 beneficio
1428 588 1636 646 privetur
1682 588 1809 634 omni
1859 592 2035 634 remota

251 671 525 730 exceptione
558 684 612 716 ac
643 671 962 729 appellatione.
1001 671 1264 716 Praedictae
1295 676 1451 716 autem
1475 674 1752 716 monitiones
1775 672 2036 729 personali-

250 761 319 799 ter
353 754 605 812 faciendae
635 761 745 798 sant
777 753 957 798 etiamsi
991 754 1048 799 de
1079 756 1430 800 concubinariis
1467 757 1662 800 notoriis
1693 759 1855 812 agatur
1878 754 1910 798 ².

370 838 472 882 4⁹26.
510 836 728 881 Similiter
761 841 944 894 propter
976 836 1345 882 incontinentiae
1380 836 1632 896 periculum
1655 837 1834 881 clericis
1857 837 1921 882 ad
1942 839 2037 882 Mo·

253 921 465 963 nasteria
499 918 720 977 frequens
752 932 958 963 accessus
989 920 1089 963 sine
1122 918 1381 963 rationabili
1405 932 1542 964 causa
1567 918 1740 963 vetitus
1767 923 1836 964 est
1860 918 1892 975 ³,
1927 919 2037 964 alio-

251 1003 362 1061 quin
396 1005 453 1046 ab
488 1001 732 1060 Episcopis,
758 1002 898 1046 etiam
925 1003 1133 1048 censuris
1156 1002 1372 1047 adhibitis
1393 1002 1730 1055 ecclesiasticis,
1761 1002 1912 1060 puniri
1937 1015 2035 1060 pos-

252 1089 361 1128 sunt
383 1084 414 1127 ⁴.
455 1087 623 1129 Verum
658 1085 937 1143 regularibus
970 1085 1175 1130 absolute
1208 1087 1262 1130 ad
1299 1085 1570 1132 Monialium
1606 1085 1940 1130 monasterium
1962 1097 2036 1129 ac-

252 1181 406 1212 cessus
437 1167 719 1226 prohibetur,
756 1168 957 1228 alioquin
991 1184 1284 1228 quacumque
1316 1171 1602 1227 exemptione
1635 1182 1730 1213 non
1751 1169 1957 1213 obstante
1979 1169 2037 1213 ab

255 1253 474 1308 Episcopo
507 1257 750 1310 tamquam
785 1253 1068 1308 Apostolicae
1102 1254 1228 1297 Sedis
1260 1253 1470 1310 deleyato
1496 1266 1650 1309 poena
1682 1255 1826 1297 etiam
1859 1265 2036 1295 excom-

252 1335 587 1378 municationis
621 1347 675 1379 ac
704 1337 990 1391 privationis
1022 1338 1142 1380 vocis
1174 1338 1355 1381 activae
1386 1342 1428 1380 et
1463 1338 1677 1392 passivae
1723 1336 1894 1391 puniri
1935 1348 2036 1391 pos-

252 1421 376 1471 sunt,
412 1418 526 1473 quin
561 1416 617 1460 ab
650 1415 720 1460 liis
747 1419 911 1473 poenis
943 1430 973 1462 a
1014 1420 1110 1462 sais
1141 1418 1459 1475 superioribas
1507 1417 1819 1475 Regularibus
1866 1416 2040 1461 absolvi

250 1500 442 1555 possint.
480 1499 546 1543 Ab
579 1499 665 1543 hac
698 1499 1004 1558 prohibitione
1047 1505 1204 1545 tamen
1239 1501 1536 1559 excipiuntur
1570 1501 1608 1557 1)
1648 1501 1811 1544 fratres
1843 1514 1895 1544 ac
1927 1512 2037 1543 con-

254 1580 510 1638 sanguinei,
547 1583 588 1638 2)
626 1583 892 1627 confessarii
926 1583 1145 1628 ordinarii
1183 1584 1254 1628 vel
1277 1583 1630 1628 extraordinarii
1654 1584 1752 1628 sive
1782 1583 2038 1628 saeculares

253 1664 351 1709 sive
376 1666 621 1722 regulares,
647 1667 688 1722 5)
728 1671 1046 1724 procuratores
1075 1667 1460 1712 Monasteriorum
1484 1666 1650 1726 aliique
1674 1666 1720 1710 in
1748 1663 2038 1710 Monasteriis

254 1749 454 1794 officium
490 1750 728 1795 habentes.

365 1834 474 1878 427.
511 1834 670 1879 Clerici
703 1848 841 1893 quam
877 1835 1080 1880 maxime
1113 1847 1210 1879 sese
1233 1833 1490 1879 inebriandi
1515 1833 1765 1892 periculum
1794 1831 1939 1876 vitare
1962 1831 2035 1878 de-

254 1915 380 1972 bent,
416 1916 528 1961 adeo
560 1920 612 1960 ut
644 1921 804 1962 contra
838 1917 1027 1962 clericos
1058 1917 1134 1977 qui
1185 1917 1229 1961 in
1273 1916 1509 1961 ebrietatis
1557 1916 1668 1962 vitio
1716 1915 2038 1961 insordescunt

258 2000 503 2058 Episcopus
536 2014 681 2058 poena
714 2000 1028 2059 suspensionis
1061 2001 1117 2045 ab
1143 2000 1291 2046 officio
1325 2004 1371 2044 et
1402 2000 1625 2045 beneficio
1659 2002 1903 2058 procedere
1938 2003 2033 2055 pot-

254 2086 323 2127 est
347 2082 378 2138 ⁵‚
414 2083 506 2127 imo
538 2083 708 2142 absque
743 2083 1030 2128 necessitatis
1063 2097 1199 2128 causa
1235 2085 1450 2128 tabernas
1482 2097 1561 2128 seu
1596 2096 1827 2141 cauponas
1856 2082 2037 2127 bibendi

253 2168 334 2208 aut
365 2165 527 2210 edendi
561 2179 698 2210 causa
731 2165 906 2223 ingredi
944 2166 1246 2225 prohibentur
1270 2166 1301 2211 ⁵.

371 2248 474 2292 428.
510 2248 670 2293 Clerici
704 2248 887 2293 laicales
923 2254 1074 2294 vestes
1106 2250 1296 2294 induere
1331 2250 1632 2308 prohibentur
1663 2264 1780 2309 quae
1801 2250 1917 2295 tales
1938 2251 2038 2296 sive

251 2331 399 2390 quoad
437 2331 650 2386 sormam,
700 2331 799 2376 sive
846 2332 995 2391 quoad
1037 2333 1236 2378 colorem
1288 2333 1555 2377 habentur⁷
1589 2347 1643 2377 ac
1676 2338 1914 2378 tonsuram
1960 2333 2035 2378 de-

253 2415 372 2458 serre
407 2417 639 2459 tenentur.
680 2418 774 2460 [mo
806 2415 970 2460 saltem
1005 2429 1058 2459 co
1093 2419 1299 2473 tempore
1331 2430 1421 2475 quo
1456 2415 1500 2460 in
1536 2415 1727 2461 ecclesia
1770 2415 1928 2460 divina
1962 2429 2034 2460 ce·
2090 2444 2100 2452 ι

375 2574 384 2593 ¹
415 2574 502 2620 Cap.
530 2574 628 2617 XIV,
655 2574 752 2612 Sess.
780 2575 897 2611 XXV.

374 2646 385 2664 ¹
413 2646 463 2683 Cf.
490 2646 654 2683 Gsncms
689 2646 734 2682 de
772 2646 896 2684 Benef.
938 2647 1035 2684 Part.
1076 2646 1109 2689 2,
1150 2656 1231 2692 cap.
1271 2647 1324 2689 10,
1367 2657 1402 2683 n.
1439 2647 1516 2684 186.
1543 2647 1716 2685 BAnBosA
1742 2656 1821 2693 cap.
1847 2646 1881 2691 4,
1906 2646 1975 2683 Tit.
2003 2646 2037 2689 2,

255 2715 319 2753 lib.
345 2717 377 2761 5,
404 2726 439 2754 n„
466 2716 498 2752 6.
1595 2702 1599 2705 '

374 2787 388 2806 ⁸
414 2787 498 2833 Cap.
525 2788 558 2831 8,
586 2789 654 2824 Tit.
683 2788 711 2831 1,
739 2788 802 2824 lib.
829 2789 862 2825 5.

374 2857 387 2877 ‘
412 2858 546 2895 Bened.
574 2859 672 2896 XlV.
692 2859 730 2895 in
755 2859 861 2905 epist.
889 2859 1065 2897 decretali
1093 2860 1313 2898 Gravissima
1338 2860 1384 2897 26
1410 2861 1504 2898 Iunii
1534 2861 1636 2898 1749.

375 2929 388 2949 ³
414 2929 501 2976 Cap.
530 2929 584 2972 14,
612 2930 680 2967 Tit.
710 2931 740 2975 1,
767 2930 831 2966 lib.
858 2931 892 2967 5.

373 3001 389 3022 ⁸
414 3002 500 3049 Cap.
528 3002 583 3046 15,
612 3003 662 3040 tit.
691 3003 722 3048 1,
748 3003 811 3040 lib.
838 3003 859 3039 5
886 3004 997 3040 Cone.
1016 3003 1162 3040 Baltim.
1190 3014 1226 3040 n.
1253 3003 1313 3040 80.

375 3072 388 3092 ⁷
414 3070 550 3111 Bened-
576 3074 674 3117 ΧΙΠ,
701 3074 853 3112 Constit.
879 3074 982 3112 Cam.
1008 3075 1104 3112 Eccl.
1126 3075 1226 3112 1725.
