2176 3386
543 181 675 210 mni-:n
703 181 728 210 1.
759 181 817 210 DE
847 180 988 210 minus
1017 179 1253 209 Eccmzslffl
1281 179 1607 209 smmTUALmus
1887 169 1965 209 227

181 291 277 336 fere
309 289 586 349 impossibile
623 294 709 344 est,
748 289 856 334 hinc
889 288 1042 334 omnis
1073 288 1435 334 communicatio
1467 288 1686 334 evitanda
1719 294 1803 334 est.
1844 288 1965 334 Dixi-

181 387 284 419 mus
314 372 415 431 fere
447 373 737 431 impossibile,
773 386 880 417 cum
915 372 1090 430 possint
1121 371 1170 416 in
1203 371 1354 431 aliquo
1389 386 1491 417 raro
1523 374 1631 417 ca'su
1664 386 1746 417 eae
1768 371 1965 417 circum-

180 455 378 501 stantiae
410 468 701 500 concurrere.
739 454 858 500 Hinc
890 454 938 499 in
972 460 1080 500 casu
1114 454 1465 512 urgentissimae
1502 454 1790 499 necessitatis
1821 468 1845 499 a
1882 453 1964 499 mi-

180 539 325 584 nistro
366 538 598 584 haeretico
636 538 851 598 baptismi
900 544 1244 584 sacramentum
1288 538 1453 597 suscipi
1503 543 1666 597 potest.
1719 542 1760 583 S.
1797 542 1959 598 Congr.

180 623 316 668 Univ.
354 623 559 682 Inquisit.
587 623 613 667 8
637 623 751 668 febr.
782 623 892 667 1597
926 622 1044 680 apud
1069 621 1286 667 Albitium
1311 625 1416 681 Cap.
1447 623 1516 678 18,
1543 637 1588 667 n.
1617 623 1688 668 52.
1728 627 1790 668 [ta
1822 623 1963 669 etiam

180 711 351 752 vacant
383 707 512 765 culpa
546 720 662 766 quae
695 720 752 751 ex
787 707 873 751 hac
906 720 1043 752 causa
1078 706 1336 764 proveniat,
1372 706 1584 751 catholici
1617 707 1695 766 qui
1731 707 1962 766 pontificia

179 789 518 847 dispensatione
551 791 740 834 obtenta
774 789 968 849 aliisque
1001 789 1198 834 servatis
1230 789 1586 846 conditionibuS,
1613 791 1962 836 matrimonium

180 886 285 918 cum
320 872 562 918 haereticis
594 877 640 917 et
671 872 977 918 schismaticis
1009 873 1292 918 contrahunt
1314 875 1343 919 ¹.

240 1064 258 1110 ἓ
284 1065 316 1100 2.
343 1084 389 1088 -
416 1064 476 1100 De
503 1064 870 1100 communicatione
897 1064 1188 1100 catholicorum
1218 1075 1307 1099 cum
1334 1063 1547 1100 haereticis
1573 1067 1608 1100 et
1634 1065 1899 1102 schismaticis

805 1137 846 1172 in
867 1136 1051 1183 profanis
1078 1139 1113 1172 et
1141 1135 1332 1172 civilibus.

303 1288 425 1332 1115.
465 1287 554 1331 Etsi
578 1285 924 1332 communicare
947 1285 1087 1330 etiam
1112 1287 1157 1329 in
1182 1284 1393 1331 civilibus
1416 1300 1521 1330 cum
1556 1287 1829 1344 infidelibus,
1857 1290 1961 1335 hae·

179 1371 333 1416 reticis
365 1374 412 1416 et
433 1370 754 1426 schismaticis,
783 1375 916 1429 prout
938 1369 1145 1428 superius
1168 1369 1385 1425 diximus,
1412 1370 1665 1427 generatim
1700 1385 1791 1415 non
1827 1371 1962 1417 liceat

179 1455 416 1501 catholicis
445 1455 484 1510 ²,
521 1468 679 1500 eorum
730 1459 886 1498 tamen
937 1458 1092 1512 optata
1137 1453 1205 1508 ads
1238 1453 1370 1498 tidem
1407 1454 1648 1499 conversio
1691 1460 1737 1498 et
1783 1456 1959 1513 publica

179 1539 457 1585 christianae
501 1538 776 1597 reipublicae
822 1539 994 1583 utilitas
1035 1539 1236 1592 faciunt,
1272 1542 1323 1582 ut
1355 1552 1446 1582 non
1482 1538 1710 1597 quaelibet
1751 1553 1856 1583 cum
1891 1539 1960 1584 his

179 1622 539 1668 communicatio
572 1622 814 1667 interdicta
851 1622 926 1678 sit,
954 1622 1221 1681 praesertim
1255 1621 1300 1666 in
1330 1621 1440 1686 10618
1474 1622 1520 1666 in
1553 1622 1718 1681 quibus
1751 1623 1960 1668 haereses

177 1709 257 1750 aut
289 1705 589 1749 dominantur
621 1709 701 1749 aut
746 1709 1015 1762 grassantur
1047 1705 1235 1763 impune
1269 1709 1314 1749 et
1346 1705 1506 1750 duram
1542 1706 1754 1751 catholici
1806 1721 1959 1751 neces-

177 1789 360 1833 sitatem
394 1802 499 1833 cum
535 1788 620 1834 illis
653 1789 959 1834 conversandi
993 1794 1040 1834 et
1072 1789 1360 1834 familiariter
1392 1789 1554 1847 agendi
1588 1790 1801 1835 subeunt.

301 1871 427 1915 1114.
466 1874 680 1916 Attamen
716 1886 774 1916 ne
809 1870 912 1916 [idei
960 1874 1198 1929 integritas
1245 1871 1577 1917 detrimentum
1613 1872 1797 1928 subeat,
1835 1888 1958 1931 prae-

179 1958 388 2010 terquam
420 1954 540 2013 quod
575 1954 786 1999 hortandi
822 1959 930 1999 sunt
962 1954 1115 2000 fideles
1149 1960 1199 1999 ut
1230 1960 1455 2014 quantum
1492 1960 1681 2014 possunt
1729 1957 1958 2002 consortia

177 2042 223 2081 et
255 2037 616 2082 familiaritatem
661 2052 766 2084 cum
801 2039 871 2083 his
902 2039 1109 2084 devitare
1151 2043 1346 2095 curent,
1381 2039 1604 2098 quaedam
1651 2040 1958 2086 ecclesiastica

176 2119 450 2164 auctoritate
484 2120 791 2180 praescriptae
827 2126 935 2166 sunt
968 2135 1174 2176 normae,
1210 2121 1374 2180 quibus
1411 2122 1523 2166 haec
1567 2123 1660 2180 ipsa
1702 2124 1957 2167 communi-

176 2202 295 2247 catio
330 2202 421 2260 regi
453 2204 600 2248 debet.

302 2285 425 2329 1115.
462 2286 652 2331 Omissis
683 2285 738 2331 iis
769 2301 885 2346 quae
910 2302 932 2332 a
957 2287 1180 2346 theologis
1204 2289 1287 2332 hac
1310 2288 1364 2332 de
1390 2302 1436 2332 re
1460 2292 1801 2346 pertractantur
1822 2302 1958 2348 quae·

176 2366 416 2423 stionibuS,
452 2382 639 2426 agemus
671 2374 883 2415 tantum:
921 2374 967 2428 α)
1001 2371 1055 2415 (16
1089 2370 1254 2416 scholis
1286 2376 1332 2415 et
1364 2371 1570 2428 Collegiis
1604 2370 1785 2428 mixtis3
1827 2372 1866 2428 b)
1902 2372 1956 2416 de

178 2450 513 2496 haereticorum
548 2452 697 2511 libris;
734 2455 772 2512 e)
810 2454 864 2499 de
898 2454 1283 2512 disputationibus
1315 2468 1421 2499 cum
1456 2454 1697 2499 haereticis
1725 2454 1952 2500 ineundis.

300 2533 426 2578 1116.
463 2534 616 2579 Placet
648 2549 758 2580 vero
793 2535 839 2580 in
873 2541 1164 2582 antecessum
1199 2538 1418 2582 adnotare
1451 2537 1599 2596 quoad
1642 2537 1957 2582 communica-

176 2615 351 2660 tionem
375 2617 705 2663 catholicorum
729 2632 834 2664 cum
859 2619 1036 2665 ludaeis
1057 2621 1279 2679 quaedam
1315 2620 1550 2678 speciatim
1575 2620 1825 2664 constituta
1858 2633 1956 2666 esse

178 2699 224 2743 in
258 2703 361 2758 Cap.
399 2701 577 2758 Nullas,
614 2705 719 2761 Cap.
762 2706 942 2759 onmes,
979 2706 1083 2763 Cap.
1121 2705 1305 2759 Iudaei,
1342 2708 1439 2748 tum
1474 2704 1613 2748 etiam
1648 2703 1694 2748 in
1728 2703 1954 2749 Constitu-

296 2834 307 2853 ¹
335 2834 404 2870 Cir.
431 2834 564 2871 Bened.
594 2835 680 2872 XIV
707 2835 749 2871 de
776 2835 859 2881 Syn.
886 2835 908 2872 l.
934 2837 967 2880 5,
995 2845 1024 2871 c.
1052 2836 1085 2872 6.

296 2907 308 2925 ⁹
334 2906 503 2943 Notanda
527 2912 583 2944 est
608 2907 804 2944 Instructio
830 2917 940 2954 quam
967 2908 1070 2945 Card.
1098 2907 1268 2944 vicarius
1288 2917 1333 2943 ex
1353 2907 1524 2943 mandato
1552 2907 1692 2943 Summi
1712 2907 1845 2943 Pontis.
1865 2908 1957 2943 Leo-

175 2978 234 3014 nis
260 2978 348 3014 Xlll
373 2978 431 3014 die
460 2978 502 3014 12
530 2978 609 3015 iulii
636 2979 728 3016 1878
755 2979 932 3016 Parochis
958 2980 1090 3016 direxit
1115 2979 1318 3025 respiciens
1346 2989 1423 3022 608,
1451 2979 1513 3024 qui
1541 2988 1627 3015 cum
1662 2978 1956 3015 Protestantibus

177 3049 275 3096 apud
300 3058 370 3086 nos
395 3050 534 3096 templa
557 3054 593 3086 et
619 3050 767 3087 scholas
796 3051 1046 3097 aperientibus
1074 3051 1361 3088 communicant.
