2176 3386
1274 29 1277 33 ⁴
1370 34 1382 42 Δ,

211 182 292 222 378
853 195 963 224 PARS
992 196 1023 224 1.Ἰ
1051 195 1108 224 DE
1137 195 1350 224 PERsoms

213 304 370 361 plena:
408 303 453 349 in
486 309 651 364 quarto
683 318 800 364 quae
835 303 1069 362 pertinent
1101 304 1155 349 ad
1189 303 1392 349 eiusdem
1427 297 1836 351 relationem'cum
1865 305 1986 351 dioe-

212 387 320 443 cesi,
355 387 460 432 sede
495 391 710 432 vacante.
1225 391 1227 394 ⁴

958 538 1190 566 AR'HCULUS
1223 539 1249 567 1.

360 644 424 685 De
455 644 511 685 iis
543 656 662 700 quae
693 642 894 698 singulis
930 642 1134 697 Capituli
1165 642 1382 686 'men-ibris
1414 644 1684 686 communia
1715 648 1839 686 sant.

331 774 432 819 480.
471 776 586 818 Vere
611 772 879 831 proprieque
903 770 1022 816 dicta
1047 771 1238 828 Capituli
1266 772 1471 816 membra
1495 773 1641 816 solum
1665 776 1773 816 sunt
1795 773 1989 818 Canoni-

212 858 269 914 ci,
296 858 325 902 ii
362 856 626 916 praesertim
662 855 737 914 qui
770 855 813 898 in
840 854 985 912 prima
1009 854 1201 912 Capituli
1224 854 1455 899 erectione
1478 854 1716 899 constituti
1741 861 1864 911 sunt,
1889 860 1988 900 tum

211 939 350 985 ceteri
384 939 460 998 qui
494 938 708 994 deinceps
742 942 1052 991 accesserunt,
1087 942 1317 996 quatenus
1351 938 1396 981 in
1423 942 1600 995 partem
1627 939 1700 982 vel
1724 938 1769 982 in
1794 938 1988 996 plenitu-

211 1023 365 1068 dinem
403 1022 570 1066 iurium
606 1022 807 1078 legitime
841 1025 949 1064 sunt
971 1019 1174 1066 admissi..
1202 1020 1317 1064 Hinc
1340 1020 1547 1079 sequitur
1572 1020 1858 1079 Episcopum,
1884 1021 1991 1066 licet

212 1106 405 1164 Capituli
441 1110 576 1162 caput
610 1118 706 1149 esse
739 1104 919 1148 dicatur
951 1108 996 1147 et
1020 1117 1165 1147 unum
1189 1103 1469 1174 constituere
1494 1118 1598 1148 cum
1622 1105 1781 1148 eodem
1807 1118 1986 1162 corpus,

211 1190 511 1235 nihilominus
544 1189 597 1233 ad
633 1188 891 1246 Capitulum
936 1201 1025 1231 non
1074 1186 1330 1244 pertinere,
1379 1201 1525 1246 neque
1569 1187 1686 1232 illius
1730 1189 1988 1232 membrum

209 1288 322 1318 esse.
361 1273 573 1333 Sequitur
604 1272 769 1316 deinde
802 1271 857 1316 ad
891 1271 1149 1330 Capitulum
1174 1271 1351 1329 proprie
1376 1285 1466 1316 non
1495 1272 1738 1329 pertinere,
1770 1272 1877 1316 licet
1898 1271 1990 1316 sint

211 1346 415 1401 membra
450 1356 597 1400 eidem
633 1355 867 1410 adiuncta,
908 1354 1159 1407 Dignitates
1191 1368 1387 1413 quarum
1425 1368 1703 1411 possessores
1745 1368 1836 1399 11011
1881 1358 1988 1399 sunt

210 1441 344 1485 simul
377 1440 612 1495 Canonici,
639 1440 724 1484 nisi
752 1442 868 1483 forte
903 1452 1034 1483 secus
1056 1438 1361 1483 constitutum
1386 1440 1445 1483 sit
1467 1438 1511 1483 in
1538 1453 1694 1483 earum
1721 1439 1988 1483 fundatione

210 1530 256 1569 61
289 1524 374 1568 nisi
411 1528 573 1581 agatur
604 1524 658 1567 de
695 1520 875 1567 Decano
917 1522 992 1581 qui
1041 1523 1308 1579 regulariter
1349 1526 1486 1580 caput
1524 1526 1592 1566 est
1633 1522 1985 1577 Canonicorum3

210 1620 294 1650 1166
336 1605 591 1650 Canonicos
623 1605 907 1659 honorarios,
946 1619 1030 1649 nec
1064 1604 1321 1648 Canonicos
1353 1604 1427 1663 qui
1460 1604 1599 1648 creati
1624 1610 1777 1649 sunta
1803 1607 1989 1649 Summo

211 1689 429 1733 Pontifice
463 1703 568 1733 cum
604 1691 894 1745 expectativa
928 1693 974 1731 et
1006 1688 1154 1732 adhuc
1190 1687 1473 1746 praebendae
1517 1686 1807 1732 vacationem
1853 1701 1986 1745 expe-

208 1778 353 1827 ctant,
391 1786 475 1816 1166
508 1776 684 1816 ceteros
718 1771 1052 1826 beneficiarios,
1087 1771 1163 1829 qui
1191 1771 1306 1814 infra
1333 1770 1667 1815 Canonicorum
1694 1770 1858 1828 gradus
1880 1784 1987 1815 con-

207 1855 354 1900 stituti
389 1860 509 1899 sunt.
544 1855 623 1899 His
658 1854 932 1913 praemissis,
958 1868 1074 1913 quae
1099 1853 1301 1897 eiusdem
1340 1853 1557 1897 membris
1590 1853 1854 1898 communia
1879 1857 1987 1898 sunt

210 1939 271 1982 ita
307 1952 650 1998 persequemur,
687 1942 735 1981 ut
770 1937 916 1995 primo
950 1951 1139 1995 agamus
1162 1937 1216 1980 de
1241 1937 1443 1994 legitima
1473 1936 1664 1995 Capituli
1688 1935 1919 1981 erectione
1942 1940 2008 1997 et·

213 2021 573 2078 constitutione,
610 2021 801 2065 subinde
835 2021 889 2064 de
921 2021 1080 2064 officiis
1104 2025 1149 2064 et
1172 2019 1549 2077 obligati‹›nibus;
1580 2020 1634 2064 de
1660 2019 1830 2064 iuribus
1852 2024 1988 2078 atque

209 2104 484 2161 honoribus,
520 2105 574 2148 de
608 2103 809 2148 eiusdem
846 2104 1183 2148 convocatione
1217 2117 1270 2147 36
1303 2102 1611 2148 celebratione
1648 2104 1703 2148 ad
1736 2103 1988 2147 deliberan-

208 2188 317 2232 dum
350 2188 404 2232 de
438 2188 572 2231 rebus
605 2188 658 2231 ad
696 2187 842 2244 ipsum
880 2186 1229 2245 pertinentibus.

621 2356 638 2401 g
666 2357 697 2391 1.
723 2377 770 2380 —
796 2356 855 2391 De
881 2355 1056 2402 Capituli
1082 2355 1280 2391 erectione
1306 2366 1354 2390 (16
1380 2355 1671 2391 constitutione.

326 2473 429 2518 481.
461 2473 524 2518 Ad
549 2472 799 2531 legitimam
823 2471 1015 2531 Capituli
1040 2471 1420 2516 constitutionem
1446 2470 1678 2527 pertinent
1700 2485 1804 2516 611111
1841 2471 1984 2535 prima

208 2557 410 2602 eiusdem
446 2557 617 2602 erectio
642 2557 712 2601 vel
740 2555 964 2615 posterius
986 2559 1306 2613 augmentum,
1332 2559 1431 2598 tum
1456 2555 1596 2598 etiam
1619 2558 1791 2599 statuta
1822 2567 1902 2599 seu
1926 2554 1985 2598 le-

208 2655 285 2699 ges
317 2655 433 2700 quae
467 2654 547 2696 pro
570 2640 773 2684 eiusdem
800 2638 1021 2697 regimine
1046 2638 1130 2682 rite
1155 2640 1273 2682 latae
1296 2642 1418 2682 sunt.
1458 2640 1550 2682 [am
1576 2651 1683 2682 vero
1706 2640 1762 2682 ad
1787 2638 1985 2695 primum

209 2724 327 2784 quod
363 2727 555 2781 spectat,
593 2723 705 2767 baec
737 2727 846 2767 sunt
877 2721 1308 2766 animadvertenda.
1358 2720 1534 2765 Erectio
1576 2734 1654 2765 seu
1699 2721 1843 2779 prima
1877 2733 1985 2765 con-

208 2806 388 2851 stitutio
417 2805 613 2864 Capituli
650 2804 876 2850 Ecclesiae
919 2803 1198 2849 Cathedralis
1240 2803 1424 2848 nonnisi
1470 2817 1496 2848 a
1535 2807 1724 2849 Summo
1769 2801 1986 2847 pontifice

206 2890 304 2934 fieri
340 2893 503 2948 potest,
541 2887 825 2947 praesertim,
861 2901 966 2932 cum
1001 2901 1050 2931 ea
1087 2887 1183 2932 fieri
1217 2888 1360 2932 soleat
1392 2901 1482 2931 una
1506 2901 1612 2932 cum
1635 2885 1731 2945 ipsa
1754 2885 1986 2931 erectione

208 2972 434 3018 Ecclesiae
467 2970 762 3026 Cathedralis,
798 2985 937 3030 quam
971 2970 1217 3016 indubitati
1254 2970 1364 3016 iuris
1407 2975 1478 3015 est
1508 2969 1700 3015 >nonnisi
1734 2983 1759 3014 a
1793 2970 1996 3013 Summo⁴

209 3054 427 3100 Pontiflce
459 3053 677 3100 constitui
711 3067 854 3110 posse.
891 3052 1083 3112 Capituli
1117 3066 1196 3098 seu
1220 3052 1802 3102 Canonicorumnumerus
1827 3049 1987 3116 augeri
