2176 3386
585 141 935 172 SUPPLEMENTUM
965 138 1244 175 QUORUMDAM
1273 136 1641 167 DOCUMENTORUM
1929 125 2006 165 311

226 253 427 313 legitima
449 250 717 297 eorumdem
742 250 986 304 bonorum,
1012 247 1081 292 ius
1101 248 1157 291 de
1178 260 1268 306 quo
1301 244 1453 303 agitur
1484 243 1546 289 illi
1571 248 1852 303 competere,
1878 242 2008 288 cuius

226 341 383 386 favore
417 339 536 384 facta
569 340 638 382 est
669 334 905 395 dispositio
932 352 970 378 n.
1008 335 1049 378 S.
1086 336 1132 378 C.
1172 335 1255 377 EE.
1293 336 1339 375 el.
1375 335 1465 376 ΗΒ.
1501 331 1556 375 26
1590 333 1688 389 Iun.
1727 328 1855 373 1829.

345 441 364 462 a
394 421 488 466 Alia
513 420 558 464 in
581 434 630 464 re
655 423 910 476 Responsa:
951 418 989 461 1.
1017 415 1288 470 Monachus,
1312 414 1453 458 etiam
1490 416 1708 471 perpetuo
1731 415 1778 455 et
1799 409 2007 455 absoluto

222 502 642 550 saecularizationis
676 499 933 559 Apostolico
967 497 1147 544 Indulto
1182 496 1442 555 praeditus,
1479 510 1571 540 non
1608 499 1757 553 potest
1788 493 1843 538 de
1878 491 2008 537 bonis

220 588 459 647 disponere
492 587 661 645 absque
697 583 979 643 Apostolicae
1014 581 1138 627 Sedis
1171 579 1354 639 speciali
1390 578 1691 637 beneplacito.
1729 579 1769 622 2.
1808 576 1850 621 si
1883 575 2005 621 dicto

219 671 399 716 Indulto
433 667 700 727 disponendi
734 670 906 722 careat,
944 666 1014 710 vel
1048 679 1101 710 eo
1125 663 1325 722 legitime
1360 677 1467 707 usus
1502 676 1592 706 non
1617 661 1689 716 sit,
1719 659 2004 717 distinguen-

220 754 328 798 dum
372 756 441 797 est
480 752 601 796 inter
643 750 761 794 bona
795 749 851 793 ab
884 762 937 792 eo
971 748 1144 792 relicta.
1198 746 1380 791 Scilicet
1423 746 1541 790 bona
1585 758 1702 804 quae
1739 741 2005 789 Monasterii

220 840 368 891 erant,
403 845 652 891 secumque
685 845 709 875 e
744 832 944 875 claustro
978 829 1216 887 egrediens
1249 828 1342 887 ipse
1375 827 1611 882 attulerat,
1642 827 1716 871 vel
1749 826 1788 870 ei
1823 830 2002 869 utcum-

219 933 306 978 que
339 919 647 971 obvenerunt,
681 913 1073 974 quemadmodum
1108 917 1154 956 et
1187 912 1322 966 bona,
1358 911 1393 954 si
1428 925 1544 970 quae
1578 910 1791 966 habebat,
1827 925 1885 954 ex
1919 908 2005 954 illis

220 1000 556 1060 provenientia,
593 1012 675 1043 suo
712 995 990 1043 Monasterio
1026 999 1233 1040 manent.
1272 995 1428 1048 Quoad
1451 999 1607 1039 autem
1639 999 1791 1038 cetera
1827 995 1944 1037 bona
1977 1008 2002 1038 a

218 1084 296 1129 tali
332 1083 558 1129 Monacbo
591 1087 722 1127 extra
748 1082 945 1125 claustra
970 1080 1103 1124 aliter
1134 1093 1270 1138 quam
1296 1093 1353 1122 ex
1379 1078 1510 1122 bonis
1532 1077 1585 1121 ad
1612 1077 1876 1135 religionem
1906 1091 2003 1135 per-

216 1168 471 1213 tinentibus
493 1165 736 1225 acquisita,
765 1163 1061 1208 iudicandum
1086 1163 1139 1206 de
1164 1162 1216 1206 iis
1240 1166 1309 1206 est
1331 1161 1460 1205 iuxta
1495 1164 1647 1206 Const.
1676 1160 1879 1217 Gregorii
1907 1164 2003 1206 XIII

223 1252 370 1310 Officii
402 1251 565 1300 nostri,
602 1248 677 1291 ubi
712 1248 832 1291 dicta
866 1250 1017 1291 Const.
1053 1245 1192 1302 viget.
1231 1246 1270 1288 5.
1314 1249 1383 1289 lus
1415 1245 1687 1293 succedendi
1731 1244 2001 1289 haereditati

219 1332 433 1378 Monacbi
470 1331 654 1389 professi
694 1329 958 1374 decedentiS
991 1333 1120 1373 extra
1156 1329 1382 1383 claustra,
1418 1328 1494 1387 qui
1531 1331 1686 1386 Apost.
1723 1329 1888 1372 Induit.
1926 1329 2001 1373 ob-

219 1416 358 1460 tinuit
391 1414 607 1459 manendi
642 1419 771 1458 extra
808 1413 1004 1458 claustra
1039 1414 1094 1456 ad
1128 1417 1326 1469 tempus,
1358 1416 1538 1455 retento
1573 1410 1748 1463 babitu,
1776 1413 1847 1456 vel
1873 1416 2000 1456 veste

215 1499 283 1545 sui
308 1498 492 1543 Ordinis
513 1497 716 1552 dimissa,
743 1497 797 1540 ad
822 1496 919 1540 eius
954 1495 1286 1540 Monasterium
1311 1500 1489 1553 spectat
1515 1513 1551 1538 n.
1590 1497 1629 1538 S.
1658 1498 1701 1539 C.
1728 1499 1813 1539 EE.
1839 1500 1885 1539 et
1905 1499 1996 1540 RR.

215 1586 242 1628 4
279 1589 370 1628 Ian.
413 1583 538 1627 1862.
574 1607 634 1614 —
665 1581 750 1627 cit.
787 1584 940 1625 Const.
978 1583 1110 1637 Greg.
1148 1580 1265 1623 bona
1305 1579 1594 1637 RegularIum
1630 1585 1761 1625 extra
1801 1581 1999 1625 claustra

213 1666 511 1724 degentium,
548 1666 871 1723 undecumque
906 1669 1168 1719 venerunt,
1204 1664 1287 1707 sub
1320 1664 1567 1722 spoliorum
1610 1665 1798 1709 nomine
1830 1666 1885 1710 ad
1920 1668 1998 1710 Ca-

216 1764 389 1794 meram
426 1750 732 1807 Apostolicam
769 1748 997 1806 pertinere
1030 1748 1287 1792 constituit.

337 1852 354 1872 a
387 1834 424 1876 l.
457 1835 522 1877 An
559 1832 819 1890 pensiones,
856 1845 971 1889 quae
1005 1845 1028 1874 a
1065 1830 1243 1888 publico
1277 1831 1454 1875 aerario
1487 1832 1733 1876 solvuntur
1769 1834 1995 1890 Regulari-

213 1915 296 1958 bus
327 1919 458 1959 extra
492 1914 696 1959 Claustra
729 1914 1031 1971 degentibus,
1069 1914 1303 1958 habendae
1352 1914 1445 1957 sint
1492 1919 1712 1974 tanquam
1756 1917 1999 1974 pensiones

213 1997 581 2053 ecclesiasticae,
619 1997 679 2041 ita
716 2003 766 2041 ut
802 2002 963 2041 natura
1012 2011 1092 2042 sua
1141 1997 1282 2055 spolio
1329 1998 1633 2042 subiaceant?
1685 2003 1739 2043 Et
1771 2005 1998 2058 quatenns

213 2082 461 2139 Negatixe:
513 2083 554 2125 2.
592 2081 671 2126 Cui
711 2086 944 2138 competat
994 2087 1092 2139 post
1140 2080 1321 2125 illorum
1374 2087 1569 2126 mortem
1614 2082 1683 2127 ius
1716 2083 1995 2141 percipiendi

213 2171 334 2210 ratas
368 2179 459 2209 non
495 2166 667 2210 solutas
700 2165 927 2209 dictarum
962 2165 1269 2222 pensionum,
1307 2165 1342 2209 si
1381 2167 1623 2223 Regulares
1658 2167 1845 2224 professi
1883 2172 1995 2227 Apo-

211 2250 423 2294 stolicum
460 2249 687 2293 indultum
713 2248 999 2292 obtinuerint
1034 2249 1248 2293 manendi
1274 2254 1405 2293 extra
1429 2250 1625 2294 claustra
1659 2250 1758 2295 sive
1790 2251 1846 2295 ad
1883 2256 1993 2296 tem-

212 2346 294 2391 pus
329 2333 426 2377 sixe
461 2333 506 2376 in
552 2334 860 2391 perpetuum?
907 2333 948 2376 5.
986 2332 1065 2377 Cui
1099 2337 1332 2390 competat
1373 2333 1494 2378 idem
1531 2333 1620 2390 ius,
1657 2334 1692 2378 si
1734 2335 1993 2380 huiusmodi

213 2417 457 2474 Regulares
506 2415 693 2474 professi
743 2416 971 2460 indultum
1022 2416 1219 2460 testandi
1263 2421 1309 2460 et
1355 2417 1624 2475 disponendi
1674 2418 1995 2464 obtinuerint?

210 2500 251 2544 [ι.
289 2499 367 2544 Cui
401 2504 635 2558 competat
669 2501 925 2558 praefatum
961 2500 1045 2555 ins,
1082 2499 1117 2544 si
1151 2506 1314 2557 agatur
1345 2501 1399 2545 de
1436 2502 1748 2559 Regularibus,
1773 2504 1849 2562 qui
1886 2509 1991 2549 vota

209 2582 432 2639 simplicia
469 2587 650 2627 tantum
685 2582 975 2627 emiserunt‘.>
1016 2608 1076 2616 -—
1113 2586 1162 2627 R.
1201 2585 1263 2628 Ad
1304 2585 1339 2627 l.
1380 2585 1616 2641 Negative.
1671 2586 1735 2629 Ad
1768 2587 1809 2630 2.
1848 2586 1890 2632 Si
1926 2588 1991 2632 in-

209 2665 386 2709 dultum
422 2669 769 2723 temporaneum
823 2667 992 2721 fucrit,
1028 2671 1235 2724 spectare
1276 2668 1328 2711 ad
1367 2668 1594 2726 propriam
1635 2670 1841 2715 defuncti
1876 2672 1991 2716 Reli-

209 2748 410 2804 gionem,
445 2747 480 2791 si
517 2753 805 2806 perpetuum,
841 2749 895 2793 ad
931 2752 971 2794 S.
1008 2754 1052 2795 C.
1088 2750 1342 2807 Spoliorum
1391 2753 1644 2797 seeundum
1694 2755 1847 2798 Const.
1885 2757 1991 2800 Gre-

207 2829 319 2887 gorii
356 2834 453 2876 XIII
491 2830 639 2890 Officii
670 2834 833 2876 nostri.
871 2833 935 2876 Ad
969 2833 1008 2878 5.
1035 2837 1123 2888 Ius,
1149 2833 1203 2878 de
1226 2848 1316 2893 quo
1348 2834 1499 2892 agitur
1530 2837 1586 2880 ad
1609 2850 1714 2881 eum
1743 2838 1988 2896 pertinere,

208 2912 339 2956 cuius
386 2913 543 2958 favore
592 2914 712 2958 facta
755 2919 824 2959 est
861 2914 1127 2973 di8positio,
1162 2915 1198 2960 si
1243 2917 1476 2974 RegulariS
1509 2919 1766 2976 Apostolico
1810 2921 1990 2966 Indulto

207 2994 476 3053 disponendi
509 2995 563 3041 de
599 2996 729 3042 bonis
761 2997 963 3055 legitime
997 3012 1105 3044 usus
1136 2999 1217 3044 sit:
1253 3005 1482 3059 quatenus
1514 3002 1675 3047 eodem
1715 3004 1894 3049 Indulto
1927 3006 1989 3050 le-
