2176 3386
778 191 907 219 Lmen
935 192 959 219 1.
994 191 1052 219 DE
1081 190 1274 219 emmas
1846 181 1919 220 121

139 306 286 345 catam
326 312 421 343 non
459 298 634 356 s'uisse;
680 298 741 354 5⁰)
777 297 1068 356 disciplinam
1115 311 1233 357 quae
1277 298 1334 342 ab
1365 298 1615 344 isidoriana
1649 299 1920 344 collectione

138 381 511 441 praeferebatur,
545 381 871 426 auctoritatem
919 380 1256 426 ecclesiasticae
1300 380 1412 439 legis
1448 381 1701 427 obtinuisse
1744 397 1838 428 non
1873 382 1920 428 vi

136 465 339 510 eiusdem
364 464 664 520 collectionis,
687 465 765 509 sed
803 463 845 508 vi
872 465 1293 509 ecclesiasticarum
1328 467 1725 510 constitutionum.
1762 465 1920 511 Isidori

136 561 298 607 scopus
328 548 495 606 duplex
529 548 631 592 fuit:
667 547 784 592 alter
809 547 1135 606 Episcoporum
1161 548 1456 593 indemnitati
1491 548 1779 604 consulendi,
1805 550 1922 594 alter

135 631 391 676 stabiliendi
428 631 650 677 Primates
681 645 794 690 quos
828 630 1105 676 Patriarchis
1138 636 1367 690 exaequat
1402 633 1431 676 ².

258 715 355 759 160.
396 719 498 759 Post
530 714 685 759 Isidori
729 714 1047 759 collectionem
1100 715 1216 760 aliae
1250 715 1297 759 in
1333 714 1532 760 Ecclesia
1571 715 1727 760 Latina
1772 716 1920 761 factae

135 802 259 853 sunt,
293 798 371 843 sed
404 811 567 843 omnes
599 798 663 842 nil
697 797 806 842 novi
841 798 1102 853 continent,
1139 797 1225 843 nisi
1259 798 1563 844 conciliorum
1605 812 1807 843 canones
1842 798 1918 858 qui

134 880 494 940 uniuscuiusque
538 881 822 927 collectionis
870 881 1011 926 aetati
1061 882 1355 940 respondent.
1410 885 1626 927 Attamen
1676 881 1798 926 inter
1839 881 1920 926 has

134 965 335 1009 notanda
369 971 439 1010 est
469 965 678 1011 collectio
712 969 866 1011 lvonis
905 969 1212 1012 Carnutensis
1247 966 1451 1024 Episcopi
1470 966 1517 1010 in
1549 965 1691 1012 Gallia
1723 964 1800 1025 qui
1824 978 1919 1010 sae-

133 1048 223 1092 culi
252 1050 303 1093 1⁶2
326 1049 457 1094 initio
489 1049 657 1094 floruit.
687 1050 769 1096 Hic
787 1051 1107 1100 collectionem
1132 1050 1274 1095 edidit
1296 1051 1379 1095 sub
1403 1050 1591 1095 nomine
1614 1051 1915 1104 Panormiae,

135 1132 255 1177 hanc
287 1138 443 1178 autem
478 1147 634 1178 rursus
665 1134 907 1193 ampliavit
938 1136 1024 1195 sub
1061 1137 1357 1180 Decretorum
1393 1134 1597 1180 nomine.
1635 1133 1720 1178 Hic
1746 1133 1920 1191 primus

134 1215 220 1260 fuit
254 1216 374 1261 inter
406 1217 572 1262 latinos
603 1218 680 1277 qui
714 1218 759 1261 in
795 1232 875 1263 sua
911 1219 1182 1264 collectione
1215 1219 1355 1264 etiam
1391 1220 1510 1277 leges
1533 1218 1683 1263 civilis
1705 1217 1817 1262 iuris
1842 1231 1919 1261 no-

135 1312 241 1343 men
275 1300 438 1356 posuit.
475 1305 623 1354 Quare
647 1301 692 1345 in
716 1301 966 1346 Occidente
992 1305 1377 1347 Nomocanonum
1411 1316 1582 1346 nomen
1616 1300 1656 1345 ei
1680 1299 1915 1345 tribuitur.

466 1450 483 1495 ἕ
510 1451 542 1486 2.
571 1469 614 1475 —-
642 1451 699 1486 De
726 1452 858 1497 leynni
886 1452 1246 1487 ecclesiasticarum
1276 1453 1575 1489 collectionibus

417 1533 517 1568 qnae
541 1514 654 1558 ‘iuris
687 1523 872 1558 canonici
899 1535 1042 1570 (roi-piis
1070 1524 1314 1560 constituunt
1351 1525 1428 1563 (ins
1454 1530 1631 1569 novum).

254 1632 515 1678 Videbimus
542 1635 579 1690 1)
606 1634 660 1678 de
683 1634 1030 1679 collectionibus
1053 1640 1162 1681 ante
1185 1636 1389 1694 Gregorii
1415 1641 1469 1681 [Χ
1493 1637 1761 1695 decretales,
1796 1640 1836 1691 2)
1863 1639 1919 1684 de

131 1715 478 1760 collectionibus
513 1717 839 1762 Decretalium·
863 1718 1066 1776 Gregorii
1102 1723 1182 1775 1X3
1235 1722 1276 1776 o)
1326 1724 1386 1765 De
1428 1720 1777 1791 collectionibus
1819 1725 1920 1780 post

132 1798 383 1844 decretales
415 1800 618 1857 Gregorii
653 1804 726 1845 IX.

417 1946 453 1986 a)
485 1966 521 1969 —
553 1946 611 1981 De
639 1946 938 1982 collectionibus
968 1950 1060 1983 (mle
1088 1948 1274 1994 Gregorii
1299 1948 1353 1984 IX
1379 1949 1621 1984 Deo-etates.

252 2051 348 2094 161.
389 2054 571 2096 Praeter
603 2054 854 2097 recensitas
885 2052 997 2097 alias
1029 2054 1326 2098 collectiones
1359 2054 1560 2099 Ecclesia
1590 2054 1731 2099 latina
1759 2054 1918 2099 hahuit

130 2145 271 2191 usque
303 2133 359 2177 ad
391 2133 598 2178 Gratiani
631 2134 869 2179 decretum
905 2136 1027 2180 circa
1051 2150 1228 2181 annum
1257 2138 1385 2181 1151.
1414 2141 1479 2182 Ita
1504 2151 1549 2182 v.
1573 2151 1613 2195 g.
1646 2138 1765 2195 apud
1803 2138 1916 2183 Afri-

128 2228 268 2260 canos
300 2215 519 2274 vigebant
550 2218 691 2261 codeoe
725 2217 996 2274 Africanus,
1033 2232 1086 2264 ac
1127 2222 1360 2264 Breviatz'o
1399 2234 1640 2265 canonum
1681 2221 1920 2278 Fetlyentiz'

132 2300 359 2343 Ferrantc
390 2298 570 2344 diaconi
593 2314 668 2344 an.
698 2301 809 2358 5473
846 2302 965 2360 apud
988 2302 1217 2360 Hispanos
1250 2302 1461 2348 collectio
1487 2302 1674 2348 Martini
1711 2302 1914 2361 Episcopi

131 2381 417 2427 Bracarensis
448 2397 524 2427 an.
562 2384 675 2440 5723
712 2385 831 2442 apud
864 2385 1015 2430 Gallos
1051 2385 1320 2444 praesertim
1364 2387 1684 2443 capitularia,
1719 2400 1835 2445 quae
1869 2386 1914 2431 in

128 2465 414 2520 generalibus
446 2465 646 2511 comitiis
679 2467 1005 2525 Episcoporum
1041 2472 1088 2512 et
1110 2471 1356 2513 Procerum
1381 2469 1490 2524 lata,
1520 2468 1747 2514 Ecclesiae
1779 2469 1916 2513 simul

129 2550 175 2589 et
207 2549 360 2592 Status
392 2548 597 2606 regimen
631 2550 928 2608 spectabant;
970 2551 1089 2609 apud
1123 2554 1379 2596 Germanos
1421 2552 1631 2597 collectio
1666 2534 1916 2610 Reginonis

129 2628 314 2674 Abbatis
350 2631 610 2677 Prumensis
642 2646 718 2677 an.
747 2634 849 2689 906,
875 2637 922 2679 et
944 2634 1214 2692 praesertim
1240 2635 1462 2679 volumen
1486 2635 1777 2680 decretorum
1810 2639 1915 2679 Bur-

128 2711 284 2756 chardi
324 2715 672 2761 wormatiensis
685 2730 761 2761 an.
795 2718 930 2774 1025;
967 2717 1090 2775 apud
1122 2717 1258 2762 Italos
1280 2717 1492 2762 collectio
1515 2720 1557 2762 S.
1580 2717 1810 2763 paschalis
1833 2722 1914 2761 Lu-

127 2794 292 2851 censis,
328 2796 578 2843 Cardinalis
614 2800 873 2856 Deusdedit,
900 2800 1118 2845 Bonifacii
1146 2800 1352 2859 Episcopi
1373 2800 1545 2845 Sutrini
1570 2815 1645 2845 an.
1679 2801 1789 2845 1089
1822 2804 1910 2844 etc.

247 2982 254 3000 ¹
284 2983 333 3019 Cf.
363 2984 591 3021 Vssccnior'ri
619 2986 732 3023 instit.
761 2987 782 3022 l.
806 2988 836 3030 1,
854 2987 935 3030 567,
962 2997 1056 3033 opus
1084 2987 1236 3023 fratrum
1263 2987 1488 3030 BALLcmxi,
1512 2986 1698 3034 WAismnl,
1725 2987 1914 3031 Bmscun,

128 3053 312 3096 Pfflmpps,
339 3055 510 3100 Bnmcffl,
535 3067 611 3094 ccc.
637 3067 714 3094 ecc.
