2176 3386
724 191 854 219 Lim-:R
882 191 922 219 11.
953 191 1010 219 or:
1041 189 1342 219 assumamus
1845 180 1936 220 457

271 297 340 341 10.
377 295 642 341 Praemissis
676 278 914 356 'aliquibus
948 297 1034 341 rite
1066 295 1276 355 precibus
1307 296 1666 356 praehabitoque
1714 295 1935 342 familiari

103 407 106 409 -
148 379 204 424 ad
238 380 622 425 communitatem
646 379 831 425 insimul
864 385 1188 438 congregatam
1221 359 1793 434 sermone,vis'itationem
1827 393 1931 438 ape-

150 463 251 508 riat.
289 463 399 508 Dein
441 463 729 522 prosequitur
760 463 1074 508 visitationem
1116 465 1419 522 personalem,
1454 463 1500 508 in
1534 477 1623 522 qua
1656 462 1841 507 initium
1875 463 1940 507 ab

148 545 309 591 ultima
359 559 511 591 sorore
544 547 700 600 sumit,
735 550 782 591 et
821 560 926 591 cum
977 545 1106 591 locali
1153 546 1451 605 superiorissa
1501 546 1750 590 terminum
1802 546 1934 591 facit.

151 633 308 675 Postea
348 630 548 688 singulas
595 643 803 676 sororum
852 631 1016 686 cellas,
1051 631 1253 686 scholas,
1288 631 1520 686 officinas,
1556 631 1757 691 aliasque
1806 631 1933 675 domi

151 716 301 770 partes
335 713 592 770 perlustrat.
632 713 868 770 Excipitur
914 713 1103 759 ecclesia
1136 727 1275 773 quam
1311 713 1499 758 visitare
1548 713 1681 758 unice
1732 714 1939 772 pertinet.

148 796 204 840 ad
241 797 527 855 Episcopum,
562 801 615 840 ut
646 796 855 854 superius
887 796 1104 841 diximus.

269 879 335 923 11.
372 879 623 924 Occasione
657 878 936 925 visitationis
983 880 1304 925 oeconomicas
1339 879 1755 925 administrationis
1792 881 1933 924 ratio·

148 973 244 1016 nes,
279 975 396 1021 quae
444 963 499 1006 ad
531 963 717 1007 domum
769 963 1019 1022 pertinent,
1054 963 1288 1020 expendit.
1340 968 1434 1008 Hac
1468 964 1513 1008 in
1548 978 1597 1008 re
1630 963 1938 1009 cancellariae

144 1057 252 1088 suae
285 1058 420 1102 opera
454 1046 519 1089 uti
554 1050 714 1104 potest.

268 1128 335 1173 12.
373 1131 592 1187 'tempore
619 1129 897 1176 visitationis
920 1130 1215 1189 superiorissa
1240 1130 1286 1175 in
1311 1130 1491 1189 scriptis
1513 1144 1565 1175 ea
1589 1131 1773 1175 decreta
1796 1130 1936 1175 edere

148 1215 311 1268 potest,
346 1224 463 1269 quae
511 1226 591 1269 pro
624 1225 703 1257 sua
739 1212 980 1271 prudentia
1014 1214 1148 1258 edere
1195 1213 1418 1268 censebit,
1453 1217 1506 1257 ut
1539 1211 1774 1270 religiosae
1807 1226 1930 1257 com-

148 1293 388 1339 munitatis
419 1294 769 1339 necessitatibus
792 1295 1014 1340 consulat.
1048 1302 1220 1340 omnes
1255 1294 1532 1340 visitationis
1563 1299 1694 1339 actus
1732 1294 1777 1338 in
1816 1293 1938 1338 libro

146 1376 352 1435 apposito
384 1391 407 1421 a
442 1377 714 1422 cancellaria
748 1378 990 1436 diligenter
1022 1378 1383 1437 perscribuntur.

267 1460 334 1504 15.
374 1459 632 1505 visitationi
668 1460 807 1506 finem
844 1461 1038 1519 imponit
1070 1475 1222 1507 sermo
1244 1476 1268 1506 a
1293 1461 1587 1520 superiorissa
1624 1461 1733 1505 item
1760 1461 1935 1506 baben·

145 1542 244 1597 dus,
265 1543 311 1587 in
335 1557 424 1602 quo
457 1548 737 1602 opportunas
770 1544 1109 1590 admonitiones
1141 1545 1371 1590 sororibus
1403 1545 1581 1603 diriget.
1619 1546 1820 1590 Tandem
1855 1545 1931 1590 de-

147 1625 268 1670 bitae
306 1629 395 1670 Deo
428 1626 677 1684 gratiarum
713 1627 831 1671 fiunt
862 1627 1068 1673 actiones
1092 1629 1122 1672 ¹.

270 1710 336 1755 14.
375 1710 677 1769 Superiorissa
713 1725 949 1771 nunquam
985 1726 1133 1771 neque
1167 1713 1212 1756 in
1249 1712 1530 1768 visitatione,
1567 1726 1652 1757 nec
1695 1718 1827 1757 extra
1863 1713 1932 1757 vi·

146 1790 410 1838 sitationem
458 1793 639 1838 decreta
675 1794 829 1850 faciet,
864 1809 981 1854 quae
1013 1795 1209 1840 decretis
1241 1797 1297 1840 ab
1334 1796 1552 1854 Episcopo
1601 1796 1735 1840 editis
1767 1796 1928 1841 adver·

145 1880 318 1921 sentur.
357 1876 398 1920 Si
432 1877 614 1934 quando
661 1877 811 1936 aliqua
850 1879 1047 1937 episcopi
1095 1879 1328 1937 dispositio
1374 1879 1679 1938 inopportuna
1729 1879 1933 1935 videtur,

146 1959 272 2003 omui
305 1958 571 2004 dimissione
605 1964 651 2004 et
683 1960 898 2020 obsequio
933 1962 1168 2020 praestito,
1206 1962 1379 2020 rogabit
1422 1961 1698 2018 antistitem,
1735 1976 1793 2007 ne
1825 1977 1928 2007 eam

147 2056 363 2087 revocare
411 2048 642 2101 gravetur.
695 2043 736 2088 si
772 2058 926 2102 preces
959 2049 1005 2090 et
1036 2046 1245 2103 exposita
1289 2045 1335 2090 in
1370 2045 1552 2090 irritum
1603 2045 1842 2101 cesserint,
1873 2046 1927 2090 ad

266 2205 273 2223 ¹
304 2205 346 2241 In
371 2205 538 2252 pluribus
566 2207 746 2243 Institutis
786 2208 966 2244 sancitum
993 2212 1059 2251 est,
1086 2212 1125 2244 ut
1150 2207 1356 2245 celebretur
1394 2207 1565 2253 generale
1591 2207 1806 2254 capitulum.
1839 2208 1932 2244 Eius

147 2276 286 2313 utilitas
312 2287 377 2323 pro
403 2278 635 2323 gravioribus
662 2279 821 2325 negotiis
863 2280 1138 2325 pertractandis,
1164 2290 1207 2316 ac
1234 2280 1446 2325 praesertim
1474 2289 1541 2326 pro
1567 2279 1740 2325 eligenda
1771 2289 1929 2324 persona

146 2347 191 2383 ad
217 2347 383 2393 regimen
413 2349 712 2394 congregationis
740 2350 872 2387 idonea
909 2351 1181 2389 demonstratur
1208 2352 1244 2387 in
1272 2351 1305 2387 S.
1333 2351 1369 2388 C.
1398 2352 1708 2389 Animadversion.
1735 2353 1782 2389 ad
1810 2352 1930 2389 Csmst.

146 2422 223 2457 Sor.
248 2431 271 2456 a
297 2421 329 2456 S.
354 2421 487 2457 Thomu
513 2424 568 2457 27
586 2421 654 2458 Iul.
674 2423 793 2465 1860,
820 2423 993 2460 Pal-isim.
1019 2427 1033 2463 ξ
1058 2426 1097 2466 4,
1120 2434 1207 2470 pay.
1231 2426 1297 2466 20,
1326 2424 1348 2459 l.
1367 2435 1416 2460 c..·
1443 2427 1479 2459 at
1505 2434 1591 2460 vero
1620 2424 1653 2460 S.
1674 2424 1710 2460 C.
1730 2433 1803 2459 non
1829 2424 1930 2468 sinit,

146 2497 184 2528 ut
201 2492 366 2528 eiusdem
393 2494 611 2530 convocatio
631 2494 782 2531 arbitrio
809 2495 1058 2541 generalissae
1079 2496 1304 2532 remittatur:
1333 2495 1441 2531 debet
1464 2496 1575 2538 enim,
1595 2499 1806 2532 recurrente
1829 2500 1929 2532 certo

147 2563 307 2608 quodam
334 2572 515 2600 annorum
542 2565 673 2609 spatio,
699 2566 810 2602 veluti
837 2566 1003 2612 quolibet
1028 2567 1298 2613 quinquennio,
1325 2566 1514 2609 sexennio,
1543 2566 1600 2602 vel
1629 2566 1791 2612 longiori
1819 2567 1937 2603 inter—

147 2634 253 2677 vallo,
272 2635 478 2672 convocari.
505 2636 624 2672 Anim.
645 2637 682 2672 in
703 2636 818 2674 Const.
838 2638 885 2684 fil.
903 2638 1057 2681 immac„
1078 2638 1316 2674 Puderbonen.
1336 2639 1386 2673 10
1402 2639 1492 2674 Maii
1511 2639 1628 2680 1860,
1648 2641 1719 2674 art.
1733 2640 1770 2680 3,
1785 2649 1871 2684 puy.
1891 2640 1929 2681 9,

149 2705 210 2742 ubi
237 2710 302 2742 art.
329 2706 351 2743 6
376 2707 643 2751 animadvertit,
670 2718 747 2744 rem
773 2719 855 2746 esse
894 2710 1047 2755 periculi
1074 2710 1231 2756 plenam,
1258 2710 1358 2756 quod
1385 2710 1635 2756 generalissae
1662 2710 1816 2755 eiusque
1842 2720 1933 2747 con-

148 2776 230 2813 silio
259 2778 314 2814 ius
342 2778 388 2814 sit
413 2779 638 2816 concedendi
666 2781 854 2817 sororibus
882 2790 1010 2817 vocem
1043 2782 1202 2818 activam
1229 2785 1264 2817 et
1292 2781 1494 2826 passivam:
1523 2790 1684 2827 namque
1711 2791 1784 2817 vox
1811 2781 1931 2818 activa

145 2852 183 2884 et
222 2850 368 2895 passiva
395 2850 432 2886 in
458 2850 539 2886 aliis
577 2851 754 2888 institutis
792 2853 968 2898 competit
994 2853 1196 2894 sororibus,
1223 2861 1317 2898 quae
1355 2852 1495 2897 aliquot
1532 2861 1651 2888 annos
1691 2851 1937 2897 professionis

149 2919 354 2964 habuerint,
381 2927 418 2958 et
442 2921 593 2968 aliquod
630 2932 766 2960 munus
793 2924 1046 2960 exercuerint:
1074 2924 1172 2969 quod
1200 2924 1256 2960 ius
1284 2933 1403 2969 neque
1431 2923 1497 2960 toti
1524 2923 1779 2960 communitati
1818 2923 1930 2960 relin-

140 2992 335 3037 quendum
375 3002 456 3029 esse
483 2994 784 3031 animadvertitur
824 2994 862 3030 in
888 2996 1007 3031 Anim.
1037 2995 1083 3031 ad
1115 2994 1231 3031 Const.
1258 3004 1328 3031 sor.
1359 2995 1448 3040 sam.
1475 3005 1584 3040 paup.
1612 2994 1934 3040 Marianopolitan.

146 3064 203 3097 25
227 3062 316 3109 Apr.
342 3065 460 3107 1860,
486 3068 501 3105 S
530 3067 567 3108 7,
594 3075 677 3112 pay.
705 3066 764 3101 12.
