2176 3386
1188 37 1191 43 ,
1555 34 1558 35 ⁷
1568 32 1595 53 Ι.

237 183 315 222 188
906 191 1017 222 PARS
1046 192 1086 221 11.
1120 192 1178 221 DE
1207 190 1346 221 REBus

235 313 361 344 mam
401 298 757 359 dispensationis
798 298 1044 344 adhibendi
1087 312 1205 359 quae
1245 298 1414 343 dicitur
1449 301 1501 343 in
1534 297 1695 356 forma
1728 312 2012 357 pauperum.

234 382 320 438 Qui
353 387 510 428 autem
544 386 717 440 negant
750 383 914 428 valere>
937 382 1327 441 dispensationem
1353 381 1398 427 in
1426 395 1535 427 casu
1560 382 1806 442 proposito,
1830 397 2016 442 respon-

234 469 346 511 dent
373 466 494 525 quod
517 466 706 510 allatum
740 470 1065 522 argumentum
1101 466 1321 510 fundatur
1342 464 1389 510 in
1414 465 1656 524 hypothesi
1688 468 1808 525 quod
1841 470 1892 512 S.-
1909 470 2017 512 Poe-

234 549 501 595 nitentiaria
535 549 768 607 dispenset
800 549 846 593 in
880 563 987 594 casu
1015 552 1120 594 iure
1139 552 1346 606 proprio,
1376 564 1472 594 uon
1505 552 1608 594 iure
1639 551 1862 608 deleqaw.
1899 553 2016 596 Nam

234 631 467 690 delegatus
500 647 600 678 eam
637 637 910 690 potestatem
946 633 1083 677 habet
1114 647 1230 692 quae
1262 632 1303 678 ei
1337 633 1540 691 delegata
1575 636 1660 690 est,
1695 638 1741 679 et
1772 634 1808 679 si
1842 635 2017 693 delega-

233 716 409 762 tionem
444 717 638 762 excedat
670 717 781 761 nihil
816 717 862 761 in
896 716 996 761 iure
1028 717 1136 775 agit.
1174 717 1310 777 Atqui
1345 717 1702 762 Poenitentiaria
1749 719 2016 764 facultatem

234 798 373 844 hahet
403 799 695 857 dispensandi
730 799 983 857 delegatam
1018 801 1165 845 solum
1199 800 1234 845 si
1269 806 1477 846 oratores
1506 802 1601 844 siut
1631 814 1872 858 pauperes.
1923 805 2018 846 Hac

232 881 424 939 proinde
457 882 721 926 conditione
755 896 1047 941 quacumque
1079 883 1135 927 de
1171 895 1318 928 causa
1350 882 1607 938 deficiente,
1643 883 1846 942 qualibet
1876 884 2016 928 facul-

232 967 328 1010 tate
361 964 655 1023 dispensandi
691 966 732 1009 S.
774 964 1131 1010 Poenitentiaria
1165 964 1445 1010 destituitur.

359 1048 484 1091 1011.
521 1052 647 1101 Quae
680 1046 911 1092 sententia
947 1051 1268 1106 praeterquam
1301 1048 1421 1107 quod
1457 1048 1729 1106 probabilior
1767 1052 1852 1105 est,
1889 1049 2017 1107 praxi

233 1132 373 1177 etiam
409 1134 451 1176 S.
490 1130 877 1175 Poenitentiariae
910 1131 1103 1175 omnino
1141 1144 1343 1176 consona
1377 1135 1584 1190 apparet.
1638 1131 1819 1176 Etenim
1867 1131 1914 1175 in
1947 1145 2018 1177 or-

232 1216 340 1261 dine
372 1217 426 1262 ad
461 1216 774 1274 cognitionem
810 1216 864 1260 de
897 1216 1143 1261 existentia
1194 1215 1475 1274 paupertatis
1520 1215 1687 1274 triplex
1736 1220 1918 1275 tempus
1950 1220 2019 1260 est

234 1299 628 1357 distinguendum.
667 1299 746 1342 Vel
780 1313 908 1343 error
929 1298 1222 1355 cognoscitur
1255 1301 1300 1354 a)
1327 1302 1435 1342 ante
1458 1298 1804 1342 concessionem
1837 1297 2017 1356 dispen-

235 1382 442 1439 sationis,
481 1383 552 1426 vel
586 1383 625 1438 b)
653 1396 678 1427 a
700 1380 1041 1440 dispensatione
1074 1394 1289 1426 concessa
1326 1395 1467 1440 usque
1490 1381 1544 1426 ad
1567 1381 1909 1437 executionem,
1945 1382 2019 1426 vel

235 1467 274 1521 e)
297 1469 397 1522 post
419 1464 762 1509 executionem.
790 1468 838 1508 ln
866 1465 910 1507 1⁰
934 1477 1042 1509 casu
1067 1467 1108 1509 S.
1138 1462 1494 1508 poenitentiaria
1521 1463 1790 1521 petitionem
1813 1464 1869 1508 ad
1892 1465 2014 1508 Sacr.

236 1549 469 1592 Datariam
521 1547 746 1601 remittit,
784 1547 855 1591 vel
890 1547 925 1591 si
959 1561 1088 1592 error
1121 1546 1180 1591 sit
1212 1546 1376 1590 dubius
1398 1548 1433 1590 si
1459 1559 1590 1590 casus
1629 1551 1803 1604 urgeat,
1839 1546 2018 1605 dispen-

234 1633 461 1678 sationem
496 1631 580 1676 sub
611 1630 876 1677 conditione
899 1630 1111 1675 concedit
1134 1630 1384 1674 dummodo
1413 1635 1622 1675 oratores
1653 1642 1759 1672 vere
1786 1643 2020 1686 pauperes

234 1716 341 1761 sint.
371 1715 615 1761 Ordinario
637 1714 861 1772 competit
883 1715 938 1759 de
962 1713 1244 1772 paupertatis
1267 1712 1462 1757 veritate
1486 1712 1731 1771 inquirere.
1771 1717 1820 1757 ln
1844 1713 1892 1757 20
1910 1725 2017 1757 casu

235 1802 276 1844 S.
315 1798 674 1844 poenitentiaria
709 1799 781 1842 vel
824 1797 1057 1855 negotium
1108 1796 1305 1841 remittit
1346 1796 1401 1840 ad
1445 1798 1486 1840 S.
1529 1794 1776 1850 Datariam,
1813 1797 1887 1840 vel
1920 1808 2017 1853 spe-

233 1882 373 1928 ciale's
419 1881 627 1940 exposcit
674 1881 929 1926 facultates.
982 1884 1030 1925 In
1067 1881 1114 1924 5⁰
1139 1893 1246 1924 casu
1298 1883 1339 1924 S.
1380 1878 1735 1924 Poeiiitentiaria
1769 1893 1794 1923 a
1829 1881 2018 1924 Summo

235 1964 454 2010 Pontifice
502 1965 710 2010 defectus
757 1963 1049 2009 sanationem
1094 1962 1138 2006 in
1173 1961 1427 2006 remedium
1473 1960 1785 2006 conscientiae
1822 1961 2014 2006 obtinet.

235 2048 469 2106 Proposito
501 2047 638 2091 dubio
673 2048 711 2091 S.
746 2049 792 2092 C.
829 2045 901 2090 die
935 2045 991 2090 28
1025 2045 1120 2089 iun.
1163 2045 1274 2089 1875
1308 2043 1570 2102 respondit:
1609 2042 1730 2088 Nihil
1763 2056 1860 2088 esse
1887 2042 2018 2088 in‘no-

233 2131 455 2176 vandum.

357 2214 483 2258 1012.
521 2214 563 2269 5)
602 2216 818 2257 Summus
851 2212 1066 2256 Pontifex
1098 2211 1489 2269 dispensationem
1523 2208 1736 2255 concedit
1770 2223 1848 2267 per
1891 2211 1931 2253 S.
1968 2211 2013 2254 C.

236 2301 277 2342 S.
313 2297 400 2342 Off.
437 2296 473 2342 si
506 2301 668 2354 agatur
690 2296 744 2340 de
769 2294 1114 2354 impedimentis
1136 2308 1253 2354 quae
1277 2308 1333 2338 ex
1361 2292 1539 2352 publico
1571 2291 1736 2337 delicto
1770 2295 1868 2337 orta
1891 2295 2016 2346 sunt,

234 2384 281 2424 et
313 2380 368 2424 de
402 2378 746 2437 impedimentis
778 2377 1059 2435 disparitatis
1091 2378 1242 2422 cultus
1273 2390 1327 2421 ac
1361 2376 1535 2420 mixtae
1569 2373 1814 2432 religionis.

358 2465 486 2509 1015.
522 2465 565 2519 4)
605 2467 688 2507 Per
710 2476 887 2508 sacram
911 2461 1322 2519 congregationem
1347 2458 1668 2517 Propagandae
1694 2456 1813 2502 Fidei
1837 2456 1885 2500 in
1910 2455 2020 2502 locis

235 2562 352 2608 quae
385 2548 532 2593 eidem
567 2551 730 2593 Sacrae
763 2544 1114 2604 Congregationi
1148 2548 1257 2589 sunt
1289 2543 1509 2588 subiecta.

359 2631 486 2675 1014.
524 2631 566 2686 5>
603 2629 836 2687 Supremis
859 2633 1015 2673 aulem
1040 2626 1322 2686 principibus
1344 2640 1423 2684 per
1447 2624 1659 2670 Brevium
1695 2621 2016 2677 Secretariam‚

236 2718 282 2760 et
314 2714 360 2758 in
395 2712 682 2771 gravioribus
716 2711 912 2769 negotiis
952 2725 1032 2769 per
1065 2710 1253 2755 Sacrum
1292 2708 1541 2754 Consilium
1580 2705 1901 2752 ecclesiasticis
1941 2717 2018 2748 ne-

236 2797 369 2856 gotiis
401 2795 781 2841 extraordinariis
815 2794 1140 2854 praepositum.
1182 2793 1445 2839 Notandum
1479 2796 1548 2837 est
1580 2791 1662 2835 sub
1692 2803 1844 2848 poena
1878 2789 2018 2834 nulli-

235 2883 343 2926 tatis
374 2893 466 2924 esse
499 2882 693 2924 vetitum
722 2885 822 2937 post
855 2879 1038 2923 aditam
1071 2891 1221 2922 unam
1260 2877 1426 2934 Conyr.
1460 2875 1608 2920 aliam
1632 2873 1782 2918 adire.
1818 2875 2018 2930 Negatae

235 2967 393 3007 tamen
426 2961 781 3019 dispensationis
813 2961 984 3004 mentio
1018 2973 1114 3004 uon
1147 2960 1410 3018 requiritur
1439 2959 1481 3002 si
1509 2971 1564 3002 ea
1598 2957 1656 3002 ab
1696 2956 1852 3000 eodem
1887 2967 2020 3011 supe·

238 3047 364 3090 riore
396 3045 535 3090 fuerit
567 3048 748 3102 negata.
