2176 3386
177 145 257 185 406
821 158 932 197 PARS
961 159 984 186 1.
1020 157 1077 185 DE
1105 157 1318 190 masonis

297 262 512 307 Officialis
544 263 620 322 qui
655 263 836 321 negotia
871 263 1154 309 beneficialia
1201 265 1373 311 maiora
1405 268 1576 312 tractat
1606 267 1740 314 hodie
1780 284 1839 315 ex
1870 270 1958 316 dis-

177 345 400 404 positione
435 347 595 391 Leonis
630 350 725 391 XIII
758 346 815 391 ab
846 361 970 392 anno
1007 347 1118 392 1898
1152 348 1407 406 appellatur
1447 348 1666 396 Officialis
1716 351 1959 399 beneficia-

176 429 286 474 lium
319 433 366 474 et
397 429 638 474 Consultor
669 429 837 487 legalis.
876 430 918 474 Si
952 429 1053 489 quis
1088 431 1356 487 impugnare
1392 432 1530 477 vellet
1560 433 1855 481 collationem
1884 436 1957 481 be-

177 512 327 556 netieii
360 512 480 571 quod
512 513 566 557 ad
600 526 647 556 se
682 513 910 570 pertinere
943 518 1086 570 putat,
1126 527 1204 571 per
1236 527 1282 558 se
1317 516 1388 559 vel
1424 530 1503 573 per
1537 523 1876 575 procuratorem
1910 520 1957 565 in

181 595 359 639 Dataria
394 596 582 653 apponit
614 596 868 639 clausulam
908 595 1032 639 Nihil
1065 602 1294 641 transeat.
1335 597 1530 643 Effectus
1572 603 1642 644 est
1682 603 1959 660 suspendere

176 677 520 735 expeditionem
556 677 811 722 litterarum
849 678 1228 736 Apostolicarum.
1272 680 1344 725 Ille
1368 685 1527 726 eontra
1551 697 1687 741 quem
1722 686 1958 743 suspensio

177 760 485 818 expeditionis
527 761 713 805 obtenta
763 767 832 805 est
880 761 992 805 citat
1039 768 1346 819 opponentem
1383 769 1570 821 petens:
1614 768 1801 812 lacerari
1846 770 1959 814 nihil

182 847 386 889 transeat
410 849 498 888 ete.
527 844 741 903 Sequitur
763 844 1000 889 contentio
1036 846 1154 889 inter
1181 851 1491 905 opponentem
1526 849 1712 909 eiusque
1747 867 1956 909 procura-

176 928 324 970 torem
358 930 404 969 et
436 925 750 970 adversarium
787 926 975 985 eiusque
1011 931 1371 984 procuratorem.
1409 929 1449 974 Si
1475 934 1788 977 controversia
1816 934 1957 979 ardua

176 1007 250 1063 sit,
286 1009 518 1065 negotium
558 1010 627 1053 vel
661 1010 716 1053 ad
753 1013 794 1053 S.
832 1013 877 1053 C..
915 1010 1100 1054 Consilii
1142 1011 1211 1054 vel
1249 1010 1303 1054 ad
1351 1014 1390 1055 S.
1429 1014 1836 1070 Congregalionem
1866 1016 1959 1074 Epi-

175 1104 418 1150 scoporum
454 1097 499 1136 et
536 1092 825 1149 Regularium
865 1092 1129 1136 remittitur.

631 1237 647 1282 ἕ
675 1239 706 1272 6.
736 1258 782 1261 ἡ
810 1237 868 1272 De
894 1238 1212 1274 Poenz‘tentz'aria
1246 1239 1486 1285 Apostolica.

297 1346 395 1389 525.
437 1348 467 1389 Α
494 1346 625 1389 Sacra
661 1345 1016 1389 poenitentiario
1051 1344 1359 1390 absolutiones
1392 1348 1710 1392 conceduntur
1731 1364 1753 1393 a
1780 1352 1959 1396 casibus

179 1431 384 1472 Romano
421 1426 625 1471 Pontifici
662 1427 923 1480 reservatis,
950 1412 1314 1485 dispensationes
1346 1429 1403 1472 ab
1426 1429 1769 1487 impedimentis
1802 1434 1956 1478 matri-

175 1510 317 1555 monii
353 1510 560 1565 occultis,
598 1511 669 1554 vel
694 1509 834 1554 etiam
869 1510 925 1554 ab
958 1510 1300 1568 impedimentis
1335 1512 1524 1556 notoriis
1556 1513 1591 1556 si
1622 1518 1825 1560 oratores
1851 1531 1956 1573 pau-

174 1608 334 1652 peres,
371 1593 680 1638 absolutiones
722 1594 779 1637 ab
819 1593 1230 1651 irregularitatibus
1272 1609 1328 1639 ex
1364 1595 1635 1651 homicidio,
1671 1601 1717 1641 et
1758 1612 1782 1642 a
1822 1599 1956 1644 simo-

177 1676 318 1721 niacis
366 1676 693 1721 beneficiorum
728 1676 1099 1721 collationibus&
1151 1681 1363 1723 Ceterum
1413 1684 1590 1723 eertum
1634 1684 1702 1724 est
1743 1681 1862 1740 quod
1903 1697 1955 1728 ea

172 1774 289 1819 quae
325 1759 641 1804 decernuntur
690 1774 767 1818 pro
817 1760 913 1803 foro
963 1764 1156 1803 externo
1206 1759 1473 1817 regulariter
1515 1765 1561 1805 et
1608 1762 1662 1806 de
1709 1776 1756 1807 se
1800 1764 1958 1808 valent

173 1856 354 1901 quoque
389 1856 467 1900 pro
504 1843 600 1886 foro
646 1844 860 1896 interno,
897 1842 972 1886 sed
1020 1856 1108 1886 non
1149 1842 1385 1888 xieeversa
1419 1843 1450 1887 ².
1497 1845 1538 1889 S.
1573 1844 1956 1890 poenitentiariae

174 1925 372 1970 officium
418 1926 709 1969 constituunt
755 1925 899 1970 Maior
941 1924 1331 1969 poenitentiarius
1369 1925 1643 1982 cardinalis,
1689 1931 1735 1971 et
1779 1931 1954 1985 Regens

175 2008 340 2068 quibus
374 2012 681 2066 cooperantur
714 2008 980 2065 Theologus,
1011 2009 1235 2064 Datarius‚
1260 2008 1524 2063 Canonista,
1551 2013 1804 2065 corrector,
1830 2010 1954 2067 Sigil-

172 2091 304 2146 lator,
342 2105 395 2135 ac
429 2090 638 2135 nonnulli
674 2091 916 2135 Seeretarii
951 2095 997 2134 et
1030 2092 1279 2149 §ertptores
1314 2105 1398 2136 nee
1432 2105 1523 2135 non
1560 2091 1760 2137 Minores
1795 2092 1951 2137 Poeni-

172 2173 393 2229 tentiarii‚
430 2173 505 2233 qui
541 2173 584 2217 in
622 2173 767 2218 tribus
803 2177 971 2218 Romae
1009 2173 1206 2218 Basilieis
1243 2175 1298 2219 ad
1339 2174 1588 2231 audiendas
1640 2175 1952 2220 confessiones

171 2270 275 2302 eum
311 2257 448 2302 certis
483 2257 776 2301 facultatibus
811 2272 835 2301 a
872 2257 1032 2303 Maiori
1069 2257 1426 2302 Poenitentiario
1459 2259 1821 2304 constituuntur.

907 2421 1138 2450 AR'I‘ICULUS
1173 2422 1217 2449 ll.

744 2528 802 2569 De
836 2527 992 2570 Sacris
1039 2525 1383 2569 Tribunalc'bus.

294 2645 392 2689 524.
432 2644 496 2688 Ad
521 2646 654 2689 Sacra
678 2643 936 2688 'tribunalia
973 2642 1204 2701 pertinent
1231 2647 1343 2688 Rota
1370 2648 1590 2700 Romana,
1612 2644 1851 2702 Signatura
1885 2644 1952 2689 iu-

172 2726 340 2783 stitiae,
392 2728 633 2784 Signatura
675 2725 846 2783 gratiae
879 2740 931 2770 ac
964 2729 1149 2771 Camera
1187 2725 1442 2783 Apostolica
1489 2740 1695 2785 quaeque
1744 2726 1952 2786 propriae

291 2882 301 2901 ¹
330 2882 550 2918 Benedictus
578 2881 663 2918 XIV
690 2880 841 2917 Constit.
870 2881 1000 2917 Pastor
1025 2881 1138 2916 bonus
1163 2881 1252 2916 anni
1281 2880 1382 2916 1744.
1418 2880 1488 2917 Cfr.
1527 2880 1680 2917 Constit.
1719 2881 1760 2917 In
1798 2883 1951 2927 Aposto-

174 2946 242 2989 lica
274 2952 375 2989 1744.

290 3025 303 3044 ³
331 3025 400 3062 Cfr.
428 3026 468 3063 D.
495 3025 614 3061 Tuom.
642 3023 772 3067 Quodl.
800 3024 826 3068 I,
855 3023 909 3068 123
939 3023 1084 3060 SUAREZ
1111 3024 1162 3060 De
1188 3034 1279 3060 cens.
1301 3023 1358 3060 41.
