2176 3386
836 218 966 247 mmm
994 218 1019 246 1.
1051 218 1107 246 DE
1137 210 1331 246 CLER1C1s
1898 205 1978 245 403

188 325 324 370 batur
359 327 499 370 etiam
533 325 579 369 in
621 325 760 370 certis
801 324 1122 370 determinatis
1164 325 1359 382 negotiis
1407 325 1662 383 explendis.
1718 326 1977 384 Antequam

190 411 240 452 R.
293 406 535 452 Pontifices
577 412 623 452 et
674 407 939 466 praesertim
995 407 1149 452 Sixtus
1195 410 1245 452 V.
1297 402 1594 452 celeberrima
1644 406 1978 452 constitutione

190 510 209 530 a
240 494 476 536 Immensa
501 509 521 531 n
557 491 819 537 Cardinales
861 490 906 535 in
949 491 1334 549 Congrrgationes
1376 489 1671 535 distribueret
1708 490 1762 534 ad
1798 495 1977 535 certum

189 573 479 632 negotiorum
513 587 658 631 genus
690 574 1003 629 tractandum,
1039 573 1300 618 Cardinales
1334 573 1380 616 in
1414 587 1559 617 unum
1596 573 1979 617 convocabantur

189 657 244 701 ad
278 659 458 714 negotia
492 657 744 715 explenda:
781 670 941 701 eorum
977 661 1243 703 Conventus
1276 657 1591 715 appellabatur
1628 657 1974 700 Consislorium.

190 742 306 784 Ante
341 740 669 786 Consistorium
704 740 794 784 iam
829 740 1091 785 existebant
1124 740 1298 795 Officia,
1335 754 1393 784 ex
1427 739 1705 784 Consistorio
1735 743 1834 784 orta
1869 745 1979 785 sunt

187 822 466 879 'tribunalia,
503 827 548 868 et
581 823 686 868 dein
720 824 1106 881 Congregationes
1138 823 1317 881 proprie
1351 822 1501 868 dictae
1535 822 1816 868 constitutae
1850 827 1975 867 sunt.

936 967 1170 997 AR'HCULUS
1205 970 1232 997 l.

935 1065 998 1106 De
1036 1062 1230 1121 Officiis,

303 1159 403 1203 516.
432 1159 495 1202 Ad
520 1158 680 1203 Curiae
712 1158 857 1202 officia
884 1159 1083 1218 pertinet
1120 1158 1376 1203 Secretaria
1407 1160 1577 1212 Status7
1605 1159 1856 1202 Secretaria
1886 1161 1981 1202 Me-

184 1241 463 1298 morialium,
491 1241 743 1286 Secretaria
779 1241 1010 1298 Brevium,
1036 1241 1317 1287 Cancellaria
1345 1241 1617 1299 Apostolica‚
1647 1241 1829 1286 Dataria
1866 1243 1979 1299 Apo-

181 1322 360 1378 Stolica,
398 1324 757 1369 Poenitentiaria
795 1324 1065 1383 Apostolica.

784 1455 800 1501 ξ
830 1456 861 1491 l.
889 1476 934 1479 —
960 1455 1187 1492 Serretczria
1213 1456 1361 1492 Status.

306 1539 405 1583 517.
444 1541 596 1582 Status
624 1539 875 1584 Secretaria
911 1543 980 1583 est
1013 1539 1209 1584 officium
1244 1553 1333 1597 quo
1370 1542 1584 1583 Summus
1619 1539 1831 1584 Pontifex
1867 1553 1970 1585 cum

187 1623 287 1668 aliis
319 1621 605 1679 Principibus
637 1621 729 1680 agit
761 1623 816 1666 ad
851 1622 1144 1667 concordiam
1181 1622 1429 1667 fovendam
1469 1622 1513 1665 in
1542 1622 1727 1668 vinculo
1762 1622 1864 1668 fidei
1900 1638 1978 1681 pro

185 1705 447 1750 christianis
480 1705 683 1750 moribus
717 1705 1046 1750 conservandis
1079 1709 1126 1750 et
1154 1705 1337 1751 tuendis
1360 1707 1635 1765 praesertim
1663 1707 1783 1751 inter
1814 1707 1969 1752 catho-

182 1788 306 1833 licos.
343 1788 470 1841 Quod
506 1788 554 1832 lit
589 1788 662 1832 vel
697 1788 856 1833 mediis
890 1788 1080 1834 Nunciis
1114 1790 1384 1847 Apostolicis
1417 1794 1498 1834 aut
1530 1790 1630 1834 aliis
1667 1789 1858 1848 Legatis,
1896 1790 1967 1835 vel

183 1885 261 1929 per
293 1874 395 1915 acta
429 1886 545 1930 quae
578 1874 635 1916 ab
667 1872 827 1916 eadem
853 1875 1006 1917 Status
1029 1872 1280 1918 Secretaria
1304 1873 1487 1918 dantur.
1517 1874 1706 1930 Negotia
1740 1888 1848 1918 vero
1871 1887 1968 1930 gra-

184 1953 311 1998 viora
347 1957 392 1997 et
423 1953 791 1998 extraordinaria
825 1969 881 1999 ex
916 1956 1127 1999 consultu
1163 1939 1203 1999 S}
1231 1955 1606 2013 congregationis
1635 1955 1830 2014 negotiis
1853 1957 1963 2002 eccl.

182 2035 559 2080 extraordinariis
609 2038 891 2096 praepositae
935 2038 1258 2096 expediuntur.
1317 2043 1499 2083 Praeter
1532 2038 1839 2084 Secretarium
1882 2040 1967 2084 hoc

183 2117 381 2163 officium
418 2119 558 2164 eliam
593 2121 918 2176 Substitutum‚
954 2122 1157 2180 aliosque
1190 2121 1409 2166 officiales
1443 2122 1594 2167 habet.

701 2240 718 2284 ξ
744 2240 776 2275 2.
806 2260 848 2264 —
873 2239 1099 2276 Secretaria
1128 2240 1439 2276 Memorialium.

298 2321 397 2364 518.
439 2319 583 2364 Huius
614 2320 763 2365 Officii
799 2335 960 2380 scopus
993 2326 1062 2366 est
1098 2321 1327 2380 responsio
1359 2336 1478 2381 quae
1511 2336 1535 2366 a
1572 2325 1622 2384 R.
1654 2321 1870 2366 Pontitice
1902 2320 1969 2365 di-

177 2407 299 2448 recte
346 2403 402 2448 ad
451 2404 676 2461 supplices
724 2404 896 2449 libellos
945 2419 1024 2463 pro
1074 2405 1331 2450 recursibus
1368 2420 1421 2450 ac
1454 2407 1651 2465 querelis
1697 2407 1848 2461 datur,
1887 2407 1957 2451 vel

176 2485 432 2544 supplicum
456 2486 712 2531 libellorum
737 2487 1023 2532 transmissio
1046 2488 1176 2532 alteri
1211 2489 1362 2533 oflicio
1391 2489 1460 2534 vel
1484 2488 1766 2546 competenti
1792 2492 1833 2533 S.
1853 2491 1967 2533 Con-

178 2568 429 2626 gregationi
464 2574 514 2613 ut
549 2569 678 2614 iuxta
714 2571 945 2629 proprium
981 2572 1154 2629 stylum
1188 2575 1234 2616 et
1267 2571 1521 2616 ordinarias
1555 2573 1797 2616 facultates
1827 2585 1961 2628 nego-

179 2652 297 2696 tium
331 2651 594 2710 expediant.

745 2737 762 2783 ἓ
788 2738 820 2775 3.
851 2758 892 2763 -
920 2738 1147 2775 Secretarz‘a
1180 2740 1383 2775 Brevium.

296 2819 394 2863 519.
433 2823 527 2864 Hoc
559 2819 772 2865 Officium
808 2820 1033 2865 incumbit
1067 2822 1112 2866 in
1147 2821 1456 2879 expediendas
1485 2821 1660 2867 litteras
1693 2821 1962 2868 pontificias

178 2899 263 2945 illis
303 2901 517 2946 adhibitis
551 2903 725 2947 formae
757 2904 1127 2950 solemnitatibus
1163 2905 1327 2964 quibus
1372 2906 1532 2950 Brevia
1565 2922 1589 2950 a
1626 2906 1760 2950 Bullis
1799 2906 1959 2951 distin-

177 2985 393 3039 guuntur.
445 2985 696 3028 Secretaria
733 2985 943 3030 Brevium
978 2991 1129 3031 erecta
1163 2992 1233 3031 est
1267 3001 1345 3046 pro
1378 2987 1676 3046 expediendis
1724 2988 1958 3043 brevibus,

176 3062 522 3108 continentibus
553 3065 917 3123 dispensationes
946 3068 1096 3127 quoad
1128 3073 1347 3124 aetatem,
1383 3069 1786 3127 illegitimitatem:
1828 3082 1963 3128 saepe
