2176 3386
208 155 288 195 310
850 166 960 196 PAas
989 167 1014 195 1.
1052 167 1110 196 DE
1139 166 1351 196 PERsoms

1138 182 2041 274 ————<2

695 333 712 380 5
739 335 771 370 1.
798 355 844 359 —
869 335 929 371 De
955 336 1225 372 emolumento
1251 345 1301 371 ex
1327 335 1503 371 decimis.

330 439 653 508 &Decima
687 444 942 493 eSt-:fflessrta
966 492 970 493 ⁷
981 453 1086 498 pars
1119 441 1359 499 fructuum
1381 441 1452 485 vel
1485 440 1613 493 lucri.
1653 441 1826 486 Dicitur
1862 449 1989 489 certa

205 537 323 580 pars
350 536 455 567 cum
487 523 614 567 iuxta
643 522 845 568 locorum
871 522 1255 583 consuetudinem
1278 522 1562 567 decimarum
1585 523 1820 582 quantitas
1842 524 1991 570 deter-

210 605 440 649 minetur:
476 605 644 649 dicitur
666 604 912 661 fruetuum
938 606 1008 649 vel
1033 605 1158 650 lueri
1179 610 1230 649 ut
1263 606 1384 650 inter
1405 605 1608 651 decimas
1631 606 1774 651 reales
1806 621 1859 652 ac
1892 621 1989 666 per-

209 688 389 733 sonales
422 688 500 732 fiat
531 688 781 732 distinctio.
835 693 928 733 Iam
970 701 1205 747 quousque
1250 688 1474 733 Ecclesiae
1506 689 1616 733 satis
1650 689 1883 747 provisum
1922 695 1992 735 est

210 771 475 827 spontaneis
506 771 828 826 oblationibus,
869 771 1064 815 Ecclesia
1098 772 1155 815 ab
1188 771 1475 829 imponendis
1514 771 1718 817 fidelibus
1758 771 1988 817 contribu-

210 854 412 899 tionibus
443 855 690 910 abstinuit3
727 859 774 898 at
806 854 1072 913 spontaneis
1104 855 1438 911 oblationibus,
1475 856 1746 913 frigescente
1789 855 1989 901 fidelium

210 938 451 993 charitate,
477 938 794 982 deficientibus
826 938 1016 983 ecclesia
1052 938 1174 982 inter
1218 938 1329 982 alias
1368 938 1667 996 obligationes
1698 938 1838 983 etiam
1872 937 1990 997 deci—

214 1035 310 1065 mas
333 1021 564 1079 imposuit.
596 1022 795 1065 Primum
821 1027 1176 1065 monumentum
1203 1022 1455 1066 sanctionis
1479 1022 1680 1079 poenalis
1701 1036 1788 1080 qua
1814 1022 1990 1066 munita

211 1103 270 1148 sit
302 1104 585 1148 decimarum
629 1104 792 1148 solutio
828 1104 957 1148 nobis
989 1104 1122 1148 offert
1160 1104 1411 1148 Concilium
1460 1104 1796 1149 Matiscanense
1830 1106 1856 1149 2
1897 1117 1990 1161 sae-

212 1189 313 1232 culo
349 1191 419 1231 VI.
458 1188 644 1236 Saeculo
678 1191 741 1232 lx
782 1191 829 1232 et
865 1186 1989 1246 seq11811tibus2.accesslhssla1n..sssnfflmdegllm

211 1271 418 1316 civilium
452 1285 566 1330 quae
592 1272 675 1314 boc
699 1270 768 1314 ius
805 1270 1028 1315 Ecclesiae
1056 1274 1439 1328 recognoverunt.
1481 1269 1571 1314 Etsi
1599 1275 1751 1314 autem
1787 1270 1991 1329 decimae

211 1355 303 1399 sint
338 1370 392 1399 ex
429 1355 719 1399 institutione
756 1354 998 1409 Ecclesiae,
1034 1358 1239 1398 attamen
1266 1354 1311 1398 in
1337 1354 1433 1398 iure
1455 1353 1614 1398 divino
1639 1354 1991 1397 fundamentum

214 1438 399 1494 babent,
421 1452 525 1482 cum
565 1437 760 1481 Ecclesia
781 1436 937 1481 divino
972 1437 1069 1481 iure
1103 1436 1172 1480 ius
1207 1437 1370 1481 babeat
1395 1437 1449 1480 ad
1475 1436 1790 1480 ministrorum
1815 1440 1991 1480 susten—

214 1522 435 1566 tationem
474 1522 598 1565 iuxta
630 1536 681 1565 ea
717 1535 831 1579 quae
857 1521 973 1579 apud
1011 1521 1295 1566 Matthaeum
1323 1522 1410 1577 (10)
1445 1521 1618 1578 QQQ
1650 1521 1992 1577 &LQPss-YQZQS

213 1604 420 1657 mercede
450 1616 538 1648 saa
570 1618 623 1648 ac
654 1604 772 1661 apud
807 1606 847 1647 S.
876 1603 1092 1648 Paulum:
1136 1606 1224 1657 Occi
1254 1605 1449 1648 inservit
1481 1603 1629 1648 altari
1661 1603 1716 1646 cle
1743 1603 1897 1647 altare
1928 1604 1992 1646 vi-

212 1702 317 1733 vere
348 1689 487 1732 debet.

334 1772 433 1842 δῶ
474 1770 685 1814 Decimae
718 1770 832 1814 aliae
855 1775 964 1813 sunt
987 1770 1264 1829 persgmales,
1291 1769 1405 1813 aliae
1430 1768 1693 1831 praed-iales.
1731 1767 1993 1812 Personales

213 1855 431 1899 dicuntur
457 1868 571 1913 quae
595 1869 652 1898 ex
676 1853 1033 1898 obventionibus
1056 1853 1290 1911 acquisitis
1313 1867 1367 1897 ex
1394 1852 1485 1897 sola
1520 1851 1743 1896 industria
1765 1864 1818 1895 ac
1842 1849 1993 1894 labore

214 1941 472 1984 soliuntur.
513 1938 764 1993 Praediales
799 1952 907 1982 vero
940 1951 1018 1982 seu
1044 1938 1187 1981 reales
1218 1951 1334 1996 quae
1363 1951 1419 1980 ex
1446 1936 1611 1992 praedii
1638 1933 1860 1979 fructibus
1881 1947 1994 1992 quos

216 2022 287 2066 vel
323 2027 485 2077 natura
518 2035 615 2075 sua,
655 2022 724 2065 vel
758 2027 1034 2078 cooperante
1067 2019 1291 2066 industria
1324 2024 1370 2064 et
1404 2018 1603 2063 bominis
1625 2018 1777 2062 labore
1813 2016 1993 2074 praedia

216 2107 436 2150 referunt.
487 2106 696 2150 Decimae
722 2106 863 2149 reales
896 2110 1005 2148 sunt
1030 2105 1099 2148 vel
1126 2103 1321 2148 maiores
1348 2102 1486 2147 veluti
1519 2115 1635 2161 quae
1668 2115 1726 2146 ex
1762 2101 1993 2144 frumento

216 2189 476 2243 solvuntur,
513 2189 585 2232 vel
620 2190 826 2233 minutae
860 2202 975 2247 quae
1010 2202 1067 2232 ex
1102 2187 1267 2242 herbis,
1303 2186 1450 2244 pomiS
1481 2186 1740 2239 solvuntur,
1772 2183 1844 2229 vel
1876 2183 1992 2227 anti-

214 2286 331 2332 quae
364 2287 480 2331 quae
514 2287 570 2317 ex
611 2272 763 2316 fundis
800 2271 889 2316 iam
923 2272 1134 2327 excultis,
1171 2270 1356 2315 tandem
1394 2269 1580 2314 novales
1601 2282 1717 2327 quae
1750 2281 1805 2312 ex
1843 2265 1995 2310 fundis

217 2356 401 2401 noviter
433 2357 487 2401 ad
511 2357 737 2401 culturam
766 2355 959 2400 redactis
993 2355 1161 2413 persolx
1177 2358 1333 2398 untur.
1374 2353 1582 2397 Decimae
1605 2356 1713 2396 sunt
1734 2365 1780 2400 sa
1787 2364 1993 2401 eramen-

216 2439 344 2499 tales,
373 2439 444 2483 vel
478 2438 789 2497 dominicales.
829 2438 932 2482 lllae
966 2437 1219 2482 fundantur
1243 2437 1286 2480 iu
1314 2436 1445 2480 titulo
1468 2433 1691 2480 canonico
1723 2447 1776 2478 ac
1809 2433 1992 2478 solvun-

215 2527 291 2567 tur
323 2528 506 2581 propter
538 2522 606 2567 ius
641 2521 888 2580 recipiendi
922 2525 1236 2577 sacramenta3
1287 2520 1585 2566 dominicales
1625 2533 1742 2579 quae
1779 2518 1825 2563 in
1862 2517 1993 2563 titulo
2127 2527 2141 2566 ’ἲ

215 2606 338 2651 civili
376 2606 729 2651 fundamentum
755 2606 925 2650 habent
956 2619 1009 2650 ac
1032 2606 1278 2650 solvuntur
1312 2605 1536 2649 Ecclesiae
1560 2603 1605 2647 in
1630 2602 1990 2660 recognitionem
2134 2587 2138 2590 ’
2173 2624 2176 2625 ⁷

215 2690 390 2750 antiqui
425 2690 614 2734 dominii
649 2690 703 2734 ad
729 2690 937 2734 eamdem
963 2688 1204 2734 ecclesiam
1229 2687 1517 2746 pertinentis.
1555 2691 1605 2731 In
1631 2684 1991 2745 praesentiarum
2123 2694 2140 2749 ζ

217 2778 268 2818 ut
300 2773 491 2818 evidens
523 2778 591 2818 est
627 2773 681 2818 de
713 2772 904 2818 decimis
937 2771 1347 2818 sacramentalibus
1377 2784 1528 2816 sermo
1560 2774 1643 2814 est.
2124 2766 2176 2804 ⁶.-

337 2858 461 2910 526(
475 2856 742 2910 Quaeritur:
793 2861 853 2900 De
885 2856 1049 2915 quibus
1089 2855 1221 2900 rebus
1252 2854 1459 2899 decimae
1495 2852 1743 2900 solvendae
1778 2852 1900 2897 sint?
1943 2855 1992 2897 ln

217 2955 316 2999 cap.
335 2941 389 2985 25
413 2940 467 2984 de
485 2939 675 2985 decimis
692 2939 978 2984 decernitur:
1006 2938 1148 2998 [idelis
1171 2939 1306 2983 bomo
1323 2938 1378 2982 de
1397 2937 1610 2991 omnibus
1626 2950 1742 2996 quae
1767 2934 1888 2989 licite
1900 2933 2009 2982 sibi?
2119 2870 2176 3015 {⁵

217 3023 430 3083 acquirit,
459 3023 662 3068 decimas
693 3037 880 3082 erogare
923 3026 1123 3080 tenetur.
1168 3025 1265 3075 Qua
1298 3021 1352 3065 de
1386 3035 1434 3066 re
1466 3034 1539 3066 res
1574 3023 1621 3065 et
1652 3020 1828 3065 fructus
1869 3016 1990 3063 exci-
