2176 3386
183 153 263 193 348
827 162 938 196 PARS
966 163 990 191 1.
1026 163 1083 191 DE
1110 162 1322 195 PERSONIS

301 273 406 318 442.
443 271 629 318 Clericis
662 272 854 318 ulterius
885 272 1086 331 officium
1123 272 1400 318 Tabellionis
1423 273 1470 318 in
1494 288 1660 331 genere
1685 275 1963 335 prohibitum

184 360 268 407 est.
307 359 476 400 Verum
510 356 678 414 duplex
711 359 780 400 est
812 355 1113 400 tabellionum
1150 355 1307 400 classis
1358 357 1395 411 l)
1434 356 1615 406 illorum
1658 359 1735 418 qui
1787 360 1963 418 publica

183 439 459 485 auctoritate
491 445 758 484 contractas
788 439 997 483 scribunt
1027 438 1195 497 quique
1218 439 1446 484 dlecmlur
1471 442 1681 496 Notart'i,·
1716 443 1758 498 2)
1785 442 1966 487 illorum

183 528 260 588 qui
294 534 401 574 acta
434 527 683 572 iudicialia
715 529 886 583 scripto
916 528 1201 583 eonsiynam
1231 532 1273 570 el
1314 528 1621 584 appellantur
1666 530 1964 575 Cancellare’i.

184 616 307 657 Haec
340 612 489 657 officia
520 610 698 656 clericis
726 613 1070 668 permittuntur
1101 615 1330 670 quatenus
1356 612 1554 658 clericus
1585 614 1683 659 sive
1716 629 1771 659 ex
1801 616 1967 674 benefi-

184 699 252 741 cio
285 695 383 740 sive
415 711 470 740 ea:
499 697 788 752 patrimonio
822 708 917 738 non
951 693 1119 738 habeat
1152 695 1277 739 unde
1307 702 1604 752 sustentetur,
1631 703 1678 742 et
1710 698 1752 742 id
1786 698 1883 743 sive
1919 701 1968 742 in

182 783 332 826 sacris
364 780 461 824 sive
495 783 546 823 i‘n
584 779 842 823 minoribus
873 781 1145 823 constitutus
1175 779 1638 837 sic‹¹..2·Eoeeipiuncm·-
1672 786 1826 827 tamen
1856 796 1967 827 caa-

184 876 264 908 sae
297 870 477 908 namra
509 875 597 907 sua
628 862 913 919 spirituales,
949 864 996 906 et
1030 862 1298 920 praesertim
1332 863 1367 907 si
1401 877 1546 908 eausa
1583 867 1641 908 sil
1672 864 1877 910 haeresis
1921 865 1967 909 in

184 946 348 1006 quibus
386 946 670 991 Cancellariz'
714 945 914 1003 officiam
962 958 992 990 a
1025 945 1204 989 clericis
1235 948 1443 990 eoeerceri
1473 961 1598 1003 posse
1629 953 1806 991 certum
1840 954 1904 992 esc
1925 949 1955 992 ².

186 1029 270 1084 Qui
306 1031 386 1073 llas
419 1030 544 1086 leges*
570 1028 933 1085 transgrediatur
964 1027 1191 1073 Ordinarii
1226 1028 1416 1073 arbitrio
1450 1030 1599 1087 puniri
1636 1035 1799 1088 potest.

305 1114 407 1157 443.
445 1112 628 1157 Clericis
660 1112 800 1156 etiam
838 1125 1010 1155 vilanus
1043 1114 1208 1156 tutoris
1240 1111 1546 1157 interdicitur.
1588 1114 1744 1158 Tutela
1780 1119 1867 1157 est.-
1903 1117 1970 1158 vz's

187 1211 242 1242 ac
271 1203 469 1254 poteslas
501 1198 551 1239 in
584 1198 734 1252 capite
767 1195 908 1239 libero
943 1195 1005 1240 ad
1038 1197 1263 1239 tuendum
1298 1210 1418 1251 eum,
1445 1199 1526 1254 qui
1552 1203 1744 1253 propter
1771 1202 1969 1242 aetatem

185 1294 278 1324 sese
296 1279 549 1336 defendere
573 1292 668 1321 non
690 1284 844 1335 polest.
872 1277 1030 1322 Tutela
1054 1277 1139 1322 alia
1164 1282 1233 1322 est
1257 1282 1612 1324 testamentaria
1641 1293 1758 1338 quae
1784 1294 1814 1325 a
1838 1286 1970 1324 lesla-

188 1370 283 1407 tore
316 1361 449 1407 alicui
483 1362 688 1406 defertur
722 1361 766 1405 in
804 1360 917 1405 lilios
952 1360 1180 1419 proprios;
1226 1361 1312 1405 alia
1347 1365 1415 1406 est
1448 1362 1659 1420 leyilima
1705 1377 1822 1422 quae
1861 1362 1967 1407 defi-

187 1446 338 1490 ciente
374 1445 719 1490 testamentaria
752 1459 807 1488 ex
841 1444 953 1501 leyis
985 1444 1280 1501 dispositione
1299 1446 1663 1502 proaeirnioribus
1685 1449 1876 1503 aqualis
1898 1446 1970 1489 de-

187 1529 372 1587 fertur,-
406 1528 493 1573 alia
528 1528 714 1573 tandein
759 1529 921 1573 dativa
954 1541 1071 1587 quae
1113 1530 1459 1573 testamentaria
1504 1529 1577 1573 vel
1620 1528 1821 1586 legitima
1864 1528 1970 1573 defi-

187 1613 341 1657 ciente
373 1611 508 1656 datur
541 1625 569 1655 a
606 1613 905 1668 maqz'slralu.
943 1614 1054 1656 Cum
1090 1611 1233 1656 tutela
1265 1611 1537 1655 affinitatem
1581 1612 1717 1656 habet
1757 1612 1970 1657 cerraccla

187 1708 304 1754 quae
338 1694 608 1751 regulariter
632 1692 887 1738 minoribus
912 1692 1180 1751 praesertim
1205 1693 1261 1737 ad
1283 1707 1441 1738 eorum
1466 1694 1583 1738 bona
1607 1694 1971 1739 administranda

187 1777 332 1822 datur.
369 1777 501 1821 Hisce
538 1775 813 1834 praehabitis
846 1776 892 1820 in
926 1790 1093 1834 genere
1126 1776 1291 1821 tutoris
1323 1790 1376 1821 ac
1409 1777 1634 1821 curatoris
1670 1790 1838 1822 munus
1882 1776 1970 1821 cle-

188 1859 294 1904 ricis
327 1859 625 1904 interdictum
660 1859 750 1904 iam
788 1858 873 1903 fuit
905 1873 929 1903 a
963 1859 1163 1904 Concilio
1189 1859 1419 1915 Africano,
1446 1865 1492 1904 et
1515 1860 1572 1904 ab
1596 1860 1690 1917 ipso
1718 1860 1968 1905 iustiniano

188 1943 463 2002 imperatore
498 1943 528 1987 ³.
568 1945 800 1998 Attamen,
835 1945 957 1988 iusta
989 1945 1329 1987 interveniente
1361 1957 1522 1999 causa,
1559 1944 1701 1989 tulela
1726 1949 1969 1989 testamen-

187 2029 317 2071 taria
350 2041 405 2072 ac
437 2027 600 2071 dativa
637 2040 717 2070 nee
750 2040 845 2070 non
879 2027 1093 2072 curalela
1127 2041 1151 2071 a
1185 2026 1362 2071 clericis
1394 2027 1559 2084 suscipi
1597 2031 1800 2084 possunt,
1829 2027 1967 2071 inter-

190 2109 408 2155 veniente
442 2114 597 2154 tamen
635 2110 762 2154 Sedis
796 2110 1077 2167 Apostolieae
1112 2110 1298 2154 Indalto
1321 2110 1353 2153 ⁴.
1392 2109 1453 2154 Ad
1489 2111 1682 2154 tutelam
1716 2109 1969 2167 legitimam

188 2193 308 2252 quod
342 2193 511 2237 attinet
542 2192 733 2237 evidens
765 2191 1003 2236 estlicere
1044 2191 1220 2237 clericis
1260 2193 1382 2237 illam
1410 2193 1635 2250 accipere
1673 2193 1784 2252 quin
1832 2193 1971 2237 ullam

190 2290 386 2334 poenam
424 2276 664 2320 incurrant
697 2275 839 2320 veluti
875 2290 920 2319 v.
947 2290 1011 2333 gr.
1050 2275 1184 2333 legati
1212 2275 1508 2320 amissionem
1541 2276 1660 2335 quod
1693 2290 1717 2320 a
1751 2279 1970 2321 testatore

189 2371 295 2402 cum
324 2371 468 2402 onere
502 2358 673 2402 tutelae
709 2356 918 2402 relictum
969 2357 1121 2402 fuerit.
1165 2361 1405 2403 Caeterum
1460 2358 1706 2417 Episcopus
1754 2357 1871 2403 iusta
1919 2358 1973 2402 de

190 2454 327 2486 causa
362 2440 517 2485 iubere
551 2443 700 2499 potest
732 2444 784 2484 ut
815 2440 1008 2484 clericus
1040 2440 1292 2498 legitimam
1328 2440 1521 2486 tutelam
1554 2440 1774 2499 suscipiat
1798 2441 1828 2485 ⁵.

313 2525 417 2569 444.
454 2523 582 2577 Quod
616 2523 652 2568 si
686 2523 879 2568 clericus
911 2527 1161 2582 antequam
1204 2524 1472 2569 clericatum
1508 2523 1742 2582 suscipiat,
1779 2523 1975 2568 curatio-

191 2620 274 2651 nes
305 2620 358 2652 ac
391 2606 817 2651 administrationes
849 2606 1106 2651 saeculares
1139 2606 1344 2664 gesserit,
1372 2607 1458 2652 illis
1488 2607 1793 2666 pendentibus
1817 2606 1861 2651 in
1886 2606 1974 2651 cle-

309 2751 317 2770 ¹
347 2751 463 2788 an.
490 2761 572 2798 cap.
597 2751 620 2788 8
645 2751 698 2787 Ne
725 2751 860 2793 clerici,
888 2760 923 2786 n.
950 2750 1006 2787 52.

310 2823 323 2842 ’
347 2823 439 2869 Cap.
471 2823 517 2860 Ut
542 2822 698 2869 officium
723 2823 769 2859 de
794 2823 990 2859 haereticis
1015 2822 1054 2858 in
1080 2821 1116 2859 6.

310 2894 323 2914 ³
349 2895 388 2932 L.
417 2894 461 2931 15
487 2894 591 2937 Coti„
617 2894 687 2930 Tit.
715 2894 761 2931 de
786 2894 983 2941 Episcopis
1010 2898 1045 2930 et
1071 2893 1166 2930 Cler.

310 2965 324 2985 ¹·
350 2966 571 3002 ANToNELu
598 2976 657 3012 op.
689 2966 760 3008 cit,
788 2965 853 3002 lib.
885 2966 914 3008 1,
943 2975 977 3012 p.
1007 2965 1043 3001 2.

309 3032 322 3051 ¹
348 3031 547 3068 Passssmm
573 3031 618 3068 de
643 3035 739 3068 statu
766 3031 879 3074 hom,
897 3034 984 3067 tom.
1006 3030 1040 3074 2,
1058 3034 1201 3076 quaest.
1224 3030 1304 3074 187,
1321 3040 1356 3067 a.
1377 3030 1411 3066 2.
