2176 3386
637 1 658 9 ι-
675 0 732 13 «f»
755 0 763 7 a
798 0 837 18 -μ,
922 0 951 12 7-
967 0 975 10 ρ
999 0 1100 19 '¹*..'¹⁷‘·‘⁷
1127 0 1158 14 '⁸⁷⁵⁴

775 189 914 218 LIBER>
934 189 958 217 1.
996 189 1053 217 DE
1081 187 1276 218 CLI-:mers
1844 179 1925 219 279

260 301 351 344 Nec
381 298 428 353 d)
456 302 606 356 potest
635 296 957 347 authenticare
990 297 1204 356 reliquias
1236 297 1391 342 Sancti
1425 298 1701 352 canonizati.

255 380 501 435 Quaeritur
533 379 608 424 hic
641 393 699 424 an
734 379 875 438 possit
907 384 953 424 et
985 379 1149 425 debeat
1181 380 1451 425 examinare
1484 394 1578 436 eos,
1624 394 1739 440 quos
1776 382 1831 427 de
1874 382 1923 427 li-

145 465 296 510 centia
334 462 536 521 Episcopi
569 462 828 507 dioecesani
864 462 1051 521 eiusque
1083 463 1408 508 commissione
1441 463 1497 507 ad
1536 476 1690 509 sacros
1729 465 1924 511 Ordines

139 550 431 605 promoturus
463 550 548 591 est.
588 549 723 591 Porro
756 559 862 590 curn
897 545 1194 592 distinctione
1228 547 1545 604 reponendum
1569 553 1662 604 est3
1701 549 1771 593 vel
1796 551 1921 594 enim

139 630 479 689 promovendus
512 629 598 673 fuit
630 643 654 673 a
693 628 871 688 proprio
905 628 1125 688 Episcopo
1158 629 1469 685 examinatus,
1506 631 1580 675 vel
1615 645 1723 675 non.
1770 632 1812 676 si
1837 632 1923 676 fuit

137 712 447 767 examinatus,
483 712 619 756 habet
661 711 845 771 quidem
879 711 949 756 ius
989 712 1215 770 integrum
1251 712 1418 756 iterum
1453 712 1579 758 illum
1604 697 1920 771 eXaminandi,

135 795 242 855 quia
275 800 425 854 potest
456 796 573 840 velle
606 809 880 854 cognoscere
914 796 1099 841 cuinam
1132 796 1326 840 Ordines
1359 797 1582 851 conferat,
1628 811 1718 842 non
1764 801 1922 844 tamen

135 878 459 936 obligationem
484 879 619 923 habet
642 877 769 923 illum
794 878 1110 923 examinandi.
1147 880 1274 933 Quod
1307 879 1343 924 si
1367 880 1662 924 examinatus
1690 895 1781 925 non
1819 881 1919 938 fuit,

136 962 272 1007 debet
305 962 549 1020 Episcopus
582 962 793 1007 Titularis
826 963 1191 1020 promovendum
1217 963 1421 1008 examini
1445 964 1695 1020 subiicere,
1722 965 1824 1010 nisi·
1843 979 1922 1010 no-

141 1047 256 1091 torie
290 1050 470 1091 constet
501 1046 556 1090 de
587 1045 882 1104 qualitatibus
915 1045 1160 1105 requisitis.

874 1228 1103 1258 Ammonos
1137 1230 1182 1258 11.

313 1347 377 1388 De
398 1345 580 1389 iuribus
602 1351 642 1388 et
662 1347 1051 1400 po·aee1m·nentiis
1080 1347 1407 1402 Episcoporam
1436 1346 1735 1391 Timlarimn.

254 1471 355 1514 524.
392 1473 550 1522 Quoad
585 1469 997 1529 praeeminentias,
1035 1483 1183 1514 canon
1228 1475 1296 1514 est
1332 1470 1574 1528 Episcopos
1616 1471 1825 1516 titulares
1868 1471 1922 1516 iis

134 1552 347 1597 omnibus
371 1553 554 1611 pollere,
580 1566 695 1611 quae
720 1553 801 1611 ipsi
826 1552 973 1597 ordini
997 1553 1250 1597 adhaerent
1275 1553 1345 1597 vel
1364 1567 1421 1597 ex
1440 1553 1665 1611 spirituali
1685 1554 1919 1598 matrimo-

135 1636 212 1680 nio
245 1651 350 1681 cum
385 1650 466 1681 sua
504 1636 698 1681 Ecclesia
732 1636 961 1691 oriuntur,
1000 1635 1203 1681 vicissim
1239 1642 1393 1680 autem
1420 1636 1473 1680 iis
1506 1651 1679 1692 carere,
1712 1651 1828 1695 quae
1862 1652 1917 1682 ex

133 1721 299 1765 actuali
325 1719 636 1764 iurisdictione
660 1719 918 1764 dimanant.
955 1719 1071 1764 Hinc
1095 1720 1322 1779 sequitur:
1364 1721 1401 1776 l)
1429 1720 1486 1764 ol)
1511 1720 1794 1765 matrimonii
1819 1721 1917 1765 vin-

134 1804 287 1848 culum
323 1817 427 1847 cum
463 1817 543 1848 sua
581 1802 776 1848 Ecclesia
811 1816 888 1847 eos
921 1817 1013 1848 non
1050 1816 1178 1860 posse
1221 1803 1322 1862 eligi
1370 1804 1423 1847 ad
1466 1803 1603 1848 aliam
1652 1804 1917 1860 Ecclesiam,

135 1887 211 1932 sed
244 1887 407 1931 debere
442 1887 675 1945 postulari,
711 1888 915 1946 adeoque
950 1902 1034 1932 nec
1068 1887 1306 1932 transferri
1350 1901 1505 1946 posse,
1553 1887 1640 1932 nisi
1681 1887 1919 1933 vinculum

135 1970 297 2030 prioris
334 1971 558 2016 Ecclesiae
591 1985 615 2015 a
653 1975 860 2015 Romano
897 1970 1115 2016 Pontissce
1138 1972 1358 2016 solvatur.
1396 1974 1437 2026 Ξ)
1471 1976 1534 2016 Ex
1560 1971 1810 2016 honoribus
1833 1972 1919 2030 pri-

134 2053 253 2097 vatis
276 2053 341 2097 uti
377 2067 505 2112 posse
548 2053 875 2113 Episcoporum
918 2054 1145 2110 vestibus,
1194 2068 1310 2114 quae
1355 2059 1509 2099 tamen
1554 2053 1917 2099 iurisdictionem

134 2150 227 2181 non
262 2136 481 2182 indicent.
521 2143 568 2183 ln
603 2137 750 2182 aliena
787 2152 897 2182 vero
931 2138 1124 2183 dioecesi
1159 2139 1224 2181 uti
1262 2152 1352 2182 non
1389 2143 1598 2197 possunt,
1632 2138 1800 2198 absque
1838 2142 1919 2183 Or-

133 2219 297 2264 dinarii
331 2219 534 2276 licentia,
579 2226 707 2265 veste
749 2235 886 2280 quam
930 2204 1091 2266 dicunt
1132 2228 1365 2266 mozzelta
1409 2220 1513 2277 (nisi
1547 2222 1776 2279 regulares
1808 2221 1916 2277 sint,

133 2302 297 2362 quibus
328 2303 415 2348 alia
448 2318 586 2362 quam
620 2304 780 2348 dicunt
815 2305 1102 2350 mamellella
1128 2304 1194 2348 uti
1239 2318 1330 2349 non
1376 2304 1524 2360 licet),
1571 2304 1663 2349 imo
1702 2310 1748 2349 et
1790 2310 1918 2349 veste

136 2382 273 2439 linea,
307 2397 423 2442 quae
446 2384 574 2428 audit
596 2384 866 2440 rochettum,
892 2389 1029 2444 atque
1055 2389 1182 2429 veste
1206 2385 1426 2443 superiori
1452 2386 1494 2429 id
1518 2390 1587 2429 est
1609 2385 1915 2440 vizantelletta,

136 2467 372 2526 multoque
405 2467 559 2512 minus
602 2468 758 2512 habitu
806 2467 1070 2525 pontificali.
1137 2473 1248 2513 [tem
1292 2469 1334 2525 5)
1364 2468 1733 2527 praecedentiam
1783 2481 1916 2526 supra

136 2551 426 2607 presbyteros
458 2552 641 2606 habere,
679 2550 764 2596 nisi
799 2552 915 2596 forte
950 2551 1084 2596 officii
1119 2552 1234 2596 ratio
1267 2556 1405 2610 atque
1448 2551 1557 2595 ordo
1590 2550 1710 2595 aliud
1745 2549 1913 2608 exigat.

135 2636 260 2677 Inter
295 2634 536 2691 Episcopos
568 2638 723 2679 autem
757 2633 887 2679 iuxta
921 2634 1128 2679 ordinem
1166 2634 1467 2693 promotionis
1505 2634 1678 2688 sedere,
1722 2633 1808 2678 nisi
1853 2632 1916 2678 illi

136 2715 183 2760 in
216 2729 296 2761 sua
328 2716 525 2762 dioecesi
558 2717 667 2773 sint,
702 2723 782 2762 aut
828 2731 996 2763 munus
1036 2717 1219 2778 aliquod
1267 2732 1375 2763 suae
1418 2717 1746 2763 iurisdictionis
1786 2731 1917 2762 exer-

135 2805 286 2845 ceant.
324 2804 494 2846 Romae
528 2801 613 2846 hoc
646 2801 818 2846 habent
839 2802 1034 2859 speciale
1062 2801 1265 2860 Episcopi
1290 2801 1529 2857 Titulares,
1549 2802 1669 2860 quod
1692 2802 1739 2844 in
1764 2814 1917 2859 praee-

137 2881 372 2927 minentiis
403 2884 656 2943 aequaliter
688 2885 879 2930 omnino
912 2898 1018 2930 cum
1054 2885 1286 2943 Episcopis
1319 2884 1685 2929 residentialibus
1718 2883 1915 2928 habean-

135 2967 227 3021 tur,
261 2971 308 3010 et
339 2967 461 3012 solus
494 2967 794 3026 promotionis
834 2967 1068 3027 antiquior
1098 2967 1208 3012 ordo
1253 2967 1622 3027 praecedentiam
1667 2966 1711 3010 in
1755 2966 1913 3011 eadem

135 3047 254 3094 linea
291 3049 630 3109 Archiepiscopi
663 3050 737 3095 vel
773 3050 977 3109 Episcopi
1011 3052 1237 3105 conferat,
1272 3054 1466 3109 excepto
1489 3063 1597 3094 casu
1620 3063 1710 3109 quo
1736 3050 1914 3108 Episco-
