2176 3386
1104 0 1118 3 ,,
1153 0 1371 33 -,Ᾰ.ᾞ.,Μμ
1389 18 1397 28 t
1440 19 1442 26 ,

167 165 169 173 ‹
238 145 324 186 448
885 158 995 188 PARS
1023 159 1049 188 1.
1083 159 1140 187 ur:
1169 153 1380 188 PERSOle

958 434 1207 487 SECTIO
1249 435 1310 487 II.

636 586 714 638 De
755 585 1295 660 Conqreqationibus
1334 587 1632 662 Religiosis

529 684 586 733 in
636 681 837 755 quibus
889 689 1015 735 vota
1065 683 1344 756 simplicia
1395 687 1736 738 emittuntur.

362 846 461 890 582.
498 849 683 891 Praeter
703 846 896 891 Ordines
930 849 1157 905 regulares
1188 848 1242 892 de
1275 847 1607 907 quibus—locuti
1641 862 1815 904 sumus,
1849 849 2017 894 adsunt

236 929 626 987 Congregationes
649 929 884 987 religiosae
908 931 980 974 vel
1005 930 1210 975 virorum
1237 932 1308 975 vel
1332 931 1592 987 mulierum,
1614 946 1730 990 quae
1753 932 1837 977 hac
1863 937 2015 977 nostra

240 1015 393 1056 aetate
442 1026 533 1057 non
582 1013 681 1057 sine
727 1027 908 1058 summo
954 1014 1094 1058 totius
1141 1014 1418 1059 christianae
1460 1029 1512 1060 ac
1545 1016 1693 1060 civilis
1743 1016 2014 1074 reipublicae

239 1096 553 1140 emolumento
586 1101 915 1151 excreverunt,
936 1097 990 1141 de
1013 1097 1176 1156 quibus
1208 1112 1371 1156 operae
1408 1098 1601 1157 pretium
1636 1102 1706 1143 est
1727 1098 1875 1158 aliqua
1912 1099 2013 1143 heic

234 1179 454 1224 delibare.

1005 1356 1183 1400 CAPUT
1216 1359 1246 1399 Ι.

286 1487 347 1522 DE
375 1486 853 1523 CONGREGATIONIBUS
880 1486 1189 1523 DIOECESANIS
1211 1487 1302 1523 VEL
1328 1487 1438 1530 NON,
1462 1487 1726 1531 EARUMQUE
1758 1487 1967 1526 NATURA.

359 1604 458 1649 585.
504 1606 888 1662 Congregationes
935 1604 1046 1649 istae
1094 1604 1209 1649 aliae
1250 1609 1358 1649 sunt
1389 1604 1716 1662 dioecesanae,
1756 1605 1871 1650 aliae
1904 1619 2014 1650 vero

242 1703 352 1733 non.
390 1688 692 1733 Dioecesanae
716 1693 824 1732 sunt
846 1702 961 1747 quae
996 1703 1136 1733 unam
1162 1689 1234 1733 vel
1269 1690 1418 1747 plures
1450 1689 1608 1733 domos
1635 1689 1681 1733 in
1706 1703 1794 1733 una
1818 1689 2013 1734 dioecesi

235 1771 426 1826 habent,
461 1785 667 1830 quaeque
701 1770 949 1815 intendunt
982 1771 1102 1815 intra
1127 1770 1265 1829 ipsius
1296 1771 1515 1816 dioecesis
1547 1770 1714 1816 limites
1745 1773 2009 1816 consistere.

238 1858 339 1899 Non
373 1855 671 1900 dioecesanae
705 1869 831 1909 vero,
856 1855 910 1899 de
943 1855 1107 1913 quibus
1139 1854 1424 1912 potissimum
1459 1854 1651 1911 agimus,
1681 1859 1789 1899 sunt
1820 1857 2011 1913 Congre-

236 1938 444 1996 gationes
481 1938 708 1998 (quamvis
760 1952 851 1983 non
884 1940 1142 1996 exemptae)
1178 1951 1294 1997 quae
1343 1937 1421 1981 uni
1455 1937 1674 1995 superiori
1709 1938 1780 1982 vel
1814 1938 2012 1996 superio-

238 2021 376 2066 rissae
410 2022 608 2079 generali
645 2025 807 2079 parent
838 2025 884 2065 et
916 2021 962 2065 in
998 2020 1199 2078 pluribus
1230 2020 1512 2065 dioecesibus
1543 2020 1733 2064 diffusae
1766 2025 1888 2065 sunt.

358 2103 456 2148 584.
488 2108 621 2148 Porro
647 2103 733 2147 viri
756 2108 802 2147 et
826 2103 1039 2148 mulieres
1063 2102 1321 2147 huiusmodi
1343 2106 1448 2147 vota
1471 2102 1694 2161 simplicia
1713 2103 2009 2161 paupertatis,

233 2186 462 2231 castitatis
495 2190 540 2230 et
563 2186 848 2230 obedientiae
884 2190 1155 2243 nuncupant
1187 2185 1284 2230 sive
1320 2189 1535 2244 perpetua
1569 2185 1666 2229 sive
1697 2189 2007 2243 temporanea.

237 2271 295 2314 At
328 2283 385 2313 ex
419 2272 527 2313 voto
567 2269 846 2326 paupertatis
877 2268 933 2312 ad
976 2268 1170 2313 radicale
1214 2282 1366 2312 rerum
1415 2267 1671 2312 dominium
1719 2267 2010 2312 retinendum

238 2352 311 2396 vel
346 2352 537 2396 subinde
570 2351 899 2410 acquirendum
942 2355 1022 2395 aut
1053 2351 1107 2395 ad
1140 2350 1471 2408 disponendum
1511 2351 1565 2394 de
1598 2349 1729 2395 bonis
1770 2364 1860 2394 non
1895 2349 2013 2395 fiunt

216 2434 474 2479 inhabiles.
512 2436 628 2478 Sane
661 2437 757 2479 Sac.
795 2437 956 2490 Congr.
998 2436 1079 2477 EE.
1116 2437 1162 2477 et
1198 2436 1285 2476 RR.
1322 2431 1393 2476 die
1430 2432 1481 2476 12
1516 2431 1631 2476 Iunii
1670 2432 1779 2476 ‘1858
1812 2431 2009 2476 declara-

239 2517 307 2561 x‘it
353 2518 471 2577 quod
508 2538 526 2558 a
554 2518 742 2576 professi
792 2521 1005 2562 votorum
1053 2515 1330 2573 simplicium
1379 2515 1636 2560 dominium
1683 2515 1910 2571 radicale,
1961 2519 2012 2559 ut

231 2601 383 2657 aiunt,
419 2614 605 2646 suorum
656 2600 879 2645 bonorum
914 2599 1111 2643 retinere
1161 2602 1393 2657 poterunt,
1428 2598 1504 2642 sed
1538 2598 1603 2642 eis
1634 2597 1824 2642 omnino
1871 2597 2009 2642 inter-

234 2685 356 2729 dicta
390 2689 460 2728 est
491 2697 650 2728 eorum
684 2681 1022 2727 administratio
1043 2685 1089 2726 et
1113 2681 1340 2726 redituum
1376 2680 1577 2738 erogatio
1610 2685 1746 2739 atque
1774 2693 1896 2725 usus.
1931 2683 2008 2724 De·

234 2768 347 2812 bent
380 2771 616 2826 propterea
648 2771 756 2811 ante
790 2766 1117 2825 professionem
1152 2769 1366 2809 votorum
1398 2762 1675 2822 simplicium
1717 2762 1894 2818 cedere,
1929 2775 2010 2820 pro

235 2855 443 2908 tempore
475 2864 564 2910 quo
598 2850 642 2894 in
678 2850 837 2894 eadem
873 2854 1085 2894 votorum
1119 2847 1395 2906 simplicium
1441 2847 1717 2904 professione
1750 2858 2008 2903 permanse-

237 2933 347 2989 rint,
381 2932 847 2987 administrationem,
883 2932 1222 2976 usumfructum
1254 2935 1301 2975 et
1334 2943 1466 2975 usum
1498 2929 1663 2989 quibus
1693 2928 1759 2973 eis
1789 2927 2010 2987 placuerit

230 3031 290 3063 ac
322 3017 460 3063 etiam
495 3030 577 3062 suo
608 3017 785 3072 Ordini,
820 3016 856 3061 si
890 3016 952 3061 ita
985 3029 1064 3074 pro
1096 3028 1255 3059 eorum
1289 3013 1418 3058 libitu
1451 3011 1823 3058 existimaverint
1847 3027 1887 3056 n.
