2176 3386
763 198 890 227 cmi-:n
919 198 943 226 1.
979 198 1034 226 DF.
1063 197 1258 226 (manicis
1826 186 1902 225 411

118 304 429 363 adprobarunt
461 319 514 349 ac
549 304 750 362 pluribus
784 303 1032 362 privilegiis
1063 306 1358 348 dotaverunt.
1394 301 1559 371 Huius·
1586 303 1905 361 congregatio-

121 387 191 432 nis
223 389 564 432 Praefectniam
598 387 714 445 gerit
746 388 839 445 ipse
878 391 1109 432 Romanus
1144 386 1373 440 Pontifex,
1411 385 1645 430 nonnullis
1680 387 1722 429 S.
1763 390 1811 431 R.
1851 390 1898 430 ii.

118 469 432 517 Cardinalibus
453 470 530 530 qui
554 470 789 527 generales
821 469 1113 530 inquisitores
1146 470 1450 528 appellantur.
1489 472 1614 513 Inter
1632 468 1765 513 buius
1789 472 1902 515 Con-

117 552 395 611 gregationis
426 552 654 597 Officiales
686 557 1022 597 enumerantur
1057 572 1075 593 a
1104 552 1452 598 commissarius
1478 570 1497 591 n
1546 552 1682 597 iudex
1723 554 1903 598 ordina-

121 634 244 689 rius,
282 638 489 678 Assessor
521 634 829 679 Commissarii
863 634 1172 690 Consiliarius,
1223 635 1404 680 FiscaliS
1457 636 1672 680 Notarius
1719 636 1900 696 aliique.

124 717 360 760 Accedunt
391 718 681 761 Consultores
722 722 767 761 et
809 717 1153 771 Qualilicatores
1186 717 1262 776 qui
1296 732 1320 761 a
1356 720 1397 761 S.
1434 719 1795 775 Congregatione
1830 719 1903 763 de-

122 799 256 858 legati
290 813 532 844 censuram
567 799 621 843 de
654 799 834 857 scriptis
865 799 998 843 editis
1023 800 1178 843 ferunt
1204 801 1232 843 ¹.
1269 800 1498 844 Ol'liciales
1531 815 1693 845 omnes
1715 815 1767 846 ac
1790 804 1903 846 Con·

118 884 326 932 suttores.v
364 883 447 927 sub
482 896 625 940 poena
669 881 1165 927 excommunicationis
1198 883 1294 939 ipso
1318 884 1438 927 facto
1476 884 1795 939 incurrendae,
1836 897 1902 928 se·

122 970 297 1010 cretum
333 979 517 1010 servare
554 970 784 1009 tenentur.
825 967 887 1009 Ad
922 966 1041 1009 hanc
1075 969 1257 1011 Sacram
1289 967 1697 1025 Congregationem
1743 982 1905 1013 omnes

119 1064 284 1095 causae
319 1050 551 1108 pertinent
585 1050 879 1106 respicientes
914 1049 1190 1094 haereticam
1227 1050 1533 1108 pravitatem,
1569 1051 1846 1109 apostasiam
1879 1066 1903 1096 a

120 1132 222 1188 fide,
261 1133 474 1190 magiam,
511 1131 756 1189 sortilegia,
792 1132 1119 1186 divinationes,
1171 1138 1566 1177 sacramentorum
1614 1133 1782 1178 abusus
1813 1139 1901 1178 etc.

124 1219 170 1260 In
208 1215 408 1273 pluribus
441 1215 723 1259 cuniulative
756 1229 860 1259 cum
900 1215 1113 1273 Magistro
1149 1219 1189 1260 S.
1218 1216 1373 1260 Palatii
1414 1220 1494 1261 aut
1520 1219 1560 1261 S.
1591 1217 1755 1261 Indicis
1791 1220 1903 1261 Con-

124 1298 387 1358 gregatione
412 1299 772 1343 iurisdictionem
809 1304 1010 1343 exercet.
1050 1299 1192 1343 Huius
1226 1303 1387 1344 Sacrae
1422 1300 1797 1357 Congregationis
1829 1300 1902 1345 de-

119 1387 244 1426 creta
283 1381 373 1425 vini
400 1382 508 1439 legis
532 1382 697 1426 babere
730 1383 938 1426 doctores
964 1382 1166 1426 maxime
1191 1386 1327 1426 notae
1345 1383 1512 1427 (locent
1536 1382 1568 1437 ²,
1605 1383 1785 1427 etiamsi
1806 1382 1903 1427 eius

119 1466 302 1510 decreta
339 1480 422 1510 nec
457 1465 708 1510 infallibilia
743 1480 827 1510 ncc
864 1465 1209 1510 irreformabilia
1245 1466 1352 1510 sint.
1392 1466 1535 1511 Aliter
1557 1466 1801 1511 dicendum
1837 1482 1902 1512 es-

119 1555 187 1594 set
224 1550 258 1594 si
298 1554 345 1594 R.
385 1550 594 1594 Pontifex
633 1551 672 1593 S.
709 1548 852 1594 Officii
889 1549 1168 1594 decisionem
1202 1562 1330 1593 suani
1373 1551 1570 1605 faceret,
1608 1564 1800 1608 eamque
1827 1565 1904 1608 per

120 1633 506 1678 Constitutioneni
543 1633 796 1691 publicaret
827 1647 879 1678 ac
911 1634 968 1677 ab
1000 1634 1212 1678 omnibus
1246 1634 1420 1679 servari
1455 1634 1646 1679 iuberet.

662 1779 679 1823 ξ
709 1780 741 1814 4.
769 1800 815 1802 —e—
840 1779 876 1815 S.
905 1780 1175 1826 Conquatio
1202 1779 1365 1815 Indicis.

242 1875 340 1918 555.
378 1877 489 1918 Cum
517 1875 779 1932 apparuerit
803 1873 1082 1917 iusulliciens
1106 1873 1242 1918 index
1278 1874 1495 1918 librorum
1522 1874 1854 1932 prohibitorum
1879 1890 1904 1919 a

119 1957 160 2000 S.
197 1954 462 1999 'tridentino
504 1955 703 2000 Concilio
747 1957 987 1999 confectus
1034 1970 1087 2000 ac
1119 1970 1143 2000 a
1180 1960 1229 2000 R.
1277 1959 1321 2001 P.
1362 1955 1435 2000 Pio
1471 1959 1526 2000 IV
1576 1956 1830 2014 publicatus
1864 1957 1901 2013 ³,

118 2052 238 2082 nova
272 2037 570 2095 Congregatio
606 2037 771 2082 Indicis
819 2036 1028 2081 instituta
1063 2042 1132 2081 est
1165 2037 1220 2081 ad
1255 2052 1421 2095 pravos
1455 2038 1590 2083 libros
1632 2039 1901 2084 examinan-

117 2119 198 2163 dos
229 2123 366 2178 atque
401 2118 681 2163 nominatim
714 2119 1014 2163 damnandos.
1057 2119 1158 2163 Pius
1191 2123 1226 2163 V
1262 2120 1434 2176 primus
1483 2121 1601 2164 hanc
1647 2125 1901 2179 congrega-

119 2201 291 2246 tionem
324 2201 565 2246 constituit
598 2216 736 2261 quam
776 2206 863 2246 RR.
906 2206 983 2245 PP.
1021 2202 1265 2259 Gregorius
1299 2207 1415 2259 XIII,
1452 2203 1606 2248 Sixtus
1642 2207 1693 2259 V,
1729 2209 1775 2248 et
1809 2206 1903 2250 Cle-

120 2299 248 2330 inens
284 2288 378 2330 VIII
412 2285 748 2330 confirmarunt
780 2299 833 2330 ac
868 2286 1160 2330 facultatibus
1193 2292 1427 2331 auxerunt
1450 2287 1481 2331 ⁴.
1534 2291 1722 2333 Constat
1768 2290 1903 2346 pluri-

120 2370 201 2413 bus
241 2369 571 2424 Cardinalibus,
607 2384 663 2414 ex
698 2370 863 2429 quibus
897 2383 1015 2415 unus
1048 2372 1311 2415 Praefectus
1344 2370 1518 2416 existit:
1557 2372 1783 2418 Assistens
1807 2386 1904 2430 per-

121 2456 280 2510 petuus
330 2452 546 2513 Magister
596 2456 637 2497 S.
684 2453 841 2497 Palatii
890 2459 989 2505 est,
1041 2454 1322 2498 Secretarius
1369 2468 1426 2498 ex
1474 2454 1644 2498 Ordine
1696 2458 1904 2498 Fratrum

123 2535 490 2581 praedicatorum
526 2537 628 2594 eligi
661 2539 790 2582 solet.
828 2542 996 2582 Munus
1031 2538 1299 2597 prohibendi
1334 2551 1500 2596 pravos
1530 2539 1665 2583 libros
1694 2539 1750 2584 ab
1774 2539 1906 2583 initio

118 2620 174 2664 ad
193 2622 234 2665 S.
255 2621 664 2678 Congregationem
685 2626 725 2667 S.
747 2622 891 2668 Officii
921 2623 1195 2680 pertinebat,
1217 2622 1294 2666 sed
1319 2628 1472 2679 postea
1497 2622 1645 2667 auctis
1668 2636 1905 2681 supramo—

238 2770 246 2787 ¹
276 2770 410 2806 Bened.
440 2770 540 2814 XIV,
568 2772 689 2807 Const.
716 2771 887 2813 Sollicita,
914 2775 928 2811 ἓ
954 2771 986 2814 5,
1013 2771 1034 2807 9
1062 2771 1127 2807 Iul.
1158 2771 1260 2807 1755.

239 2843 250 2859 ¹
277 2841 346 2879 cfr.
371 2842 554 2879 Benedict.
584 2842 683 2885 XIV,
715 2843 861 2886 Quaest.
892 2843 978 2879 Can.
1010 2853 1043 2888 q.
1063 2842 1095 2885 6,
1123 2853 1157 2878 n.
1177 2843 1212 2885 8,
1235 2842 1416 2889 aliosquffi
1449 2842 1515 2878 [ἡ.
1549 2843 1603 2878 ΒΕ
1632 2843 1734 2879 LUCA
1762 2843 1905 2880 Praele-

119 2911 260 2948 ctiones
288 2912 322 2947 h.
350 2911 371 2948 l.

235 2981 247 3000 ³
274 2982 466 3019 Constitut.
495 2983 671 3020 Dominici
696 2985 801 3030 reqis.

235 3052 248 3072 ⁸
276 3053 459 3090 Benedici.
488 3053 582 3096 XIV,
611 3055 733 3091 Const.
762 3056 930 3098 Sollicita,
957 3054 978 3090 9
1008 3056 1076 3092 Iul.
1107 3055 1210 3092 1755.
