2176 3386
1710 6 1721 10 v·
1731 0 1748 19 ·†
1757 0 1881 44 rma
1887 0 2043 48 afflari„

222 172 303 212 300
868 184 978 213 PARS
1006 185 1032 214 1.
1065 185 1122 213 DE
1150 184 1361 214 PERsoms

223 291 353 337 rendi
387 292 457 337 ius
489 292 676 347 habent,
712 292 790 337 sed
823 296 1025 338 exeunte
1057 292 1282 338 sexennio
1315 293 1520 338 examini
1564 308 1612 339 se
1650 295 1802 340 denuo
1843 295 2004 342 sistere

222 380 460 432 tenentur,
496 375 531 420 si
569 375 840 421 beneficium
877 376 1134 435 parochiale
1168 376 1377 422 obtinere
1410 377 1569 423 velint.
1627 381 1660 423 Α
1707 378 1805 436 lege
1845 383 2002 425 autem

223 458 446 503 subeundi
480 459 566 504 hoc
601 472 773 503 novum
807 465 970 504 exacto
1004 460 1205 504 triennio
1237 473 1452 515 examen,
1486 460 1544 505 ab
1580 460 1812 521 Episcopo,
1847 461 2001 507 audita

224 541 596 586 examinatorum
634 542 882 597 sententia,
919 541 1170 600 dispensari
1205 547 1396 600 possunt
1418 544 1494 603 qui
1519 543 1641 589 inter
1662 544 1906 603 synodales
1929 545 2000 590 vel
2046 577 2048 580 ψ

226 626 583 684 pro-synodales
615 625 958 670 examinatores
989 630 1098 670 sunt
1130 625 1369 684 assumpti,
1404 631 1484 671 aut
1515 628 1591 686 qui
1627 632 1811 685 propter
1842 642 2001 672 mune-

227 710 286 755 ris
321 711 393 754 vel
427 709 635 755 beneficii
671 724 760 769 quo
795 711 1012 754 fruuntur
1056 709 1353 767 dignitatem,
1390 710 1462 754 vel
1511 715 1696 769 propter
1736 710 2003 756 diuturnam
2165 698 2176 771 ξ

225 807 409 850 operam
443 806 531 851 qua
570 792 794 837 Ecclesiae
827 806 931 837 cum
967 792 1098 837 laude
1131 792 1408 847 servierunt,
1444 792 1663 838 scientiae
1685 793 2003 838 testimonium

227 877 407 921 abunde
442 880 676 935 praestant
700 877 712 900 ¹
742 861 779 920 »ζ
817 879 1029 921 Ceterum
1075 877 1115 931 5)
1142 876 1188 920 in
1224 889 1449 922 concursu
1492 875 1776 921 instituendo
1817 877 2005 922 eaedem

226 960 440 1005 omnibus
473 960 855 1004 concurrentibus
895 959 1189 1020 quaestiones
1231 959 1324 1004 dari
1369 959 1538 1004 debent
1580 959 1808 1019 iidemque
1850 965 2007 1005 textus

226 1042 498 1101 evangelici,
534 1056 670 1100 super
702 1043 868 1102 quibus
901 1057 1052 1087 sermo
1086 1043 1436 1088 concinnandus
1468 1047 1553 1098 est,
1588 1058 1705 1103 quae
1738 1044 1892 1088 omnia
1930 1057 2004 1088 eo-

229 1126 333 1170 dem
367 1130 575 1184 tempore.
609 1125 822 1171 omnibus
854 1126 1068 1170 dictanda
1103 1130 1225 1170 sunt.
1264 1130 1387 1171 Intra
1424 1140 1532 1171 vero
1564 1130 1790 1171 statutum
1825 1130 2007 1185 tempus

231 1209 288 1253 ab
320 1209 534 1253 omnibus
566 1209 860 1267 quaestiones
894 1209 1149 1269 propositae
1185 1209 1481 1253 resolvendae
1504 1214 1612 1254 sunt
1634 1214 1680 1254 et
1702 1209 2005 1254 conciuncula
2073 1223 2077 1228 ·

227 1293 560 1350 componenda.
599 1294 639 1348 6)
671 1297 793 1337 [nter
825 1294 1097 1351 approbatos
1134 1307 1241 1337 vero
1274 1292 1469 1350 digniori
1503 1297 1683 1350 reperto
1706 1292 1873 1338 iudicio
1909 1292 2007 1351 Epi-

227 1377 368 1435 scopi,
407 1377 618 1434 parochia
653 1376 850 1422 conferri
885 1377 1033 1420 debet.
1072 1377 1114 1433 7)
1139 1380 1350 1422 Ceterum
1386 1376 1442 1420 ab
1464 1375 1766 1421 irrationabili
1805 1376 2007 1435 Episcopi

228 1464 273 1503 et
306 1459 676 1504 examinatorum
714 1458 880 1504 iudicio
914 1459 1035 1505 intra
1070 1460 1228 1504 decem
1263 1460 1358 1504 dies
1390 1474 1414 1504 a
1448 1458 1718 1515 collatione,
1753 1460 1807 1503 ad
1842 1463 2008 1504 metro-

230 1544 482 1601 politanum
517 1548 563 1588 et
594 1542 629 1587 si
667 1542 1047 1602 metropolitanus
1079 1543 1250 1601 eligens
1271 1544 1330 1587 sit
1353 1544 1425 1587 vel
1455 1543 1697 1602 Episcopus
1728 1543 2010 1601 Apostolicae

230 1628 329 1672 Sedi
366 1627 630 1672 immediate
664 1628 911 1682 subiectus,
949 1628 1055 1672 licet
1087 1628 1141 1672 ad
1176 1626 1466 1671 ordinarium
1505 1626 1773 1671 x‘iciniorem
1809 1630 1860 1670 ut
1906 1639 2009 1684 apo-

229 1713 414 1757 stolicae
449 1711 574 1756 Sedis
606 1712 882 1770 delegatum,
919 1712 993 1756 vel
1027 1711 1080 1755 ad
1127 1710 1272 1769 ipsam
1315 1710 1617 1769 Apostolicarn
1660 1709 1818 1754 Sedem
1861 1708 2010 1766 appel·

230 1797 322 1840 lare
357 1795 402 1839 in
436 1795 704 1840 devolutivo
739 1799 939 1850 tantum,
978 1794 1270 1852 producendo
1305 1797 1406 1837 acta
1442 1791 1698 1849 originalia,
1736 1793 1807 1836 vel
1846 1791 2008 1836 saltem

230 1880 497 1924 eorumdem
531 1877 853 1923 authenticum
887 1877 1130 1936 exemplar
1162 1876 1247 1921 rite
1282 1877 1518 1931 collatum,
1554 1879 1599 1920 et
1631 1874 1693 1919 ita
1728 1876 2012 1934 praeelectus

233 1962 470 2022 provocari
505 1961 672 2020 poterit
704 1975 858 2006 coram
895 1961 1045 2005 Iudice
1070 1960 1388 2019 appellationis
1410 1963 1456 2004 et
1478 1959 1576 2004 eius
1598 1957 2007 2003 examinatoribus.

237 2040 517 2091 Et’constito
551 2046 604 2090 de
638 2044 937 2090 irrationabili
984 2043 1194 2102 eligentis
1237 2043 1430 2099 iudicio,
1476 2047 1722 2088 revocatur
1763 2042 1924 2086 electio
1967 2046 2013 2086 et

233 2129 504 2189 parochialis
537 2128 726 2174 ecclesia
763 2128 907 2186 magis
940 2127 1105 2172 idoneo
1139 2141 1217 2185 per
1250 2127 1451 2172 Iudicem
1497 2126 1813 2185 appellationis
1860 2126 2011 2184 (modo

233 2212 414 2257 collatio
447 2216 622 2271 spectet
655 2212 710 2256 ad
748 2211 1016 2270 Episcopum
1051 2225 1074 2254 a
1109 2224 1199 2270 quo
1233 2210 1320 2254 fuit
1352 2211 1646 2268 appellatum)
1684 2210 1932 2254 confertur.

968 2380 1200 2410 Ammonos
1234 2381 1278 2409 11.

700 2500 765 2541 De
802 2496 1170 2554 Obliyationibus
1205 2495 1541 2540 parochorum.

354 2630 455 2688 557.
493 2631 626 2673 quta
658 2627 915 2674 Concilium
941 2626 1260 2671 'tridentinum
1294 2629 1408 2670 duae
1441 2630 1550 2671 sunt
1578 2625 1847 2684 praecipuae
1883 2629 2012 2670 Paro-

235 2716 427 2758 chorum
467 2711 793 2771 obligationes,
829 2711 1003 2756 scilicet
1032 2709 1258 2768 professio
1290 2710 1401 2768 fidei
1431 2714 1478 2755 et
1511 2709 1779 2754 residentia.
1830 2704 1931 2754 Iam'
1959 2708 2015 2753 ad

237 2797 434 2856 primam
481 2795 601 2855 quod
644 2795 840 2850 attinet,
876 2794 1105 2839 Parochus
1154 2792 1364 2851 provisus
1396 2793 1451 2838 de
1484 2791 1708 2838 beneficio
1740 2790 1861 2836 intra
1903 2791 2016 2836 duos

356 2975 367 2995 ²
395 2975 464 3012 Cfr.
492 2974 724 3012 Collectanea
751 2974 784 3011 S.
813 2974 849 3011 C.
877 2974 922 3010 de
949 2973 1192 3019 Propaganda
1218 2972 1318 3017 Fide,
1344 2982 1380 3008 n.
1405 2971 1487 3009 215.
1525 2972 1593 3009 Cfr.
1619 2971 1901 3009 Instructionem
1921 2972 1956 3008 S.
1975 2971 2015 3009 C.

235 3047 279 3083 de
306 3046 552 3093 propaganda
577 3046 664 3083 Fide
690 3046 736 3083 ad
763 3045 1116 3092 Archiep..Hibern.
1142 3045 1200 3081 die
1226 3044 1271 3081 22
1285 3045 1376 3082 iunii
1398 3043 1486 3081 1791
1506 3044 1545 3080 in
1570 3043 1815 3089 Collectanea,
1830 3053 1867 3081 n.
1887 3042 1965 3080 195.
