2176 3386
225 186 315 226 370
879 197 990 228 PARS
1018 197 1043 227 1.
1058 211 1061 215 ·
1078 198 1136 228 DE
1163 197 1376 228 PERsoms

313 0 332 4 ἡ
397 0 832 30 fflwmfly(
867 26 873 37 1
907 20 915 28 ⁸
980 22 981 29 ἵ

862 62 1060 109 ψη.

353 305 394 364 b)
430 305 664 364 impositio
697 306 802 365 pilei
836 305 976 362 rubri,
1012 305 1059 351 in
1082 320 1172 365 quo
1194 309 1264 351 est
1293 303 1610 351 cardinalatus
1638 305 1817 364 insigne
1847 306 2017 367 quique

234 388 503 434 solemniter
534 403 690 434 coram
723 389 888 435 ceteris
919 388 1232 442 Cardinalibus
1263 388 1321 434 ab
1353 388 1512 434 eodem
1546 388 1800 447 imponitur
1821 393 1873 435 R.
1902 393 2030 436 Pon—⁴

233 471 357 516 tilice
383 472 413 516 ¹.

351 555 389 610 c)
425 554 635 599 Occlusio
667 554 774 609 oris,
810 568 926 613 quae
959 554 1010 599 fit
1042 553 1087 598 in
1122 553 1331 613 sequenti
1370 553 1674 609 Consistorio,
1709 567 1798 613 qua
1838 554 2013 600 scilicet

232 637 482 683 Cardinalis
513 652 539 682 a
575 642 781 683 Romano
813 637 1034 682 Pontifice
1068 637 1302 682 inhibetur
1325 636 1371 682 in
1394 636 1671 682 Consistorio
1702 637 1842 697 loqui,
1867 638 2013 683 donec

233 720 381 765 eidem
415 733 465 765 os
496 720 730 779 aperiatur
751 721 783 765 ².

350 804 396 861 d)
432 804 630 862 Aperitio
675 804 792 859 oris,
828 818 943 863 quae
978 803 1023 848 in
1057 805 1226 859 altero,
1264 805 1335 848 vel
1376 804 1421 848 in
1453 804 1592 849 tertio
1634 804 1909 851 Consistorio
1943 804 2009 862 fit,

230 902 319 947 qua
353 888 526 933 scilicet
566 888 758 932 facultas
798 888 946 932 eidem
981 887 1032 932 fit
1065 889 1110 932 in
1144 887 1422 933 Consistorio
1454 887 1697 947 loquendi3
1744 902 1833 947 quo
1869 888 2010 934 etiam

231 975 437 1029 tempore
470 972 669 1015 annulus
701 971 849 1015 eidem
885 971 1096 1027 traditur,
1123 974 1168 1015 et
1200 971 1360 1015 titulus
1391 971 1679 1029 adsignatur,
1715 971 1830 1016 idest
1861 972 2011 1031 aliqua

230 1070 288 1100 ex
323 1055 408 1099 illis
445 1055 670 1111 Ecclesiis,
705 1054 869 1114 quibus
893 1054 936 1098 in
962 1056 1073 1098 urbe
1105 1054 1265 1099 titulus
1297 1054 1612 1099 Cardinalatus
1644 1059 1713 1099 est
1744 1059 1951 1100 adnexus
1975 1055 2006 1100 ³.

352 1138 555 1197 Denique
591 1138 645 1182 de
678 1137 881 1195 legitimo
929 1137 1244 1182 cardinalatus
1289 1137 1522 1193 subiecto,
1558 1151 1637 1183 seu
1685 1138 1740 1182 de
1783 1139 2006 1196 personis,

229 1237 341 1283 quas
373 1224 427 1268 ad
462 1223 580 1267 hanc
612 1222 884 1280 dignitatem
918 1221 1051 1266 evehi
1085 1221 1231 1275 decet,
1259 1222 1343 1268 hoc
1375 1221 1422 1265 in
1447 1221 1604 1280 primis
1636 1222 2010 1267 animadverten-

229 1308 337 1352 dum
372 1311 457 1361 est,
493 1307 612 1364 leges
643 1319 695 1350 ea
729 1305 784 1349 de
818 1319 864 1349 re
897 1305 1011 1349 latas
1033 1306 1211 1363 proprie
1244 1305 1357 1350 tales
1389 1305 1475 1350 dici
1511 1320 1601 1351 non
1627 1319 1780 1364 posse;
1816 1306 1921 1366 quia
1951 1321 2009 1352 ne

233 1395 464 1436 Romanus
485 1390 669 1450 quidem
697 1389 909 1433 Pontifex
934 1392 1081 1446 potest
1102 1389 1439 1433 suecessoribus
1469 1388 1563 1433 suis
1586 1390 1728 1446 legem
1753 1389 2004 1449 imponere3

228 1474 304 1518 sed
339 1473 496 1518 iisdem
521 1478 703 1517 tantum
739 1472 957 1527 indicare,
983 1471 1091 1530 quid
1116 1472 1359 1515 honestum
1393 1471 1451 1516 sit
1482 1471 1607 1531 sequi
1632 1472 1662 1516 ⁴.
1700 1477 1798 1527 Quo
1832 1472 2007 1518 monito

228 1558 494 1616 praemisso,
519 1556 757 1602 sciendum
790 1560 858 1600 est
889 1556 1146 1613 complures
1166 1569 1190 1599 a
1217 1555 1341 1600 xisto
1364 1558 1400 1598 V
1425 1556 1470 1600 in
1504 1555 1622 1601 dicta
1656 1555 1846 1601 Constit.
1885 1560 2006 1600 Post-

226 1654 368 1699 quam
403 1641 429 1685 5
466 1640 675 1684 Decemb.
717 1639 845 1694 1586,
879 1637 1194 1684 Cardinalatus
1226 1641 1466 1696 incapaces
1498 1637 1643 1683 dictos
1674 1650 1788 1694 esse,
1822 1637 1898 1697 qui
1922 1639 2006 1683 sci-

227 1723 335 1768 licet
367 1727 501 1766 sunt:

344 1808 390 1864 a)
424 1806 712 1865 Quicumque
744 1806 924 1850 defectu
958 1804 1108 1864 aliquo
1142 1805 1376 1861 laborant,
1411 1819 1500 1865 quo
1545 1805 1805 1863 promoveri
1838 1807 1892 1850 ad
1925 1809 2005 1850 Or-

225 1889 355 1934 dines
389 1893 652 1948 nequeunt5

344 1974 382 2029 b)
425 1972 666 2030 illegitimi,
702 1971 809 2016 licet
840 1972 1055 2030 deinceps
1088 1970 1326 2029 legitimati
1364 1970 1536 2015 fuerint
1568 1970 1706 2014 etiam
1742 1984 1821 2028 per
1852 1970 2004 2014 subse-

225 2071 370 2115 quens
405 2056 780 2113 matrimonium3

343 2142 380 2197 c)
417 2141 501 2195 Qui
538 2141 652 2185 filios
684 2145 764 2185 aut
798 2145 986 2198 nepotes
1009 2155 1065 2184 ex
1089 2140 1294 2198 legitimo
1317 2139 1457 2184 etiam
1486 2137 1781 2183 matrimonio
1814 2138 2000 2196 habent;

343 2226 388 2282 d)
423 2225 508 2279 Qui
541 2224 767 2270 Cardinali
801 2225 950 2269 adhuc
984 2223 1162 2268 viventi
1203 2223 1348 2281 primo
1384 2223 1456 2267 vel
1489 2222 1689 2266 secundo
1732 2221 2003 2279 consangui-

226 2308 385 2354 nitatis
417 2308 554 2365 gradu
591 2307 825 2352 coniuncti
861 2311 969 2351 sunt
993 2307 1022 2350 ⁵.

291 2490 294 2494 ’
345 2493 352 2511 “
379 2494 507 2530 ΡΕΤΒΑ
534 2492 556 2527 l.
584 2501 626 2534 c.,
652 2501 689 2526 n.
718 2490 774 2526 16.

342 2565 354 2583 ²
382 2565 509 2601 PETRA
535 2563 557 2599 1.
584 2573 626 2606 c.,
652 2573 687 2598 n.
716 2563 770 2599 17.

343 2635 356 2654 ³
381 2636 507 2671 PETRA
533 2635 554 2671 l.
582 2644 624 2678 c.,
651 2643 686 2669 n.
716 2634 770 2670 17.

341 2707 355 2727 ’*
381 2708 467 2752 Cap.
496 2707 557 2744 ult.
585 2707 626 2742 de
651 2706 845 2752 rescriptis,
875 2705 912 2740 in
938 2704 991 2748 6⁰;
1020 2704 1144 2750 ibique
1172 2703 1315 2740 GLOSSA
1336 2703 1447 2740 verbo
1473 2703 1687 2739 Iudicemus.

341 2779 353 2798 ⁵
380 2778 432 2814 Cf.
461 2778 506 2814 de
532 2778 591 2814 his
617 2777 791 2814 omnibus
819 2778 1038 2813 Consulum
1064 2776 1116 2811 De
1143 2775 1393 2817 Cardinalatu,
1419 2785 1455 2810 n.
1482 2773 1514 2810 9.
