<?xml version="1.0" encoding="UTF-8"?>
<!DOCTYPE html PUBLIC "-//W3C//DTD XHTML 1.0 Transitional//EN"
    "http://www.w3.org/TR/xhtml1/DTD/xhtml1-transitional.dtd">
<html xmlns="http://www.w3.org/1999/xhtml" xml:lang="en" lang="en">
 <head>
  <title>
</title>
<meta http-equiv="Content-Type" content="text/html;charset=utf-8" />
  <meta name='ocr-system' content='tesseract 3.04.00' />
  <meta name='ocr-capabilities' content='ocr_page ocr_carea ocr_par ocr_line ocrx_word'/>
</head>
<body>
  <div class='ocr_page' id='page_1' title='image "apparatus00ziteuoft_0313.png"; bbox 0 0 2176 3386; ppageno 0'>
   <div class='ocr_carea' id='block_1_1' title="bbox 0 0 505 95">
    <p class='ocr_par' dir='ltr' id='par_1_1' title="bbox 0 0 505 95">
     <span class='ocr_line' id='line_1_1' title="bbox 0 0 505 95; baseline 0 3291"><span class='ocrx_word' id='word_1_1' title='bbox 0 0 505 95; x_wconf 95' lang='lat' dir='ltr'><strong> </strong></span> 
     </span>
    </p>
   </div>
   <div class='ocr_carea' id='block_1_2' title="bbox 773 171 1910 211">
    <p class='ocr_par' dir='ltr' id='par_1_2' title="bbox 773 171 1910 211">
     <span class='ocr_line' id='line_1_2' title="bbox 773 171 1910 211; baseline 0.002 -2"><span class='ocrx_word' id='word_1_2' title='bbox 773 181 904 210; x_wconf 78' lang='lat' dir='ltr'><strong>Lim-:n</strong></span> <span class='ocrx_word' id='word_1_3' title='bbox 931 181 956 210; x_wconf 89' lang='lat'><strong>1.</strong></span> <span class='ocrx_word' id='word_1_4' title='bbox 991 181 1048 209; x_wconf 87' lang='lat' dir='ltr'><strong>DE</strong></span> <span class='ocrx_word' id='word_1_5' title='bbox 1078 181 1270 210; x_wconf 77' lang='lat' dir='ltr'><strong>CLEmffls</strong></span> <span class='ocrx_word' id='word_1_6' title='bbox 1834 171 1910 211; x_wconf 90' lang='grc'><strong>301</strong></span> 
     </span>
    </p>
   </div>
   <div class='ocr_carea' id='block_1_3' title="bbox 130 286 1962 2612">
    <p class='ocr_par' dir='ltr' id='par_1_3' title="bbox 131 286 1913 670">
     <span class='ocr_line' id='line_1_3' title="bbox 134 286 1910 354; baseline -0.003 -16"><span class='ocrx_word' id='word_1_7' title='bbox 134 303 315 338; x_wconf 89' lang='lat' dir='ltr'><strong>menses</strong></span> <span class='ocrx_word' id='word_1_8' title='bbox 346 303 369 334; x_wconf 84' lang='lat' dir='ltr'><strong>a</strong></span> <span class='ocrx_word' id='word_1_9' title='bbox 404 289 476 334; x_wconf 91' lang='lat' dir='ltr'><strong>die</strong></span> <span class='ocrx_word' id='word_1_10' title='bbox 509 287 700 345; x_wconf 84' lang='lat' dir='ltr'>adeptae</span> <span class='ocrx_word' id='word_1_11' title='bbox 733 286 1059 345; x_wconf 84' lang='lat' dir='ltr'><strong>possessionis,</strong></span> <span class='ocrx_word' id='word_1_12' title='bbox 1095 291 1282 332; x_wconf 86' lang='lat' dir='ltr'><strong>tenetur</strong></span> <span class='ocrx_word' id='word_1_13' title='bbox 1322 287 1559 354; x_wconf 45' lang='lat' dir='ltr'><strong>emittere·</strong></span> <span class='ocrx_word' id='word_1_14' title='bbox 1581 288 1910 346; x_wconf 79' lang='lat' dir='ltr'><strong>professionem</strong></span> 
     </span>
     <span class='ocr_line' id='line_1_4' title="bbox 133 370 1912 432; baseline -0.003 -10"><span class='ocrx_word' id='word_1_15' title='bbox 133 377 235 422; x_wconf 85' lang='lat' dir='ltr'><strong>fidei</strong></span> <span class='ocrx_word' id='word_1_16' title='bbox 272 388 426 420; x_wconf 89' lang='lat' dir='ltr'><strong>coram</strong></span> <span class='ocrx_word' id='word_1_17' title='bbox 465 373 704 432; x_wconf 84' lang='lat' dir='ltr'><strong>EpiscopO,</strong></span> <span class='ocrx_word' id='word_1_18' title='bbox 739 376 820 416; x_wconf 87' lang='lat' dir='ltr'><strong>aut</strong></span> <span class='ocrx_word' id='word_1_19' title='bbox 851 370 949 416; x_wconf 91' lang='lat' dir='ltr'><strong>eius</strong></span> <span class='ocrx_word' id='word_1_20' title='bbox 982 371 1162 416; x_wconf 89' lang='lat' dir='ltr'><strong>Vicario</strong></span> <span class='ocrx_word' id='word_1_21' title='bbox 1194 371 1423 426; x_wconf 87' lang='lat' dir='ltr'><strong>Generali,</strong></span> <span class='ocrx_word' id='word_1_22' title='bbox 1458 385 1653 430; x_wconf 90' lang='lat' dir='ltr'><strong>eamque</strong></span> <span class='ocrx_word' id='word_1_23' title='bbox 1690 371 1912 417; x_wconf 90' lang='lat' dir='ltr'><strong>omittens</strong></span> 
     </span>
     <span class='ocr_line' id='line_1_5' title="bbox 134 453 1912 514; baseline -0.002 -9"><span class='ocrx_word' id='word_1_24' title='bbox 134 462 310 505; x_wconf 84' lang='lat' dir='ltr'><strong>fructus</strong></span> <span class='ocrx_word' id='word_1_25' title='bbox 341 470 433 502; x_wconf 91' lang='lat' dir='ltr'><strong>non</strong></span> <span class='ocrx_word' id='word_1_26' title='bbox 467 454 578 501; x_wconf 83' lang='lat' dir='ltr'><strong>facit</strong></span> <span class='ocrx_word' id='word_1_27' title='bbox 609 468 714 500; x_wconf 92' lang='lat' dir='ltr'><strong>suos</strong></span> <span class='ocrx_word' id='word_1_28' title='bbox 737 455 767 498; x_wconf 77' lang='lat'><strong>¹.</strong></span> <span class='ocrx_word' id='word_1_29' title='bbox 820 454 1032 499; x_wconf 83' lang='lat' dir='ltr'><strong>Formula</strong></span> <span class='ocrx_word' id='word_1_30' title='bbox 1067 468 1176 499; x_wconf 91' lang='lat' dir='ltr'><strong>vero</strong></span> <span class='ocrx_word' id='word_1_31' title='bbox 1212 453 1505 511; x_wconf 73' lang='lat' dir='ltr'><strong>professionis</strong></span> <span class='ocrx_word' id='word_1_32' title='bbox 1539 468 1591 499; x_wconf 89' lang='lat' dir='ltr'><strong>ea</strong></span> <span class='ocrx_word' id='word_1_33' title='bbox 1630 459 1700 499; x_wconf 91' lang='lat' dir='ltr'><strong>est</strong></span> <span class='ocrx_word' id='word_1_34' title='bbox 1735 469 1852 514; x_wconf 90' lang='lat' dir='ltr'><strong>quae</strong></span> <span class='ocrx_word' id='word_1_35' title='bbox 1887 473 1912 502; x_wconf 90' lang='lat' dir='ltr'><strong>a</strong></span> 
     </span>
     <span class='ocr_line' id='line_1_6' title="bbox 132 536 1913 597; baseline -0.002 -10"><span class='ocrx_word' id='word_1_36' title='bbox 132 543 209 587; x_wconf 90' lang='lat' dir='ltr'><strong>Pio</strong></span> <span class='ocrx_word' id='word_1_37' title='bbox 234 545 289 587; x_wconf 89' lang='lat' dir='ltr'><strong>[V</strong></span> <span class='ocrx_word' id='word_1_38' title='bbox 312 545 357 586; x_wconf 92' lang='lat' dir='ltr'><strong>et</strong></span> <span class='ocrx_word' id='word_1_39' title='bbox 383 540 457 585; x_wconf 84' lang='lat' dir='ltr'><strong>Pio</strong></span> <span class='ocrx_word' id='word_1_40' title='bbox 479 541 536 583; x_wconf 80' lang='lat' dir='ltr'><strong>lx</strong></span> <span class='ocrx_word' id='word_1_41' title='bbox 570 537 850 597; x_wconf 85' lang='lat' dir='ltr'><strong>praescripta</strong></span> <span class='ocrx_word' id='word_1_42' title='bbox 882 541 966 593; x_wconf 87' lang='lat' dir='ltr'><strong>est,</strong></span> <span class='ocrx_word' id='word_1_43' title='bbox 1003 549 1109 580; x_wconf 93' lang='lat' dir='ltr'><strong>cum</strong></span> <span class='ocrx_word' id='word_1_44' title='bbox 1142 536 1374 581; x_wconf 89' lang='lat' dir='ltr'><strong>additione</strong></span> <span class='ocrx_word' id='word_1_45' title='bbox 1406 536 1582 582; x_wconf 86' lang='lat' dir='ltr'><strong>scilicet</strong></span> <span class='ocrx_word' id='word_1_46' title='bbox 1611 537 1743 582; x_wconf 89' lang='lat' dir='ltr'><strong>incisi</strong></span> <span class='ocrx_word' id='word_1_47' title='bbox 1777 551 1913 597; x_wconf 84' lang='lat' dir='ltr'><strong>super</strong></span> 
     </span>
     <span class='ocr_line' id='line_1_7' title="bbox 131 619 794 670; baseline -0.008 -1"><span class='ocrx_word' id='word_1_48' title='bbox 131 624 325 670; x_wconf 74' lang='lat' dir='ltr'><strong>decretis</strong></span> <span class='ocrx_word' id='word_1_49' title='bbox 348 622 558 668; x_wconf 88' lang='lat' dir='ltr'><strong>Vaticani</strong></span> <span class='ocrx_word' id='word_1_50' title='bbox 590 619 794 666; x_wconf 90' lang='lat' dir='ltr'><strong>Concilii.</strong></span> 
     </span>
    </p>

    <p class='ocr_par' dir='ltr' id='par_1_4' title="bbox 130 703 1912 1016">
     <span class='ocr_line' id='line_1_8' title="bbox 252 703 1912 768; baseline -0.001 -16"><span class='ocrx_word' id='word_1_51' title='bbox 252 707 316 752; x_wconf 78' lang='lat' dir='ltr'><strong>Ad</strong></span> <span class='ocrx_word' id='word_1_52' title='bbox 350 709 469 768; x_wconf 85' lang='lat' dir='ltr'><strong>hanc</strong></span> <span class='ocrx_word' id='word_1_53' title='bbox 504 703 835 763; x_wconf 81' lang='lat' dir='ltr'><strong>professionem</strong></span> <span class='ocrx_word' id='word_1_54' title='bbox 869 703 1173 748; x_wconf 84' lang='lat' dir='ltr'><strong>emittendam</strong></span> <span class='ocrx_word' id='word_1_55' title='bbox 1208 708 1429 748; x_wconf 91' lang='lat' dir='ltr'><strong>tenentur</strong></span> <span class='ocrx_word' id='word_1_56' title='bbox 1460 708 1559 748; x_wconf 84' lang='lat' dir='ltr'><strong>tum</strong></span> <span class='ocrx_word' id='word_1_57' title='bbox 1595 703 1785 749; x_wconf 79' lang='lat' dir='ltr'><strong>parochi</strong></span> <span class='ocrx_word' id='word_1_58' title='bbox 1816 704 1912 750; x_wconf 90' lang='lat' dir='ltr'><strong>ina-</strong></span> 
     </span>
     <span class='ocr_line' id='line_1_9' title="bbox 134 774 1910 846; baseline -0.001 -11"><span class='ocrx_word' id='word_1_59' title='bbox 134 790 389 846; x_wconf 90' lang='lat' dir='ltr'><strong>movibiles,</strong></span> <span class='ocrx_word' id='word_1_60' title='bbox 424 794 522 833; x_wconf 90' lang='lat' dir='ltr'><strong>tum</strong></span> <span class='ocrx_word' id='word_1_61' title='bbox 557 789 746 833; x_wconf 89' lang='lat' dir='ltr'><strong>Parochi</strong></span> <span class='ocrx_word' id='word_1_62' title='bbox 779 787 835 832; x_wconf 88' lang='lat' dir='ltr'><strong>ad</strong></span> <span class='ocrx_word' id='word_1_63' title='bbox 872 774 1075 845; x_wconf 76' lang='lat' dir='ltr'><strong>Episcdpi</strong></span> <span class='ocrx_word' id='word_1_64' title='bbox 1109 791 1275 832; x_wconf 91' lang='lat' dir='ltr'><strong>nutum</strong></span> <span class='ocrx_word' id='word_1_65' title='bbox 1309 787 1596 844; x_wconf 86' lang='lat' dir='ltr'><strong>amovibiles,</strong></span> <span class='ocrx_word' id='word_1_66' title='bbox 1626 802 1820 846; x_wconf 87' lang='lat' dir='ltr'><strong>eamque</strong></span> <span class='ocrx_word' id='word_1_67' title='bbox 1846 804 1910 834; x_wconf 90' lang='lat' dir='ltr'><strong>re-</strong></span> 
     </span>
     <span class='ocr_line' id='line_1_10' title="bbox 132 871 1908 931; baseline -0.001 -13"><span class='ocrx_word' id='word_1_68' title='bbox 132 887 305 918; x_wconf 88' lang='lat' dir='ltr'><strong>novare</strong></span> <span class='ocrx_word' id='word_1_69' title='bbox 337 872 506 917; x_wconf 91' lang='lat' dir='ltr'><strong>debent</strong></span> <span class='ocrx_word' id='word_1_70' title='bbox 538 871 673 916; x_wconf 85' lang='lat' dir='ltr'><strong>toties</strong></span> <span class='ocrx_word' id='word_1_71' title='bbox 705 871 884 931; x_wconf 90' lang='lat' dir='ltr'><strong>quoties</strong></span> <span class='ocrx_word' id='word_1_72' title='bbox 917 885 1066 916; x_wconf 88' lang='lat' dir='ltr'><strong>novae</strong></span> <span class='ocrx_word' id='word_1_73' title='bbox 1106 872 1341 929; x_wconf 80' lang='lat' dir='ltr'><strong>paroeciae</strong></span> <span class='ocrx_word' id='word_1_74' title='bbox 1386 872 1718 929; x_wconf 70' lang='lat' dir='ltr'><strong>possessionem</strong></span> <span class='ocrx_word' id='word_1_75' title='bbox 1769 873 1908 917; x_wconf 88' lang='lat' dir='ltr'><strong>susci-</strong></span> 
     </span>
     <span class='ocr_line' id='line_1_11' title="bbox 130 956 316 1016; baseline -0.011 -14"><span class='ocrx_word' id='word_1_76' title='bbox 130 957 263 1016; x_wconf 92' lang='lat' dir='ltr'><strong>piunt</strong></span> <span class='ocrx_word' id='word_1_77' title='bbox 285 956 316 1000; x_wconf 77' lang='lat'><strong>2.</strong></span> 
     </span>
    </p>

    <p class='ocr_par' dir='ltr' id='par_1_5' title="bbox 130 1038 1962 2521">
     <span class='ocr_line' id='line_1_12' title="bbox 237 1038 1912 1105; baseline -0.001 -21"><span class='ocrx_word' id='word_1_78' title='bbox 237 1040 350 1105; x_wconf 49' lang='lat'>528.</span> <span class='ocrx_word' id='word_1_79' title='bbox 398 1039 555 1093; x_wconf 80' lang='lat' dir='ltr'><strong>Quoad</strong></span> <span class='ocrx_word' id='word_1_80' title='bbox 597 1039 891 1083; x_wconf 82' lang='lat' dir='ltr'><strong>residentiam</strong></span> <span class='ocrx_word' id='word_1_81' title='bbox 931 1038 1190 1083; x_wconf 85' lang='lat' dir='ltr'><strong>Residentia</strong></span> <span class='ocrx_word' id='word_1_82' title='bbox 1230 1044 1323 1083; x_wconf 88' lang='lat' dir='ltr'><strong>est:</strong></span> <span class='ocrx_word' id='word_1_83' title='bbox 1381 1041 1687 1084; x_wconf 64' lang='lat' dir='ltr'><strong>sommoracio</strong></span> <span class='ocrx_word' id='word_1_84' title='bbox 1720 1040 1912 1085; x_wconf 68' lang='lat' dir='ltr'><strong>assidua</strong></span> 
     </span>
     <span class='ocr_line' id='line_1_13' title="bbox 131 1123 1916 1181; baseline -0.001 -13"><span class='ocrx_word' id='word_1_85' title='bbox 131 1139 210 1169; x_wconf 78' lang='lat' dir='ltr'><strong>seu</strong></span> <span class='ocrx_word' id='word_1_86' title='bbox 233 1124 333 1181; x_wconf 80' lang='lat' dir='ltr'><strong>fere</strong></span> <span class='ocrx_word' id='word_1_87' title='bbox 365 1126 591 1168; x_wconf 74' lang='lat' dir='ltr'><strong>continua</strong></span> <span class='ocrx_word' id='word_1_88' title='bbox 624 1126 675 1167; x_wconf 79' lang='lat' dir='ltr'><strong>in</strong></span> <span class='ocrx_word' id='word_1_89' title='bbox 716 1123 914 1167; x_wconf 77' lang='lat' dir='ltr'><strong>Ecclesia</strong></span> <span class='ocrx_word' id='word_1_90' title='bbox 946 1136 1026 1166; x_wconf 71' lang='lat' dir='ltr'><strong>sea</strong></span> <span class='ocrx_word' id='word_1_91' title='bbox 1059 1124 1152 1167; x_wconf 80' lang='lat' dir='ltr'><strong>loco</strong></span> <span class='ocrx_word' id='word_1_92' title='bbox 1184 1123 1394 1181; x_wconf 76' lang='lat' dir='ltr'><strong>beneficii</strong></span> <span class='ocrx_word' id='word_1_93' title='bbox 1413 1125 1592 1167; x_wconf 75' lang='lat' dir='ltr'><strong>servicii</strong></span> <span class='ocrx_word' id='word_1_94' title='bbox 1623 1124 1916 1168; x_wconf 71' lang='lat' dir='ltr'><strong>ecclesiastici</strong></span> 
     </span>
     <span class='ocr_line' id='line_1_14' title="bbox 130 1204 1914 1264; baseline 0 -15"><span class='ocrx_word' id='word_1_95' title='bbox 130 1208 446 1264; x_wconf 72' lang='lat' dir='ltr'><strong>personaliter</strong></span> <span class='ocrx_word' id='word_1_96' title='bbox 477 1207 759 1264; x_wconf 70' lang='lat' dir='ltr'><strong>praestandi</strong></span> <span class='ocrx_word' id='word_1_97' title='bbox 789 1219 950 1252; x_wconf 72' lang='lat' dir='ltr'><strong>causa.</strong></span> <span class='ocrx_word' id='word_1_98' title='bbox 978 1214 1128 1260; x_wconf 80' lang='lat' dir='ltr'><strong>Quare</strong></span> <span class='ocrx_word' id='word_1_99' title='bbox 1163 1206 1408 1250; x_wconf 78' lang='lat' dir='ltr'><strong>residentia</strong></span> <span class='ocrx_word' id='word_1_100' title='bbox 1438 1210 1506 1250; x_wconf 87' lang='lat' dir='ltr'><strong>est</strong></span> <span class='ocrx_word' id='word_1_101' title='bbox 1529 1210 1627 1249; x_wconf 90' lang='lat' dir='ltr'><strong>tum</strong></span> <span class='ocrx_word' id='word_1_102' title='bbox 1663 1204 1914 1249; x_wconf 85' lang='lat' dir='ltr'><strong>materialiS</strong></span> 
     </span>
     <span class='ocr_line' id='line_1_15' title="bbox 131 1289 1910 1348; baseline -0.001 -14"><span class='ocrx_word' id='word_1_103' title='bbox 131 1296 230 1336; x_wconf 90' lang='lat' dir='ltr'><strong>tum</strong></span> <span class='ocrx_word' id='word_1_104' title='bbox 265 1291 461 1336; x_wconf 89' lang='lat' dir='ltr'><strong>moralis.</strong></span> <span class='ocrx_word' id='word_1_105' title='bbox 500 1290 755 1335; x_wconf 85' lang='lat' dir='ltr'><strong>Residentia</strong></span> <span class='ocrx_word' id='word_1_106' title='bbox 794 1290 1042 1335; x_wconf 86' lang='lat' dir='ltr'><strong>materialis</strong></span> <span class='ocrx_word' id='word_1_107' title='bbox 1066 1291 1284 1348; x_wconf 83' lang='lat' dir='ltr'><strong>importat</strong></span> <span class='ocrx_word' id='word_1_108' title='bbox 1316 1295 1366 1333; x_wconf 90' lang='lat' dir='ltr'><strong>ut</strong></span> <span class='ocrx_word' id='word_1_109' title='bbox 1401 1290 1624 1347; x_wconf 84' lang='lat' dir='ltr'><strong>parochus</strong></span> <span class='ocrx_word' id='word_1_110' title='bbox 1655 1289 1727 1333; x_wconf 85' lang='lat' dir='ltr'><strong>die</strong></span> <span class='ocrx_word' id='word_1_111' title='bbox 1753 1293 1910 1333; x_wconf 87' lang='lat' dir='ltr'><strong>noctu-</strong></span> 
     </span>
     <span class='ocr_line' id='line_1_16' title="bbox 131 1372 1915 1433; baseline 0 -15"><span class='ocrx_word' id='word_1_112' title='bbox 131 1388 218 1433; x_wconf 86' lang='lat' dir='ltr'><strong>que</strong></span> <span class='ocrx_word' id='word_1_113' title='bbox 258 1376 304 1419; x_wconf 90' lang='lat' dir='ltr'><strong>in</strong></span> <span class='ocrx_word' id='word_1_114' title='bbox 338 1375 551 1432; x_wconf 85' lang='lat' dir='ltr'><strong>parochia</strong></span> <span class='ocrx_word' id='word_1_115' title='bbox 588 1375 855 1432; x_wconf 77' lang='lat' dir='ltr'><strong>regulariter</strong></span> <span class='ocrx_word' id='word_1_116' title='bbox 893 1378 1233 1429; x_wconf 85' lang='lat' dir='ltr'><strong>commoretur,</strong></span> <span class='ocrx_word' id='word_1_117' title='bbox 1269 1374 1546 1432; x_wconf 75' lang='lat' dir='ltr'><strong>aedibusque</strong></span> <span class='ocrx_word' id='word_1_118' title='bbox 1582 1372 1915 1432; x_wconf 81' lang='lat' dir='ltr'><strong>parochialibus</strong></span> 
     </span>
     <span class='ocr_line' id='line_1_17' title="bbox 133 1458 1912 1516; baseline 0 -14"><span class='ocrx_word' id='word_1_119' title='bbox 133 1459 206 1502; x_wconf 87' lang='lat' dir='ltr'><strong>vel</strong></span> <span class='ocrx_word' id='word_1_120' title='bbox 239 1459 312 1503; x_wconf 91' lang='lat' dir='ltr'><strong>ubi</strong></span> <span class='ocrx_word' id='word_1_121' title='bbox 351 1458 402 1502; x_wconf 90' lang='lat' dir='ltr'><strong>iis</strong></span> <span class='ocrx_word' id='word_1_122' title='bbox 434 1458 711 1503; x_wconf 84' lang='lat' dir='ltr'><strong>destituatur</strong></span> <span class='ocrx_word' id='word_1_123' title='bbox 742 1458 879 1503; x_wconf 92' lang='lat' dir='ltr'><strong>domo</strong></span> <span class='ocrx_word' id='word_1_124' title='bbox 908 1458 1219 1516; x_wconf 77' lang='lat' dir='ltr'><strong>propinquiori</strong></span> <span class='ocrx_word' id='word_1_125' title='bbox 1248 1458 1472 1503; x_wconf 79' lang='lat' dir='ltr'><strong>Ecclesiae</strong></span> <span class='ocrx_word' id='word_1_126' title='bbox 1506 1458 1668 1515; x_wconf 79' lang='lat' dir='ltr'><strong>degere</strong></span> <span class='ocrx_word' id='word_1_127' title='bbox 1695 1459 1766 1502; x_wconf 86' lang='lat' dir='ltr'><strong>vel</strong></span> <span class='ocrx_word' id='word_1_128' title='bbox 1791 1458 1912 1502; x_wconf 88' lang='lat' dir='ltr'><strong>habi-</strong></span> 
     </span>
     <span class='ocr_line' id='line_1_18' title="bbox 133 1519 1962 1600; baseline -0.001 -14"><span class='ocrx_word' id='word_1_129' title='bbox 133 1548 230 1587; x_wconf 79' lang='lat' dir='ltr'><strong>tare</strong></span> <span class='ocrx_word' id='word_1_130' title='bbox 264 1547 498 1587; x_wconf 87' lang='lat' dir='ltr'><strong>teneatur:</strong></span> <span class='ocrx_word' id='word_1_131' title='bbox 539 1541 800 1587; x_wconf 79' lang='lat' dir='ltr'><strong>Residentia</strong></span> <span class='ocrx_word' id='word_1_132' title='bbox 835 1519 1019 1586; x_wconf 79' lang='lat' dir='ltr'><strong>moralis</strong></span> <span class='ocrx_word' id='word_1_133' title='bbox 1054 1540 1245 1600; x_wconf 83' lang='lat' dir='ltr'><strong>requirit</strong></span> <span class='ocrx_word' id='word_1_134' title='bbox 1268 1546 1317 1585; x_wconf 89' lang='lat' dir='ltr'><strong>ut</strong></span> <span class='ocrx_word' id='word_1_135' title='bbox 1340 1542 1395 1586; x_wconf 91' lang='lat' dir='ltr'><strong>ad</strong></span> <span class='ocrx_word' id='word_1_136' title='bbox 1430 1541 1800 1585; x_wconf 84' lang='lat' dir='ltr'><strong>subveniendum</strong></span> <span class='ocrx_word' id='word_1_137' title='bbox 1837 1555 1910 1585; x_wconf 85' lang='lat' dir='ltr'><strong>ne·</strong></span> <span class='ocrx_word' id='word_1_138' title='bbox 1946 1565 1962 1575; x_wconf 90' lang='lat'><strong>·</strong></span> 
     </span>
     <span class='ocr_line' id='line_1_19' title="bbox 133 1623 1913 1684; baseline -0.001 -15"><span class='ocrx_word' id='word_1_139' title='bbox 133 1626 422 1670; x_wconf 86' lang='lat' dir='ltr'><strong>cessitatibus</strong></span> <span class='ocrx_word' id='word_1_140' title='bbox 445 1631 625 1684; x_wconf 84' lang='lat' dir='ltr'><strong>praesto</strong></span> <span class='ocrx_word' id='word_1_141' title='bbox 648 1638 828 1683; x_wconf 85' lang='lat' dir='ltr'><strong>semper</strong></span> <span class='ocrx_word' id='word_1_142' title='bbox 851 1625 910 1668; x_wconf 90' lang='lat' dir='ltr'><strong>sit</strong></span> <span class='ocrx_word' id='word_1_143' title='bbox 929 1625 959 1669; x_wconf 70' lang='lat'><strong>3.</strong></span> <span class='ocrx_word' id='word_1_144' title='bbox 997 1630 1145 1679; x_wconf 82' lang='lat' dir='ltr'><strong>Quare</strong></span> <span class='ocrx_word' id='word_1_145' title='bbox 1167 1624 1285 1668; x_wconf 81' lang='lat' dir='ltr'><strong>Trid.</strong></span> <span class='ocrx_word' id='word_1_146' title='bbox 1308 1623 1561 1669; x_wconf 84' lang='lat' dir='ltr'><strong>Concilium</strong></span> <span class='ocrx_word' id='word_1_147' title='bbox 1591 1624 1812 1681; x_wconf 84' lang='lat' dir='ltr'><strong>praecipit</strong></span> <span class='ocrx_word' id='word_1_148' title='bbox 1837 1627 1913 1667; x_wconf 84' lang='lat' dir='ltr'><strong>Pa-</strong></span> 
     </span>
     <span class='ocr_line' id='line_1_20' title="bbox 133 1706 1911 1769; baseline -0.003 -13"><span class='ocrx_word' id='word_1_149' title='bbox 133 1711 283 1757; x_wconf 87' lang='lat' dir='ltr'><strong>rochis</strong></span> <span class='ocrx_word' id='word_1_150' title='bbox 306 1709 559 1755; x_wconf 76' lang='lat' dir='ltr'><strong>formaliter</strong></span> <span class='ocrx_word' id='word_1_151' title='bbox 592 1715 638 1754; x_wconf 90' lang='lat' dir='ltr'><strong>et</strong></span> <span class='ocrx_word' id='word_1_152' title='bbox 672 1710 973 1769; x_wconf 82' lang='lat' dir='ltr'><strong>personaliter</strong></span> <span class='ocrx_word' id='word_1_153' title='bbox 1005 1709 1080 1753; x_wconf 87' lang='lat' dir='ltr'><strong>diu</strong></span> <span class='ocrx_word' id='word_1_154' title='bbox 1117 1714 1348 1767; x_wconf 87' lang='lat' dir='ltr'><strong>noctuque</strong></span> <span class='ocrx_word' id='word_1_155' title='bbox 1385 1708 1579 1752; x_wconf 88' lang='lat' dir='ltr'><strong>residere</strong></span> <span class='ocrx_word' id='word_1_156' title='bbox 1615 1707 1660 1750; x_wconf 90' lang='lat' dir='ltr'><strong>in</strong></span> <span class='ocrx_word' id='word_1_157' title='bbox 1686 1706 1911 1764; x_wconf 87' lang='lat' dir='ltr'><strong>paroecia,</strong></span> 
     </span>
     <span class='ocr_line' id='line_1_21' title="bbox 132 1790 1913 1854; baseline -0.003 -15"><span class='ocrx_word' id='word_1_158' title='bbox 132 1800 179 1839; x_wconf 92' lang='lat' dir='ltr'><strong>et</strong></span> <span class='ocrx_word' id='word_1_159' title='bbox 200 1795 383 1854; x_wconf 90' lang='lat' dir='ltr'><strong>quidem</strong></span> <span class='ocrx_word' id='word_1_160' title='bbox 419 1794 606 1839; x_wconf 83' lang='lat' dir='ltr'><strong>domum</strong></span> <span class='ocrx_word' id='word_1_161' title='bbox 643 1794 947 1852; x_wconf 85' lang='lat' dir='ltr'><strong>parochialem</strong></span> <span class='ocrx_word' id='word_1_162' title='bbox 986 1793 1022 1837; x_wconf 89' lang='lat' dir='ltr'><strong>si</strong></span> <span class='ocrx_word' id='word_1_163' title='bbox 1056 1792 1174 1837; x_wconf 84' lang='lat' dir='ltr'><strong>adsit</strong></span> <span class='ocrx_word' id='word_1_164' title='bbox 1208 1792 1422 1846; x_wconf 82' lang='lat' dir='ltr'><strong>incolere,</strong></span> <span class='ocrx_word' id='word_1_165' title='bbox 1459 1805 1588 1837; x_wconf 89' lang='lat' dir='ltr'><strong>secus</strong></span> <span class='ocrx_word' id='word_1_166' title='bbox 1621 1791 1810 1835; x_wconf 91' lang='lat' dir='ltr'><strong>domum</strong></span> <span class='ocrx_word' id='word_1_167' title='bbox 1848 1790 1913 1834; x_wconf 83' lang='lat' dir='ltr'><strong>vi-</strong></span> 
     </span>
     <span class='ocr_line' id='line_1_22' title="bbox 133 1874 1914 1935; baseline -0.002 -13"><span class='ocrx_word' id='word_1_168' title='bbox 133 1878 354 1922; x_wconf 82' lang='lat' dir='ltr'><strong>ciniorem</strong></span> <span class='ocrx_word' id='word_1_169' title='bbox 390 1878 434 1921; x_wconf 89' lang='lat' dir='ltr'><strong>in</strong></span> <span class='ocrx_word' id='word_1_170' title='bbox 471 1878 706 1935; x_wconf 80' lang='lat' dir='ltr'><strong>paroeciae</strong></span> <span class='ocrx_word' id='word_1_171' title='bbox 740 1877 921 1921; x_wconf 83' lang='lat' dir='ltr'><strong>finibus.</strong></span> <span class='ocrx_word' id='word_1_172' title='bbox 975 1880 1076 1921; x_wconf 90' lang='lat' dir='ltr'><strong>Non</strong></span> <span class='ocrx_word' id='word_1_173' title='bbox 1112 1875 1362 1920; x_wconf 87' lang='lat' dir='ltr'><strong>residentes</strong></span> <span class='ocrx_word' id='word_1_174' title='bbox 1395 1890 1505 1920; x_wconf 67' lang='lat' dir='ltr'><strong>vero</strong></span> <span class='ocrx_word' id='word_1_175' title='bbox 1541 1875 1657 1919; x_wconf 92' lang='lat' dir='ltr'><strong>ultra</strong></span> <span class='ocrx_word' id='word_1_176' title='bbox 1700 1874 1914 1919; x_wconf 87' lang='lat' dir='ltr'><strong>bimestre</strong></span> 
     </span>
     <span class='ocr_line' id='line_1_23' title="bbox 132 1944 1911 2019; baseline -0.003 -12"><span class='ocrx_word' id='word_1_177' title='bbox 132 1963 230 2007; x_wconf 88' lang='lat' dir='ltr'><strong>sive</strong></span> <span class='ocrx_word' id='word_1_178' title='bbox 254 1962 528 2012; x_wconf 83' lang='lat' dir='ltr'><strong>continuum</strong></span> <span class='ocrx_word' id='word_1_179' title='bbox 553 1962 652 2006; x_wconf 71' lang='lat' dir='ltr'><strong>sive</strong></span> <span class='ocrx_word' id='word_1_180' title='bbox 672 1960 1001 2019; x_wconf 86' lang='lat' dir='ltr'><strong>interruptum,</strong></span> <span class='ocrx_word' id='word_1_181' title='bbox 1025 1960 1153 2005; x_wconf 82' lang='lat' dir='ltr'><strong>iuxta</strong></span> <span class='ocrx_word' id='word_1_182' title='bbox 1178 1944 1590 2018; x_wconf 39' lang='lat' dir='ltr'><strong>ipsius&#39;Tridentini</strong></span> <span class='ocrx_word' id='word_1_183' title='bbox 1618 1958 1911 2016; x_wconf 86' lang='lat' dir='ltr'><strong>praescripta,</strong></span> 
     </span>
     <span class='ocr_line' id='line_1_24' title="bbox 132 2043 1914 2103; baseline -0.002 -13"><span class='ocrx_word' id='word_1_184' title='bbox 132 2047 309 2090; x_wconf 85' lang='lat' dir='ltr'><strong>fructus</strong></span> <span class='ocrx_word' id='word_1_185' title='bbox 343 2059 435 2089; x_wconf 85' lang='lat' dir='ltr'><strong>non</strong></span> <span class='ocrx_word' id='word_1_186' title='bbox 470 2045 647 2089; x_wconf 88' lang='lat' dir='ltr'><strong>faciunt</strong></span> <span class='ocrx_word' id='word_1_187' title='bbox 678 2057 783 2088; x_wconf 88' lang='lat' dir='ltr'><strong>suos</strong></span> <span class='ocrx_word' id='word_1_188' title='bbox 817 2043 899 2088; x_wconf 89' lang='lat' dir='ltr'><strong>toti</strong></span> <span class='ocrx_word' id='word_1_189' title='bbox 923 2058 1011 2103; x_wconf 88' lang='lat' dir='ltr'><strong>quo</strong></span> <span class='ocrx_word' id='word_1_190' title='bbox 1034 2044 1202 2088; x_wconf 90' lang='lat' dir='ltr'><strong>absunt</strong></span> <span class='ocrx_word' id='word_1_191' title='bbox 1235 2044 1429 2101; x_wconf 84' lang='lat' dir='ltr'><strong>tempori</strong></span> <span class='ocrx_word' id='word_1_192' title='bbox 1467 2043 1811 2101; x_wconf 87' lang='lat' dir='ltr'><strong>respondentes,</strong></span> <span class='ocrx_word' id='word_1_193' title='bbox 1837 2043 1914 2087; x_wconf 90' lang='lat' dir='ltr'><strong>sed</strong></span> 
     </span>
     <span class='ocr_line' id='line_1_25' title="bbox 132 2127 1914 2186; baseline -0.001 -13"><span class='ocrx_word' id='word_1_194' title='bbox 132 2143 208 2173; x_wconf 90' lang='lat' dir='ltr'><strong>eos</strong></span> <span class='ocrx_word' id='word_1_195' title='bbox 241 2134 349 2173; x_wconf 91' lang='lat' dir='ltr'><strong>ante</strong></span> <span class='ocrx_word' id='word_1_196' title='bbox 382 2142 568 2173; x_wconf 88' lang='lat' dir='ltr'><strong>omnem</strong></span> <span class='ocrx_word' id='word_1_197' title='bbox 602 2128 882 2173; x_wconf 86' lang='lat' dir='ltr'><strong>sententiam</strong></span> <span class='ocrx_word' id='word_1_198' title='bbox 915 2127 1263 2173; x_wconf 76' lang='lat' dir='ltr'><strong>declarator-iarn</strong></span> <span class='ocrx_word' id='word_1_199' title='bbox 1299 2127 1541 2172; x_wconf 88' lang='lat' dir='ltr'><strong>restituere</strong></span> <span class='ocrx_word' id='word_1_200' title='bbox 1574 2131 1712 2186; x_wconf 89' lang='lat' dir='ltr'><strong>atque</strong></span> <span class='ocrx_word' id='word_1_201' title='bbox 1734 2127 1790 2170; x_wconf 90' lang='lat' dir='ltr'><strong>ad</strong></span> <span class='ocrx_word' id='word_1_202' title='bbox 1819 2127 1914 2184; x_wconf 89' lang='lat' dir='ltr'><strong>pias</strong></span> 
     </span>
     <span class='ocr_line' id='line_1_26' title="bbox 132 2210 1912 2270; baseline -0.001 -14"><span class='ocrx_word' id='word_1_203' title='bbox 132 2226 293 2258; x_wconf 89' lang='lat' dir='ltr'><strong>causas</strong></span> <span class='ocrx_word' id='word_1_204' title='bbox 325 2227 511 2270; x_wconf 85' lang='lat' dir='ltr'><strong>erogare</strong></span> <span class='ocrx_word' id='word_1_205' title='bbox 544 2217 778 2256; x_wconf 89' lang='lat' dir='ltr'><strong>tenentur.</strong></span> <span class='ocrx_word' id='word_1_206' title='bbox 815 2212 943 2265; x_wconf 85' lang='lat' dir='ltr'><strong>Quod</strong></span> <span class='ocrx_word' id='word_1_207' title='bbox 976 2212 1012 2256; x_wconf 89' lang='lat' dir='ltr'><strong>si</strong></span> <span class='ocrx_word' id='word_1_208' title='bbox 1056 2212 1281 2270; x_wconf 85' lang='lat' dir='ltr'><strong>parochus</strong></span> <span class='ocrx_word' id='word_1_209' title='bbox 1325 2211 1519 2256; x_wconf 85' lang='lat' dir='ltr'><strong>resideat</strong></span> <span class='ocrx_word' id='word_1_210' title='bbox 1560 2211 1746 2269; x_wconf 91' lang='lat' dir='ltr'><strong>quidem</strong></span> <span class='ocrx_word' id='word_1_211' title='bbox 1792 2210 1912 2254; x_wconf 88' lang='lat' dir='ltr'><strong>intra</strong></span> 
     </span>
     <span class='ocr_line' id='line_1_27' title="bbox 132 2294 1914 2353; baseline -0.002 -13"><span class='ocrx_word' id='word_1_212' title='bbox 132 2295 408 2353; x_wconf 90' lang='lat' dir='ltr'><strong>paroeciam,</strong></span> <span class='ocrx_word' id='word_1_213' title='bbox 443 2296 521 2340; x_wconf 90' lang='lat' dir='ltr'><strong>sed</strong></span> <span class='ocrx_word' id='word_1_214' title='bbox 555 2309 648 2339; x_wconf 93' lang='lat' dir='ltr'><strong>non</strong></span> <span class='ocrx_word' id='word_1_215' title='bbox 685 2296 729 2339; x_wconf 92' lang='lat' dir='ltr'><strong>in</strong></span> <span class='ocrx_word' id='word_1_216' title='bbox 762 2294 950 2339; x_wconf 90' lang='lat' dir='ltr'><strong>aedibus</strong></span> <span class='ocrx_word' id='word_1_217' title='bbox 982 2294 1316 2353; x_wconf 85' lang='lat' dir='ltr'><strong>parochialibus</strong></span> <span class='ocrx_word' id='word_1_218' title='bbox 1348 2294 1517 2353; x_wconf 84' lang='lat' dir='ltr'><strong>absque</strong></span> <span class='ocrx_word' id='word_1_219' title='bbox 1551 2294 1669 2339; x_wconf 90' lang='lat' dir='ltr'><strong>iusta</strong></span> <span class='ocrx_word' id='word_1_220' title='bbox 1698 2307 1833 2351; x_wconf 86' lang='lat' dir='ltr'><strong>causa</strong></span> <span class='ocrx_word' id='word_1_221' title='bbox 1868 2298 1914 2337; x_wconf 89' lang='lat' dir='ltr'><strong>et</strong></span> 
     </span>
     <span class='ocr_line' id='line_1_28' title="bbox 133 2379 1913 2438; baseline -0.002 -13"><span class='ocrx_word' id='word_1_222' title='bbox 133 2379 384 2438; x_wconf 90' lang='lat' dir='ltr'><strong>Superioris</strong></span> <span class='ocrx_word' id='word_1_223' title='bbox 415 2379 618 2435; x_wconf 88' lang='lat' dir='ltr'><strong>licentia,</strong></span> <span class='ocrx_word' id='word_1_224' title='bbox 654 2379 710 2424; x_wconf 92' lang='lat' dir='ltr'><strong>ad</strong></span> <span class='ocrx_word' id='word_1_225' title='bbox 744 2381 978 2424; x_wconf 89' lang='lat' dir='ltr'><strong>fructuum</strong></span> <span class='ocrx_word' id='word_1_226' title='bbox 1003 2381 1344 2424; x_wconf 89' lang='lat' dir='ltr'><strong>restitutionem</strong></span> <span class='ocrx_word' id='word_1_227' title='bbox 1371 2393 1462 2423; x_wconf 92' lang='lat' dir='ltr'><strong>non</strong></span> <span class='ocrx_word' id='word_1_228' title='bbox 1488 2382 1690 2435; x_wconf 91' lang='lat' dir='ltr'><strong>tenetur,</strong></span> <span class='ocrx_word' id='word_1_229' title='bbox 1715 2379 1792 2423; x_wconf 89' lang='lat' dir='ltr'><strong>sed</strong></span> <span class='ocrx_word' id='word_1_230' title='bbox 1816 2381 1913 2436; x_wconf 93' lang='lat' dir='ltr'><strong>pot-</strong></span> 
     </span>
     <span class='ocr_line' id='line_1_29' title="bbox 133 2461 1668 2521; baseline 0 -15"><span class='ocrx_word' id='word_1_231' title='bbox 133 2466 200 2506; x_wconf 87' lang='lat' dir='ltr'><strong>est</strong></span> <span class='ocrx_word' id='word_1_232' title='bbox 222 2462 421 2507; x_wconf 87' lang='lat' dir='ltr'><strong>coerceri</strong></span> <span class='ocrx_word' id='word_1_233' title='bbox 447 2461 557 2506; x_wconf 90' lang='lat' dir='ltr'><strong>iuris</strong></span> <span class='ocrx_word' id='word_1_234' title='bbox 580 2462 793 2508; x_wconf 90' lang='lat' dir='ltr'><strong>remediis</strong></span> <span class='ocrx_word' id='word_1_235' title='bbox 824 2468 871 2507; x_wconf 91' lang='lat' dir='ltr'><strong>et</strong></span> <span class='ocrx_word' id='word_1_236' title='bbox 904 2463 1089 2507; x_wconf 90' lang='lat' dir='ltr'><strong>multari</strong></span> <span class='ocrx_word' id='word_1_237' title='bbox 1123 2464 1358 2508; x_wconf 90' lang='lat' dir='ltr'><strong>fructuum</strong></span> <span class='ocrx_word' id='word_1_238' title='bbox 1393 2463 1668 2521; x_wconf 85' lang='lat' dir='ltr'><strong>privatione.</strong></span> 
     </span>
    </p>

    <p class='ocr_par' dir='ltr' id='par_1_6' title="bbox 252 2546 1911 2612">
     <span class='ocr_line' id='line_1_30' title="bbox 252 2546 1911 2612; baseline 0 -22"><span class='ocrx_word' id='word_1_239' title='bbox 252 2546 351 2612; x_wconf 42' lang='grc' dir='ltr'><strong>εἰδὲ).</strong></span> <span class='ocrx_word' id='word_1_240' title='bbox 390 2549 422 2590; x_wconf 83' lang='grc' dir='ltr'>Α</span> <span class='ocrx_word' id='word_1_241' title='bbox 457 2546 703 2591; x_wconf 85' lang='lat' dir='ltr'><strong>residentia</strong></span> <span class='ocrx_word' id='word_1_242' title='bbox 740 2547 964 2591; x_wconf 75' lang='lat' dir='ltr'><strong>Par-ochos</strong></span> <span class='ocrx_word' id='word_1_243' title='bbox 996 2561 1088 2591; x_wconf 91' lang='lat' dir='ltr'><strong>non</strong></span> <span class='ocrx_word' id='word_1_244' title='bbox 1127 2552 1320 2591; x_wconf 87' lang='lat' dir='ltr'><strong>excusat</strong></span> <span class='ocrx_word' id='word_1_245' title='bbox 1352 2551 1478 2591; x_wconf 80' lang='lat' dir='ltr'><strong>aetas</strong></span> <span class='ocrx_word' id='word_1_246' title='bbox 1510 2546 1691 2602; x_wconf 89' lang='lat' dir='ltr'><strong>senilis,</strong></span> <span class='ocrx_word' id='word_1_247' title='bbox 1727 2551 1807 2591; x_wconf 90' lang='lat' dir='ltr'><strong>aut</strong></span> <span class='ocrx_word' id='word_1_248' title='bbox 1846 2546 1911 2590; x_wconf 92' lang='lat' dir='ltr'><strong>in-</strong></span> 
     </span>
    </p>
   </div>
   <div class='ocr_carea' id='block_1_4' title="bbox 132 2760 1911 3023">
    <p class='ocr_par' dir='ltr' id='par_1_7' title="bbox 252 2760 1184 2809">
     <span class='ocr_line' id='line_1_31' title="bbox 252 2760 1184 2809; baseline -0.003 -11"><span class='ocrx_word' id='word_1_249' title='bbox 252 2760 262 2779; x_wconf 92' lang='lat'>¹</span> <span class='ocrx_word' id='word_1_250' title='bbox 291 2761 400 2798; x_wconf 80' lang='lat' dir='ltr'><strong>Cone.</strong></span> <span class='ocrx_word' id='word_1_251' title='bbox 418 2762 514 2798; x_wconf 86' lang='lat' dir='ltr'><strong>Trid.</strong></span> <span class='ocrx_word' id='word_1_252' title='bbox 543 2762 638 2799; x_wconf 86' lang='lat' dir='ltr'><strong>Sess.</strong></span> <span class='ocrx_word' id='word_1_253' title='bbox 666 2762 799 2805; x_wconf 86' lang='lat' dir='ltr'><strong>XXIV,</strong></span> <span class='ocrx_word' id='word_1_254' title='bbox 827 2772 907 2809; x_wconf 88' lang='lat' dir='ltr'><strong>cap.</strong></span> <span class='ocrx_word' id='word_1_255' title='bbox 934 2762 1015 2807; x_wconf 92' lang='lat' dir='ltr'><strong>XII,</strong></span> <span class='ocrx_word' id='word_1_256' title='bbox 1042 2764 1082 2800; x_wconf 85' lang='lat' dir='ltr'><strong>de</strong></span> <span class='ocrx_word' id='word_1_257' title='bbox 1111 2763 1184 2808; x_wconf 82' lang='lat' dir='ltr'><strong>Res.</strong></span> 
     </span>
    </p>

    <p class='ocr_par' dir='ltr' id='par_1_8' title="bbox 132 2833 1911 3023">
     <span class='ocr_line' id='line_1_32' title="bbox 251 2833 1909 2879; baseline 0 -10"><span class='ocrx_word' id='word_1_258' title='bbox 251 2833 263 2851; x_wconf 82' lang='lat'>²</span> <span class='ocrx_word' id='word_1_259' title='bbox 291 2834 429 2871; x_wconf 75' lang='lat' dir='ltr'><strong>concil.</strong></span> <span class='ocrx_word' id='word_1_260' title='bbox 447 2835 678 2871; x_wconf 87' lang='lat' dir='ltr'><strong>Avenionen.</strong></span> <span class='ocrx_word' id='word_1_261' title='bbox 695 2844 753 2871; x_wconf 85' lang='lat' dir='ltr'><strong>an.</strong></span> <span class='ocrx_word' id='word_1_262' title='bbox 776 2833 876 2878; x_wconf 71' lang='lat'><strong>1849,</strong></span> <span class='ocrx_word' id='word_1_263' title='bbox 895 2834 1034 2871; x_wconf 86' lang='lat' dir='ltr'><strong>Concil.</strong></span> <span class='ocrx_word' id='word_1_264' title='bbox 1056 2834 1241 2879; x_wconf 72' lang='lat' dir='ltr'><strong>Bul-digai.</strong></span> <span class='ocrx_word' id='word_1_265' title='bbox 1261 2843 1318 2870; x_wconf 87' lang='lat' dir='ltr'><strong>an.</strong></span> <span class='ocrx_word' id='word_1_266' title='bbox 1342 2833 1445 2870; x_wconf 82' lang='lat'>1850.</span> <span class='ocrx_word' id='word_1_267' title='bbox 1465 2834 1509 2869; x_wconf 83' lang='lat' dir='ltr'><strong>Et</strong></span> <span class='ocrx_word' id='word_1_268' title='bbox 1525 2834 1560 2869; x_wconf 90' lang='lat' dir='ltr'><strong>in</strong></span> <span class='ocrx_word' id='word_1_269' title='bbox 1580 2833 1744 2870; x_wconf 89' lang='lat' dir='ltr'><strong>Concilio</strong></span> <span class='ocrx_word' id='word_1_270' title='bbox 1767 2833 1909 2879; x_wconf 82' lang='lat' dir='ltr'><strong>Aquen.</strong></span> 
     </span>
     <span class='ocr_line' id='line_1_33' title="bbox 132 2904 1911 2953; baseline -0.001 -12"><span class='ocrx_word' id='word_1_271' title='bbox 132 2914 191 2941; x_wconf 86' lang='lat' dir='ltr'><strong>an.</strong></span> <span class='ocrx_word' id='word_1_272' title='bbox 222 2904 313 2942; x_wconf 81' lang='grc'>1850</span> <span class='ocrx_word' id='word_1_273' title='bbox 339 2906 552 2952; x_wconf 86' lang='lat' dir='ltr'><strong>iniungitur,</strong></span> <span class='ocrx_word' id='word_1_274' title='bbox 579 2912 617 2943; x_wconf 81' lang='lat' dir='ltr'><strong>ut</strong></span> <span class='ocrx_word' id='word_1_275' title='bbox 644 2907 739 2942; x_wconf 89' lang='lat' dir='ltr'><strong>hanc</strong></span> <span class='ocrx_word' id='word_1_276' title='bbox 765 2906 1035 2951; x_wconf 80' lang='lat' dir='ltr'><strong>professionem</strong></span> <span class='ocrx_word' id='word_1_277' title='bbox 1061 2906 1229 2942; x_wconf 78' lang='lat' dir='ltr'><strong>emittant</strong></span> <span class='ocrx_word' id='word_1_278' title='bbox 1274 2914 1404 2941; x_wconf 87' lang='lat' dir='ltr'><strong>omnes</strong></span> <span class='ocrx_word' id='word_1_279' title='bbox 1438 2915 1566 2943; x_wconf 88' lang='lat' dir='ltr'><strong>curam</strong></span> <span class='ocrx_word' id='word_1_280' title='bbox 1601 2906 1810 2953; x_wconf 84' lang='lat' dir='ltr'><strong>animarum</strong></span> <span class='ocrx_word' id='word_1_281' title='bbox 1847 2905 1911 2941; x_wconf 85' lang='lat' dir='ltr'><strong>ha-</strong></span> 
     </span>
     <span class='ocr_line' id='line_1_34' title="bbox 135 2976 778 3023; baseline 0.002 -10"><span class='ocrx_word' id='word_1_282' title='bbox 135 2976 274 3019; x_wconf 80' lang='lat' dir='ltr'><strong>hentes,</strong></span> <span class='ocrx_word' id='word_1_283' title='bbox 301 2977 371 3014; x_wconf 90' lang='lat' dir='ltr'><strong>sub</strong></span> <span class='ocrx_word' id='word_1_284' title='bbox 397 2987 632 3023; x_wconf 86' lang='lat' dir='ltr'><strong>quocumque</strong></span> <span class='ocrx_word' id='word_1_285' title='bbox 659 2978 778 3014; x_wconf 81' lang='lat' dir='ltr'><strong>titulo.</strong></span> 
     </span>
    </p>
   </div>
   <div class='ocr_carea' id='block_1_5' title="bbox 254 3047 1720 3096">
    <p class='ocr_par' dir='ltr' id='par_1_9' title="bbox 254 3047 1720 3096">
     <span class='ocr_line' id='line_1_35' title="bbox 254 3047 1720 3096; baseline 0.001 -11"><span class='ocrx_word' id='word_1_286' title='bbox 254 3047 268 3067; x_wconf 77' lang='lat'>⁸</span> <span class='ocrx_word' id='word_1_287' title='bbox 292 3048 401 3085; x_wconf 77' lang='lat' dir='ltr'><strong>Cone.</strong></span> <span class='ocrx_word' id='word_1_288' title='bbox 429 3049 526 3086; x_wconf 82' lang='lat' dir='ltr'><strong>Trid.</strong></span> <span class='ocrx_word' id='word_1_289' title='bbox 553 3049 649 3086; x_wconf 83' lang='lat' dir='ltr'><strong>Sess.</strong></span> <span class='ocrx_word' id='word_1_290' title='bbox 676 3050 809 3093; x_wconf 87' lang='lat' dir='ltr'><strong>XXIII,</strong></span> <span class='ocrx_word' id='word_1_291' title='bbox 828 3054 863 3087; x_wconf 80' lang='lat' dir='ltr'><strong>et</strong></span> <span class='ocrx_word' id='word_1_292' title='bbox 882 3050 937 3087; x_wconf 89' lang='lat' dir='ltr'><strong>Pii</strong></span> <span class='ocrx_word' id='word_1_293' title='bbox 964 3050 997 3087; x_wconf 87' lang='lat' dir='ltr'><strong>V</strong></span> <span class='ocrx_word' id='word_1_294' title='bbox 1023 3050 1146 3087; x_wconf 85' lang='lat' dir='ltr'><strong>const.</strong></span> <span class='ocrx_word' id='word_1_295' title='bbox 1179 3049 1367 3096; x_wconf 81' lang='lat' dir='ltr'><strong>Cupientes</strong></span> <span class='ocrx_word' id='word_1_296' title='bbox 1392 3049 1484 3086; x_wconf 69' lang='lat' dir='ltr'>(1.ss</span> <span class='ocrx_word' id='word_1_297' title='bbox 1512 3049 1590 3087; x_wconf 87' lang='lat' dir='ltr'><strong>iulii</strong></span> <span class='ocrx_word' id='word_1_298' title='bbox 1619 3050 1720 3087; x_wconf 80' lang='lat'>1568.</span> 
     </span>
    </p>
   </div>
  </div>
 </body>
</html>
