2176 3386
767 174 898 202 mnan
925 174 965 202 11.
1000 173 1056 202 DE
1087 173 1388 203 REGULARJBUS
1890 164 1969 204 445

193 295 357 326 verum
401 281 539 326 etiam
573 281 628 337 si,
662 294 744 326 sex
778 280 1006 326 mensium
1054 280 1201 339 spatio
1233 282 1281 325 in
1314 280 1598 339 poenitentia
1631 286 1678 327 et
1708 282 1969 328 carceribus
2040 286 2043 288 ’

191 365 384 424 probati,
420 364 718 410 nibilominus
765 379 858 409 non
893 364 1198 423 resipiscant),
1234 365 1460 410 instructo
1507 362 1709 411 ad‘iuris
1754 366 1966 413 tramites

189 462 418 507 processu,
454 448 744 507 probatisque
777 447 925 492 causis
973 447 1271 506 expulsionis,
1306 448 1475 493 dimitti
1526 449 1716 507 possint.
1754 450 1965 508 Religiosi

189 546 299 577 vero
332 531 448 576 iuste
495 531 646 587 eiecti,
680 531 756 590 qui
789 536 919 575 extra
954 530 1221 588 religionem
1259 531 1447 589 degunt,
1482 532 1830 590 suspensionem
1866 549 1964 592 per-

190 617 373 671 petuam
407 614 464 658 ab
495 613 717 658 exercitio
763 613 976 658 ordinum
1011 613 1106 671 ipso
1155 613 1251 658 iure
1285 614 1546 671 incurrunt,
1582 616 1830 662 dummodo
1864 632 1962 677 pro-

187 695 431 741 fessionem
463 696 716 741 emiserint.
754 700 954 741 Tenetur
984 700 1141 741 autem
1174 697 1386 755 Superior
1420 698 1638 755 regularis
1680 702 1962 746 sententiam

183 778 467 836 expulsionis
517 779 732 837 Episcopo
765 778 1038 836 significare,
1074 778 1121 823 in
1154 779 1285 823 cuius
1330 779 1525 825 dioecesi
1559 782 1775 840 expulsus
1807 783 1960 828 sedem

183 872 315 904 suam
347 865 547 905 statuere
580 861 757 906 debeat.
785 860 1018 919 Regularis
1050 861 1176 905 enim
1209 862 1426 919 expulsus
1459 862 1665 908 habitum
1701 865 1959 912 clericalem

185 944 373 989 induere
420 944 660 1003 obligatur,
694 950 830 1004 atque
881 945 1065 990 interim
1114 946 1269 991 localis
1301 947 1530 993 Ordinarii
1579 948 1880 995 iurisdictioni
1916 956 1962 995 et

183 1028 469 1073 obedientiae
502 1029 701 1074 subesse.
729 1029 771 1074 Si
794 1030 976 1089 quando
1009 1029 1191 1074 difficile
1214 1034 1282 1074 est
1304 1030 1493 1088 singulis
1527 1032 1960 1091 praescriptionibus

182 1109 462 1166 satisfacere,
481 1125 597 1169 quae
621 1111 666 1155 in
689 1111 874 1156 decreto
894 1111 1060 1155 srbani
1081 1114 1178 1156 Vlli
1202 1112 1501 1156 continentur
1524 1128 1603 1171 pro
1621 1116 1851 1160 sententia
1871 1116 1959 1160 eie-

181 1193 363 1249 ctionis‚
390 1197 486 1238 Sac.
509 1197 669 1252 Congr.
705 1199 811 1254 Epp.
838 1200 884 1239 et
909 1199 1035 1252 Reg.,
1056 1194 1101 1239 in
1132 1195 1312 1240 casibus
1340 1196 1688 1254 particularibus
1711 1212 1735 1242 a
1758 1200 1959 1256 superio—

183 1276 305 1320 ribus
338 1278 617 1334 regularibus
649 1278 874 1334 consulta,
908 1292 1257 1337 nonnumquam
1291 1279 1534 1337 permittit,
1561 1285 1612 1324 ut
1643 1282 1960 1328 solemnitates

181 1361 280 1406 illae
316 1362 744 1421 praetermittantur
775 1368 821 1407 et
855 1363 1126 1421 procedatur
1173 1377 1277 1408 cum
1307 1378 1523 1420 processa
1559 1367 1804 1421 camerali,
1840 1369 1957 1412 scili-

179 1448 253 1488 cet
287 1459 365 1502 per
384 1445 683 1490 summariam
716 1446 985 1490 delictorum
1020 1446 1393 1504 descriptionem,
1426 1448 1487 1491 rei
1524 1449 1718 1493 veritate
1752 1451 1956 1508 inspecta

179 1532 225 1572 et
257 1529 685 1588 quomodocumque
719 1530 924 1587 probata,
962 1534 1011 1573 ut
1045 1534 1184 1586 patet,
1219 1544 1277 1574 ex
1310 1531 1504 1576 consult.
1539 1531 1585 1575 in
1619 1546 1754 1577 causa
1788 1537 1956 1592 Leopo-

179 1611 285 1656 lien.
310 1626 450 1669 super
473 1616 596 1656 Mon.
625 1615 668 1656 S.
699 1613 865 1656 Bened.
898 1613 949 1657 15
976 1618 1068 1658 [an.
1109 1613 1237 1669 1841,
1266 1613 1310 1657 in
1346 1614 1625 1659 Premislien.
1651 1629 1755 1672 sup.
1780 1618 1951 1661 induit.

177 1709 307 1752 perp.
328 1697 497 1740 saecul.
521 1697 570 1740 21
604 1697 718 1741 [unii
746 1696 872 1741 1851.
895 1696 1015 1741 Alias
1038 1711 1095 1741 ex
1118 1696 1394 1741 auctoritate
1418 1697 1621 1742 eiusdem
1646 1699 1767 1742 Sacr.
1789 1703 1951 1758 Congr.

178 1779 445 1822 conceditur
492 1779 764 1837 rescriptum
816 1783 1061 1837 perpetuae
1109 1780 1556 1836 saecularizationis,
1592 1795 1708 1840 quae
1750 1782 1809 1826 sit
1855 1783 1954 1828 loco

175 1861 472 1918 expulsionis,
508 1866 641 1919 prout
689 1861 842 1906 videre
876 1868 943 1906 est
977 1862 1022 1906 in
1055 1862 1259 1919 allegatis
1307 1862 1431 1907 locis,
1472 1868 1519 1909 ln
1555 1864 1780 1909 institutis
1827 1871 1954 1911 voto-
2016 1894 2021 1900 -

179 1959 280 1988 rum
314 1945 607 2003 simplicium,
643 1950 694 1989 ut
726 1946 827 2002 quis
860 1947 916 1990 ab
950 1945 1166 1990 Instituto
1201 1946 1364 2004 expelli
1415 1947 1554 2005 possit
1593 1962 1754 1993 revera
1801 1952 1953 1994 incor-

176 2028 425 2085 re‘yibz'lz'tas
457 2042 731 2073 concurrere
763 2029 926 2074 debere
962 2029 1158 2074 videtur.
1214 2030 1392 2074 Etenim
1428 2034 1524 2075 Sac.
1562 2034 1723 2090 Congr.
1764 2037 1871 2091 Epp.
1908 2040 1954 2078 et

180 2111 330 2169 Regul.
366 2112 411 2156 in
434 2112 912 2158 animadversionibus
945 2113 991 2157 in
1014 2118 1166 2158 Const.
1194 2116 1356 2171 Congr.
1381 2114 1584 2172 presbyt.
1611 2115 1694 2158 sub
1717 2114 1788 2159 tit.
1817 2120 1948 2161 lmni.

176 2199 388 2254 concept.
416 2197 463 2240 in
496 2196 640 2241 dioec.
668 2196 933 2242 Rhedonen.
956 2196 1028 2241 die
1062 2198 1087 2241 2
1112 2197 1265 2242 Martii
1303 2197 1431 2253 1861,
1457 2197 1519 2241 ita
1553 2211 1599 2242 se
1634 2198 1947 2256 exprimebat:

179 2296 197 2316 α
226 2281 309 2322 Pro
342 2278 609 2337 expulsione
642 2284 822 2338 oportet
843 2285 892 2323 ut
915 2294 1074 2324 revera
1108 2285 1354 2324 concurrat
1386 2279 1771 2337 incorrigibilitas,
1798 2286 1843 2325 et
1869 2297 1950 2340 pro

176 2361 229 2404 iis
245 2361 320 2420 qui
341 2367 557 2421 perpetua
583 2368 688 2407 vota
713 2362 967 2419 emiserint,
984 2363 1437 2408 etiam'conlirmatio
1456 2367 1496 2409 S.
1518 2364 1891 2422 congregationis
1912 2385 1948 2411 n.

293 2445 542 2503 Appellatio
590 2445 710 2490 intra
742 2446 902 2491 decem
949 2446 1044 2491 dies
1077 2447 1409 2504 interponenda
1458 2451 1527 2490 est
1558 2460 1612 2491 ac
1643 2448 1947 2505 appellatione

174 2528 402 2584 pendente
434 2527 670 2573 eiectionis
701 2529 931 2574 sententia
965 2530 1272 2588 suspenditur.

292 2611 391 2655 578.
433 2612 672 2669 Regulares
704 2612 838 2657 eiecti
871 2613 917 2657 in
951 2613 1108 2657 habitu
1142 2613 1339 2659 clericali
1363 2614 1574 2659 incedere
1612 2615 1780 2659 debent
1811 2621 1947 2675 atque

171 2694 411 2739 Ordinario
443 2695 529 2740 loci
552 2695 854 2741 iurisdictioni
878 2711 930 2741 ac
953 2697 1239 2743 obedientiae
1271 2700 1479 2743 subsunt.
1517 2704 1710 2745 Manent
1735 2705 1888 2746 tamen
1922 2716 1947 2746 a

172 2776 342 2822 divinis
372 2778 595 2836 suspensi,
630 2793 779 2838 neque
811 2793 939 2824 sacra
972 2780 1226 2826 ministeria
1258 2782 1383 2826 obire
1418 2788 1622 2841 possunt,
1658 2783 1834 2829 sublata
1866 2788 1944 2830 01·-

170 2859 361 2904 dinariis
407 2860 610 2906 locorum
646 2863 862 2907 facultate
895 2863 1065 2908 dictam
1113 2864 1460 2922 suspensionem
1496 2866 1731 2911 relaxandi
1764 2881 1817 2912 ac
1850 2881 1945 2912 mo-

171 2942 376 2988 derandi.
432 2947 527 2988 [mo
574 2943 796 2990 inhabiles
851 2946 1057 2990 evadunt
1104 2947 1158 2991 ad
1201 2948 1509 2994 ecclesiastica
1562 2950 1783 2995 beneficia
1834 2951 1945 2996 reci-

172 3023 349 3082 pienda.
