2176 3386
517 217 647 246 LIBER
676 217 702 245 1.
739 216 795 245 DE
825 213 963 244 REBUS
992 211 1225 240 ECCLESIAE
1254 210 1582 241 SPIRITUALIBUS
1866 198 1944 239 129

154 325 396 381 dicemus,
432 323 591 368 datum
642 322 741 366 sive
775 333 1011 379 expresse,
1047 318 1145 364 sive
1180 317 1319 363 tacite
1344 318 1374 362 ¹.
1417 318 1460 372 7)
1495 316 1536 362 Si
1566 321 1673 385 post
1705 317 1941 363 matrimo-

150 409 288 454 nium
323 421 426 467 pars
458 421 592 452 serva
627 405 764 451 libera
798 404 1028 459 evaserit,
1064 407 1111 449 et
1141 403 1328 463 quidem
1363 402 1628 462 priusquam
1664 416 1769 461 pars
1801 402 1940 448 libera

154 490 427 550 cognoverit
461 504 563 535 eam
598 489 735 534 fuisse
769 501 969 543 servam,
1007 486 1356 532 matrimonium
1391 500 1484 531 non
1519 485 1818 531 convalescit.

617 661 635 708 g
662 662 694 698 3.
721 682 767 686 -
792 662 851 698 De
879 661 1164 708 impedimento
1191 659 1258 705 vis,
1287 661 1323 696 et
1351 661 1489 695 metim.

278 798 380 842 878.
419 802 568 842 Metus
599 796 715 842 alius
747 801 815 841 est
846 798 1023 854 yravt‘s,
1060 795 1176 840 alius
1209 796 1332 850 levis,
1369 794 1484 839 alius
1509 797 1622 839 iuste
1646 797 1870 850 incusam,
1897 798 1942 840 et

151 880 270 926 alius
302 883 473 925 iniuste
510 882 744 935 incussus,
790 879 905 924 alius
944 883 1014 924 est
1055 878 1224 923 iniuste
1268 878 1479 923 incussus
1522 878 1586 924 ad
1618 878 1760 937 finem
1794 883 1942 922 extor-

149 964 332 1022 quendi
362 965 740 1018 matrimonium,
777 967 823 1006 et
854 961 970 1007 alius
1002 961 1170 1006 iniuste
1204 961 1414 1007 incussus
1446 962 1510 1006 ad
1542 961 1659 1007 alios
1690 961 1821 1020 fines.
1862 965 1943 1006 De-

156 1044 293 1104 nique
327 1044 442 1090 alius
474 1049 544 1090 est
581 1049 731 1090 metus
764 1044 1045 1104 proveniens
1077 1059 1102 1090 a
1126 1057 1263 1089 causa
1287 1044 1551 1089 extrinseca
1576 1048 1622 1089 et
1646 1043 1801 1100 libera,
1828 1045 1944 1089 alius

152 1127 433 1186 proveniens
466 1142 488 1171 a
527 1142 663 1173 causa
699 1128 950 1172 intrinseca
985 1132 1029 1172 ot
1062 1142 1153 1172 non
1188 1127 1341 1173 libera.

274 1210 375 1255 879.
414 1211 492 1255 His
527 1211 764 1269 praemisis
796 1210 1009 1267 dicimus,
1047 1216 1097 1254 ut
1132 1211 1201 1255 vis
1233 1225 1286 1256 ac
1321 1216 1472 1256 metus
1498 1212 1848 1258 matrimonium
1871 1212 1942 1271 ldi-

155 1292 294 1338 rimat
327 1293 602 1352 requiritur:
644 1296 680 1350 l)
720 1299 769 1338 ut
801 1293 859 1337 sit
892 1309 916 1338 a
954 1307 1091 1339 causa
1125 1293 1293 1351 libera;
1331 1295 1372 1352 2)
1408 1299 1458 1338 ut
1490 1294 1549 1339 sit
1582 1294 1764 1352 gravis3
1802 1296 1843 1351 5)
1876 1293 1943 1339 in-

155 1375 273 1419 iuste
318 1376 551 1433 incussus;
603 1378 645 1430 4)
693 1378 747 1420 ad
782 1378 1156 1436 extorquendum
1204 1377 1569 1423 matrimonium.
1621 1382 1768 1423 Metus
1810 1378 1946 1423 debet

151 1472 251 1503 esse
285 1459 462 1516 gravis,
515 1459 689 1504 scilicet
723 1460 891 1504 cadens
926 1461 971 1504 in
1008 1464 1300 1505 constantem
1337 1460 1487 1505 virum
1516 1461 1547 1505 2.
1585 1460 1800 1506 Gravitas
1833 1475 1944 1506 vero

152 1543 442 1587 aestimanda
477 1542 565 1587 erit
588 1557 612 1588 a
637 1543 800 1600 iudice,
831 1543 1050 1602 spectatis
1073 1542 1437 1588 circumstantiis
1460 1549 1506 1588 et
1526 1544 1824 1603 qualitatibus
1846 1559 1944 1604 per-

153 1640 313 1683 sonae,
350 1631 514 1671 natura
551 1626 673 1683 mali,
710 1632 755 1670 vt
787 1627 993 1672 subiecto
1019 1632 1193 1672 metum
1221 1627 1496 1672 incutiente.
1528 1628 1792 1687 Requiritur
1814 1634 1865 1673 ut
1887 1628 1946 1673 sit

158 1709 327 1755 iniuste
363 1710 586 1767 incussus,
622 1711 678 1754 ad
711 1710 831 1770 quod
866 1711 1275 1755 determinandum
1310 1711 1400 1755 duo
1433 1710 1711 1756 considerari
1757 1712 1942 1769 debent,

153 1793 331 1837 scilicet
363 1799 520 1838 ulrum
556 1799 731 1838 metum
766 1794 998 1838 incutiens
1031 1794 1128 1839 sive
1163 1794 1357 1852 publica,
1395 1794 1494 1839 sive
1531 1795 1709 1853 privata
1751 1809 1945 1854 persona

153 1877 230 1933 sit,
268 1876 337 1921 ius
370 1876 538 1922 babeat
573 1877 923 1922 matrimonium
959 1877 1064 1922 illud
1089 1878 1329 1935 exigendi3
1356 1892 1410 1923 ac
1433 1882 1671 1937 praeterea
1695 1883 1851 1924 utrum
1876 1879 1946 1924 ius

155 1959 195 2004 ei
230 1959 289 2005 sit
323 1960 528 2005 minandi
572 1966 617 2005 et
662 1961 919 2021 exequendi
965 1961 1085 2021 quod
1130 1964 1348 2006 minatur.
1404 1963 1446 2006 Si
1489 1963 1765 2008 alterutrum
1798 1963 1943 2019 deest,

156 2047 309 2087 ,metus
343 2049 392 2087 ut
426 2043 593 2089 iniuste
628 2044 836 2089 incussus
870 2045 1126 2090 habebitur.

275 2126 376 2171 880.
416 2130 514 2171 Iure
540 2128 730 2187 antiquo
755 2142 858 2187 pars
880 2142 997 2187 quae
1022 2134 1198 2174 metum
1223 2131 1373 2174 fuerat
1398 2143 1543 2188 passa,
1571 2135 1748 2188 poterat
1781 2131 1945 2176 deinde

154 2211 364 2269 supplere
397 2211 596 2256 defectui
631 2227 883 2258 consensus
919 2215 990 2258 vel
1025 2227 1256 2272 expresse,
1298 2215 1370 2259 vel
1394 2215 1533 2260 tacite
1557 2228 1637 2260 seu
1661 2230 1741 2274 per
1764 2216 1945 2276 aliquod

159 2293 333 2337 factum
366 2294 487 2352 quod
521 2308 800 2340 consensum
833 2295 1128 2354 significaret.
1168 2299 1220 2341 At
1247 2301 1348 2354 post
1370 2297 1623 2342 Concilium
1652 2298 1770 2343 Trid.
1798 2299 1945 2359 requi—

157 2375 273 2421 ritur
313 2377 356 2421 in
393 2377 461 2422 his
494 2377 689 2435 casibus,
729 2383 778 2422 ut
813 2392 1067 2424 consensus
1100 2379 1267 2427 iterum
1304 2385 1501 2438 ponatur
1544 2394 1700 2426 coram
1744 2382 1946 2428 Parocho

150 2464 204 2504 et
236 2459 411 2504 duobus
447 2460 518 2504 vel
553 2461 697 2505 tribus
732 2461 938 2519 testibus,
976 2463 1012 2507 si
1048 2462 1432 2521 impedimentum
1469 2464 1606 2509 fuerit
1632 2466 1880 2523 publicum,
1908 2467 1943 2511 si

159 2556 269 2587 vero
301 2544 554 2600 occultum,
581 2543 750 2590 sufficit
782 2558 1060 2591 consensum
1084 2546 1203 2591 clam
1227 2560 1453 2592 renovare
1475 2547 1505 2591 ³.
1544 2550 1660 2593 Sane
1684 2548 1805 2593 idem
1831 2552 1944 2594 Pon·

158 2625 273 2671 tifex
307 2626 364 2671 ad
402 2626 670 2685 Episcopum
705 2629 1030 2674 Hieracensem
1057 2629 1303 2688 rescripsit,
1332 2629 1679 2676 matrimonium
1708 2631 1753 2676 in
1779 2632 1943 2678 faci-em

158 2707 389 2753 Ecclesiae
422 2722 581 2755 coram
615 2712 817 2756 Parocho
851 2716 897 2756 et
932 2712 1122 2757 testibus
1155 2713 1297 2758 semel
1331 2713 1516 2771 initum,
1553 2716 1768 2775 quamvis
1790 2730 1848 2761 ex
1872 2717 1946 2761 de-

280 2866 288 2885 ¹
317 2865 403 2912 Cap.
431 2866 452 2902 2
478 2870 514 2902 et
540 2866 561 2902 4
589 2867 623 2904 h.
650 2871 673 2903 t.

278 2937 292 2956 ²
318 2937 403 2984 cap.
432 2938 476 2976 15
502 2939 547 2975 de
573 2939 735 2985 sponsal.
762 2943 798 2977 et
825 2941 980 2977 matrim.

280 3007 294 3028 ³
319 3009 375 3046 Ex
402 3009 494 3046 decl.
521 3009 556 3047 S.
584 3010 640 3047 Pii
665 3010 699 3047 V
725 3011 823 3056 apud
862 3011 1075 3048 FAGNANUM
1103 3020 1183 3056 cap.
1218 3010 1254 3048 Is
1279 3012 1340 3057 qui
1365 3012 1409 3048 de
1437 3012 1519 3048 fide.
1546 3012 1602 3049 Ex
1627 3021 1723 3059 resp.
1751 3013 1785 3050 S.
1814 3014 1947 3050 Poeni-

153 3080 351 3118 AEentiariae
377 3081 475 3127 apud
500 3081 635 3118 Bened.
663 3082 761 3126 XIV,
787 3082 894 3119 Inslr.
921 3082 977 3120 86.

286 3162 599 3196 mmm-somam.
625 3183 660 3187 —
685 3165 735 3198 ΙΙ.
1800 3168 1820 3200 9
