2176 3386
859 22 862 24 ,
883 14 918 28 ..χ
939 7 958 23 .“
990 21 994 23 ,
1055 13 1062 21 )
1111 10 1145 21 :w
1169 11 1178 23 .·
1199 10 1203 11 ⁷
1226 23 1229 25 ,
1280 20 1283 21 ⁷

766 24 772 31 ·
906 35 927 38 ⁷-
999 37 1008 45 ,.
1019 26 1037 55 γ
1098 30 1117 44 ,ι’
1175 29 1190 45 ι·
1210 30 1241 38 ‘⁹

837 46 850 54 r
1011 44 1013 49 v
1066 48 1073 53 ⁴
1267 44 1270 52 ι

816 206 945 236 Lan-:R
973 206 997 235 1.
1033 207 1090 235 DE
1119 207 1312 236 cnemcis
1909 199 1959 239 13

174 309 367 356 Romani
407 310 651 356 Pontifices
686 312 834 356 solum
872 312 1020 371 quoad
1068 312 1333 372 Episcopos;
1373 314 1521 373 quoad
1563 314 1677 359 alios
1717 313 1959 361 inferiores

170 392 395 450 praelatos
427 393 586 438 firmae
618 398 727 439 sunt
758 394 880 452 leges
911 394 1162 440 canonicae
1195 395 1314 440 latae
1336 409 1361 440 a
1395 380 1577 443 saeculo
1604 398 1656 441 12
1688 397 1853 456 quibus
1886 397 1957 443 ius

171 459 410 521 electionis
440 476 496 521 ad
529 476 787 534 Capitulum
822 477 1033 535 pertinet.

291 560 334 616 2)
374 561 541 617 Regula
574 560 620 604 2³
655 560 964 606 Cancellariae
998 561 1282 619 Apostolicae
1323 576 1416 606 non
1464 563 1633 622 ubique
1679 563 1956 610 demandata

169 646 254 697 est,
290 656 396 687 cum
433 643 667 689 nonnullis
698 643 746 688 in
781 644 891 688 locis
923 644 978 689 ad
1011 645 1264 703 capitulum
1303 646 1528 690 Ecclesiae
1573 646 1854 692 Cathedralis
1887 648 1957 693 ius

169 725 407 770 electionis
439 732 639 772 maneat.

290 809 330 864 5)
369 809 497 863 Quod
531 810 631 855 aliis
665 810 711 854 in
746 810 855 856 locis
890 809 1174 868 Principibus
1195 813 1506 858 saecularibus
1530 813 1600 858 ius
1624 813 1956 858 nominationis

171 892 242 935 vel
278 894 660 950 praesentationis
706 894 976 939 conceditur
1008 895 1137 939 iuxta
1171 896 1465 952 concordata,
1501 897 1750 942 accedente
1794 902 1951 943 tamen

172 977 223 1019 R.
261 976 493 1020 Pontilicis
526 977 868 1036 adprobatione.

287 1060 330 1113 4)
370 1059 479 1104 Aliis
527 1060 573 1104 in
611 1060 870 1118 regionibus
914 1061 1181 1120 praesertim
1218 1064 1257 1107 S.
1292 1066 1336 1107 C.
1371 1063 1426 1108 de
1459 1068 1527 1108 Pr.
1576 1065 1679 1109 Fide
1718 1065 1951 1119 subiectis,

167 1141 318 1187 locum
354 1143 486 1188 habel
523 1143 592 1188 ius
625 1144 1043 1189 commendationis
1075 1145 1257 1190 diverso
1291 1147 1426 1191 modo
1458 1152 1617 1192 tamen
1653 1147 1698 1192 in
1735 1148 1844 1193 locis
1878 1148 1952 1192 ubi

166 1225 432 1272 Hierarchia
473 1227 790 1273 Ecclesiastica
835 1229 1085 1274 constituta
1119 1234 1213 1286 est,
1249 1244 1302 1274 ac
1336 1231 1410 1275 ubi
1445 1236 1595 1277 erecta
1632 1246 1723 1277 non
1758 1238 1852 1286 est,
1888 1232 1952 1277 di-

168 1322 300 1354 verso
335 1310 471 1355 modo
503 1311 650 1370 quoad
689 1311 911 1357 Ecclesias
944 1312 1252 1358 occidentales
1284 1328 1337 1358 ac
1369 1315 1517 1373 quoad
1551 1316 1812 1361 orientales.

287 1396 403 1438 Sane
437 1394 713 1451 generaliter
746 1395 972 1454 loquendo
1006 1396 1050 1440 in
1085 1396 1197 1441 locis
1228 1411 1345 1456 quae
1379 1400 1420 1442 S.
1446 1398 1798 1456 congregationi
1828 1398 1950 1443 Fidei

119 1507 121 1509 -
169 1479 296 1534 Prop.
337 1476 646 1521 subiiciuntur
678 1482 724 1522 et
756 1478 801 1522 in
836 1479 1000 1537 quibus
1034 1479 1288 1524 hierarchia
1323 1480 1633 1526 ecclesiastica
1674 1486 1743 1526 est
1782 1482 1950 1526 consti-

166 1563 265 1603 tuta
300 1559 677 1618 Arcbiepiscopus
699 1575 752 1605 ac
777 1561 1045 1606 Provinciae
1073 1562 1276 1621 Episcopi
1301 1564 1463 1607 Sacrae
1488 1563 1839 1621 Congregationi
1863 1563 1950 1608 tria

167 1641 357 1687 nomina
391 1648 654 1701 proponunt
686 1657 799 1703 quos
832 1644 955 1689 inter
972 1648 1187 1690 Summus
1212 1645 1423 1690 Pontifex
1449 1646 1484 1690 si
1508 1646 1697 1704 dignum
1720 1646 1946 1702 inveniat,

166 1739 311 1770 unum
346 1727 486 1785 eligit.
522 1732 570 1772 ln
605 1729 839 1774 nonnullis
872 1734 1029 1774 tamen
1064 1730 1174 1775 locis
1208 1745 1299 1775 non
1336 1731 1469 1776 modo
1506 1731 1710 1790 Episcopi
1736 1745 1842 1776 cum
1868 1735 1948 1776 Ar-

163 1811 470 1869 chiepiscopo‚
507 1813 584 1856 sed
609 1817 655 1857 et
678 1815 832 1858 Clerus
864 1813 1003 1858 etiam
1038 1814 1174 1859 huius
1208 1814 1375 1872 negotii
1412 1815 1462 1859 fit
1487 1814 1725 1873 particeps.
1761 1818 1877 1860 Sane
1900 1815 1947 1860 in

162 1895 444 1941 collectanea
480 1900 520 1941 S.
558 1897 934 1955 Congregationis
975 1897 1094 1942 Fidei
1130 1897 1452 1956 Propagandae
1485 1898 1669 1941 decreta
1715 1898 1806 1941 lata
1840 1902 1949 1942 sunt

161 1980 389 2025 servanda
423 1980 468 2024 in
502 1980 727 2026 electione
764 1980 1086 2040 Episcoporum
1120 1980 1383 2035 Hiberniae,
1423 1979 1625 2038 Angliae,
1661 1979 1944 2035 Hollandiae,

162 2065 371 2108 Statuum
410 2065 765 2109 Foederatorum
802 2064 1038 2109 Americae
1073 2063 1469 2122 Septentrionalis‚
1508 2063 1761 2121 Regionum
1804 2065 1945 2108 Cana-

161 2147 391 2203 densium,
428 2148 652 2202 Austriae,
689 2152 734 2191 et
768 2148 960 2192 Scotiae.
998 2147 1116 2192 Utile
1150 2151 1366 2205 putamus
1399 2146 1738 2191 ut’huiusmodi
1762 2146 1945 2191 decreta

161 2231 234 2276 bic
269 2234 522 2277 referamus
541 2233 571 2276 ¹.

280 2375 287 2394 ¹
318 2375 505 2422 Siquando
540 2385 636 2411 nova
673 2375 797 2421 aliqua
831 2375 1022 2412 Dioecesis
1059 2375 1113 2411 vel
1146 2375 1356 2412 Vicariatus
1395 2379 1456 2411 aut
1495 2375 1730 2410 Praefectura
1769 2372 1942 2418 erigenda

160 2446 242 2482 Sac.
270 2446 557 2492 congregationi
587 2446 813 2491 proponitur,
842 2446 864 2481 ii
893 2446 938 2481 ad
965 2455 1057 2491 quos
1084 2445 1128 2481 de
1159 2445 1235 2481 iure
1263 2435 1420 2490 pertinet
1448 2445 1641 2490 sequentia
1665 2452 1853 2489 exponere
1881 2442 1942 2478 de-

160 2516 261 2553 bent:
293 2516 322 2552 1.
350 2517 516 2553 Breviter
543 2517 787 2563 disctinteque
813 2526 907 2563 quae
927 2517 972 2553 ad
991 2517 1178 2553 Missionis
1205 2516 1411 2553 catholicae
1438 2517 1543 2552 initia
1569 2525 1612 2552 ac
1640 2524 1876 2561 progressum
1906 2514 1943 2549 in

159 2587 321 2632 regione,
348 2587 391 2623 de
419 2597 492 2633 qua
516 2597 638 2623 sermo
665 2592 730 2630 est,
759 2588 976 2624 referuntur.
1004 2587 1038 2623 2.
1066 2587 1234 2623 Confinia
1258 2587 1442 2631 territorii,
1462 2587 1598 2632 quibus
1624 2595 1721 2622 nova
1741 2585 1941 2626 Dioecesis,

158 2657 378 2702 vicariatus,
398 2659 455 2697 vel
477 2660 707 2696 Praefectura
723 2660 906 2696 contineri
928 2660 1051 2696 debet:
1079 2665 1125 2702 et,
1148 2663 1185 2696 ut
1204 2660 1340 2696 clarior
1358 2660 1600 2695 terminorum
1620 2657 1819 2694 delineatio
1837 2665 1941 2702 prae-

160 2729 297 2773 beatur,
325 2731 470 2767 chartae
496 2730 745 2776 corograficae
771 2730 882 2766 etiam
909 2730 1096 2766 coloribus
1123 2730 1329 2774 distinctae,
1355 2739 1408 2772 ac,
1436 2728 1620 2775 siquidem
1647 2728 1776 2763 haberi
1798 2726 1941 2762 valeant

160 2800 255 2846 typis
280 2801 411 2843 editae,
438 2801 696 2846 adiungantur.
737 2800 817 2844 Qua
849 2801 887 2836 in
913 2810 951 2836 re
978 2805 1157 2846 quantum
1186 2799 1264 2835 fieri
1292 2804 1412 2845 potest
1442 2798 1659 2839 cavendum,
1685 2807 1731 2833 ne
1757 2796 1940 2832 montium

157 2873 269 2909 series
290 2873 344 2909 vel
370 2873 566 2910 fluminum
592 2883 734 2916 cursus,
753 2872 811 2910 vel
837 2872 973 2918 gradus
999 2872 1244 2918 longitudinis
1271 2876 1333 2908 aut
1359 2870 1561 2907 latitudinis
1591 2874 1775 2915 tamquam
1804 2869 1939 2904 limites

158 2945 415 2990 assignentur3
447 2949 483 2981 at
508 2945 632 2991 potius
658 2944 862 2982 curandum
888 2944 966 2988 erit,
987 2949 1026 2980 ut
1043 2943 1178 2989 integri
1205 2942 1402 2984 districtus,
1431 2942 1494 2978 ubi
1520 2941 1688 2977 homines
1715 2939 1843 2975 eadem
1870 2939 1940 2974 lin-

159 3026 232 3063 gua
256 3017 459 3062 eodemque
484 3017 583 3054 civili
610 3016 792 3063 gubernio
818 3019 982 3059 utuntur,
1002 3015 1095 3051 intra
1121 3014 1298 3050 terminos
1318 3013 1524 3059 praedictos
1552 3011 1779 3048 claudantur.
1807 3010 1943 3053 Quam-

158 3087 212 3124 vis
238 3088 338 3124 enim
365 3093 592 3134 compertum
618 3088 675 3130 sit,
703 3087 814 3124 aliam
839 3086 1058 3128 divinarum,
1085 3085 1197 3122 aliam
1223 3085 1470 3121 humanarum
1496 3091 1617 3118 rerum
1635 3082 1816 3117 rationem
1842 3090 1939 3124 esse,
