2176 3386
201 186 254 226 28
846 197 956 226 PAns
986 198 1009 225 1.
1045 198 1101 225 Dr:
1131 196 1341 225 Pssnsoms

202 311 357 351 autem
394 309 479 352 hoc
512 307 559 352 in
593 321 701 352 casu
735 306 917 364 poterit,
953 307 989 352 si
1018 307 1144 363 velit,
1164 320 1405 364 suggerere
1427 311 1507 350 aut
1529 306 1767 364 designare
1790 307 1978 353 nomina

202 403 379 443 eorum,
414 389 491 449 qui
525 389 607 447 ipsi
643 404 721 447 pro
756 391 840 434 hoc
874 404 1066 435 munere
1101 389 1302 434 maxime
1335 389 1510 446 accepti
1545 391 1710 434 forent.

324 478 370 518 In
405 472 631 517 electione
668 473 870 530 Episcopi
916 487 996 531 pro
1038 472 1232 517 dioecesi
1269 472 1451 517 noviter
1483 477 1633 517 erecta
1679 473 1983 517 observentur

203 571 318 616 quae
353 556 399 600 in
435 556 600 613 regulis
633 558 675 610 2,
712 557 754 611 5,
790 557 833 609 4,
871 557 912 611 5,
940 557 980 600 6.
1009 569 1142 613 supra
1171 555 1558 614 praescribuntur.
1589 556 1755 613 Regula
1776 559 1929 600 autem
1961 556 1975 599 l

204 639 291 684 erit
323 653 542 696 sequens:
579 640 760 698 quando
794 642 834 683 S.
873 639 972 683 Sedi
1016 639 1306 697 proponenda
1351 644 1459 684 sunt
1491 639 1678 684 nomina
1712 653 1870 683 eorum
1906 638 1980 696 qui

204 722 561 769 commendandi
607 723 824 766 videntur
863 737 942 780 pro
985 722 1180 767 dioecesi
1226 722 1407 767 noviter
1452 726 1623 776 erecta,
1666 704 1984 766 convocentur

204 807 491 850 consultores
523 805 743 851 dioecesis
779 808 846 850 vel
883 806 1178 861 dioecesium,
1215 822 1238 849 e
1271 805 1435 864 quibus
1477 819 1597 849 nova
1637 803 1858 848 dioecesis
1896 804 1982 847 for-

206 894 328 933 mata
362 894 446 943 est,
484 894 529 933 et
563 894 762 933 rectores
795 889 1117 934 inamovibiles
1150 903 1298 934 novae
1321 888 1554 933 dioecesis.
1594 892 1763 931 Horum
1789 886 1875 930 erit
1898 885 1982 929 tria

206 972 394 1017 nomina
420 987 596 1026 eorum,
623 987 735 1031 quos
758 972 917 1029 dignos
940 972 1263 1026 iudicaverint,
1303 971 1530 1029 Episcopis
1564 969 1829 1028 provinciae
1862 969 1986 1012 exhi-

204 1056 328 1110 bere,
350 1061 400 1100 ut
423 1056 451 1100 ii
474 1071 579 1114 prae
603 1055 747 1100 oculis
767 1055 965 1099 habeant
989 1056 1101 1100 haec
1128 1055 1312 1099 nomina
1341 1055 1384 1098 in
1413 1052 1717 1114 proponendis
1740 1051 1839 1096 Sedi
1864 1055 1985 1109 Apo-

206 1139 392 1184 stolicae
427 1139 697 1183 candidatis.

326 1229 446 1267 Haec
480 1224 639 1267 eadem
676 1238 835 1267 norma
872 1237 950 1280 pro
984 1223 1207 1267 electione
1247 1222 1567 1280 Episcoporum
1602 1228 1793 1269 extensa
1819 1225 1905 1268 fuit
1930 1225 1985 1268 ad

206 1307 436 1352 dioeceses
469 1308 757 1351 tlanadenses
791 1307 835 1350 in
871 1306 1230 1364 tlongregatione
1265 1306 1474 1351 Generali
1512 1306 1629 1350 Fidei
1670 1308 1989 1365 l'ropagandae

207 1392 232 1433 2
270 1394 372 1435 Dec.
417 1392 541 1435 1862.

327 1476 397 1519 50.
435 1475 590 1528 Quoad
625 1488 736 1519 vero
774 1474 1013 1531 Episcopos
1043 1475 1293 1517 Australiae
1316 1474 1370 1516 de
1395 1488 1551 1518 eorum
1578 1474 1801 1518 electione
1834 1474 1986 1518 decre-

209 1561 306 1602 tum
343 1560 485 1603 latum
525 1558 607 1602 fuit
643 1572 766 1601 anno
806 1558 914 1602 1866
949 1558 1020 1602 die
1060 1559 1109 1601 19
1147 1558 1251 1602 Maii
1289 1557 1409 1601 hisee
1446 1557 1620 1602 xerbis:
1657 1563 1806 1611 Quum
1830 1557 1884 1601 ad
1909 1563 1984 1602 (ja-

210 1641 404 1686 tliolicae
441 1641 665 1686 Ecclesiae
702 1640 945 1684 utilitatem
981 1645 1119 1699 atque
1162 1641 1215 1684 ad
1260 1641 1520 1684 animarum
1566 1641 1758 1684 salutem
1810 1654 1986 1697 promo-

209 1725 407 1769 vendam
444 1725 506 1769 nil
543 1725 685 1782 magis
718 1725 928 1768 conferre
951 1729 1238 1781 compertum
1264 1723 1337 1778 sit,
1358 1738 1495 1782 (piam
1521 1729 1571 1767 ut
1606 1723 1843 1767 Dominico
1866 1723 1987 1780 gregi

209 1821 443 1853 sacrorum
481 1809 720 1853 Antistites
761 1808 969 1851 doctrina
1016 1821 1068 1851 ac
1115 1807 1353 1865 prudentia
1396 1806 1596 1864 insignes
1646 1806 1986 1864 praeficiantur,

210 1892 377 1936 idcirco
412 1895 452 1936 S.
491 1893 625 1936 Sedes
660 1891 885 1949 peculiare
917 1890 1082 1950 quovis
1114 1895 1320 1948 tempore
1354 1890 1555 1934 studium
1592 1889 1635 1933 in
1686 1889 1867 1947 negotio
1901 1891 1986 1932 ele-

209 1975 377 2020 ctionis
414 1975 735 2033 Episcoporum
770 1974 1079 2018 adhibendum
1115 1974 1311 2019 curavit.
1349 1979 1494 2026 Quam
1531 1973 1688 2031 utispie
1721 1972 1767 2016 in
1804 1987 1896 2016 rem
1922 1985 1987 2015 sa-

210 2059 524 2116 pientissimae
559 2063 723 2103 extant
756 2059 1008 2103 canonicae
1048 2057 1325 2111 sanctiones,
1379 2057 1534 2100 variae
1573 2056 1758 2115 quidem
1801 2070 1877 2113 pro
1914 2070 1989 2099 va-

212 2132 373 2187 rietate
406 2147 666 2200 temporum
701 2156 753 2186 ac
787 2143 1044 2198 regionum,
1078 2145 1125 2184 at
1157 2140 1428 2197 specialibus
1460 2153 1640 2197 semper
1662 2144 1707 2183 et
1730 2143 1987 2196 temporum

210 2230 258 2269 et
286 2227 490 2271 locorum
526 2226 755 2270 adiunctis
788 2225 1178 2269 accommodatae.
1221 2223 1289 2268 Nil
1325 2223 1461 2280 igitur
1497 2224 1663 2266 mirum
1689 2222 1724 2266 si
1751 2238 1827 2280 pro
1847 2221 1988 2278 regio-

211 2310 361 2364 nibus,
399 2310 471 2353 ubi
508 2324 658 2353 novae
692 2309 859 2367 passim
893 2309 1198 2352 eli'ormantur
1241 2307 1471 2361 civitates,
1518 2320 1756 2364 novaeque
1802 2305 1988 2363 proinde

211 2392 441 2438 dioeceses
475 2393 713 2437 institutae
747 2397 870 2446 sunt,
921 2395 1058 2450 atque
1093 2390 1136 2434 in
1187 2395 1416 2447 posterum
1468 2389 1778 2434 instituendae
1814 2387 1987 2447 praevi-
2021 2451 2025 2456 ι

212 2477 395 2532 dentur,
423 2479 611 2520 Sacrum
645 2474 894 2520 Consilium
942 2474 1201 2520 Christiano
1244 2473 1427 2518 Nomini
1472 2472 1779 2530 propagando,
1816 2477 1988 2516 certain

214 2561 481 2604 methodum
518 2573 571 2603 ac
607 2558 908 2616 peculiaribus
941 2559 1145 2602 locorum
1180 2556 1519 2601 conditionibus
1551 2555 1874 2599 cohaerentem
1900 2567 1990 2597 ser-

215 2642 312 2687 vari
347 2642 585 2687 statuerit:
621 2656 709 2701 qua
745 2642 879 2685 Sedes
916 2640 1169 2699 Apostolica
1203 2640 1489 2697 exploratam
1524 2637 1740 2682 notitiam
1787 2636 1990 2680 sacerdo-

215 2733 312 2771 tum
349 2728 401 2771 ad
438 2725 693 2783 episcopale
726 2725 924 2769 otlicium
959 2738 1012 2768 ac
1044 2723 1315 2781 dignitatem
1351 2721 1770 2781 promovendorum
1814 2718 1989 2777 assequi

218 2812 383 2855 valeat.
424 2814 469 2854 [n
509 2810 629 2853 hunc
664 2823 795 2867 porro
829 2807 967 2851 tinem
1003 2822 1028 2851 a
1062 2811 1197 2852 Sacro
1230 2805 1425 2851 Consilio
1459 2806 1560 2850 Chr.
1591 2807 1722 2848 Nom.
1751 2806 1879 2860 Prop.
1910 2802 1994 2846 sub

215 2892 287 2938 die
320 2895 376 2938 24
410 2892 608 2937 Ianuarii
642 2891 749 2936 anni
793 2891 893 2934 1861
932 2891 988 2934 ad
1013 2890 1253 2934 universos
1278 2889 1616 2934 foederatorum
1643 2886 1878 2931 Americae
1901 2889 1990 2928 sta-

220 2980 349 3021 tuum
387 2977 627 3034 Episcopos
659 2975 792 3019 datae
824 2979 943 3033 ,sunt
985 2972 1159 3027 literae,
1205 2973 1368 3031 quibus
1417 2971 1589 3029 optima
1634 2969 1874 3014 methodus
1915 2980 1993 3025 pro

218 3059 622 3104 commendatione
655 3056 1003 3102 candidatorum
1038 3056 1092 3099 ad
1115 3054 1367 3112 episcopale
1391 3067 1560 3098 munus
1581 3052 1894 3110 eligendorum
1918 3050 1991 3094 de-
2053 3054 2059 3059 '
