2176 3386
198 149 277 189 252
871 160 982 190 PARS
1010 160 1050 189 11.
1081 160 1138 189 DE
1167 161 1306 190 m-:Bus

200 267 262 312 nil
296 267 418 312 aliud
451 273 536 323 est,
561 281 700 328 quam
733 268 940 314 collectio
972 267 1387 314 ecclesiasticarum
1420 281 1608 326 precum
1632 271 1679 312 ct
1699 267 1976 314 benedictio-

200 365 329 407 num,
365 351 558 410 ideoque
591 351 742 397 Goarii
775 352 1003 397 sententia
1040 352 1227 397 Rituale
1258 352 1355 398 sive
1393 352 1617 398 Manuale
1648 355 1728 397 aut
1759 352 1978 396 Sacerdo-

201 436 293 480 cale
323 440 370 480 et
405 436 676 494 Pontificale
707 436 923 493 appellari
959 440 1123 494 potest.
1475 442 1478 443 ’

323 519 450 564 1172.
487 519 596 564 Heic
631 533 740 564 vero
775 521 1029 564 notandum
1071 523 1141 564 est
1180 519 1300 576 quod
1333 523 1483 564 totum
1525 518 1771 564 discrimen
1806 518 1978 564 rituum

199 601 247 645 in
281 605 678 646 sacramentorum
712 602 1130 658 administratione,
1166 602 1287 647 circa
1322 602 1436 646 ritus
1469 616 1593 647 mere
1622 601 1981 648 caeremoniales

201 689 246 729 et
279 685 399 730 circa
435 686 654 730 formulas
686 689 732 730 et
764 686 972 731 ordinem
1009 699 1195 743 precum
1230 690 1455 730 versatur.
1506 690 1642 730 Porro
1682 685 1896 744 quamvis
1927 699 1980 730 ea

201 783 317 828 quae
350 769 406 814 ad
439 769 674 813 diversum
711 769 896 813 modum
921 773 1212 814 sacramenta
1248 768 1539 814 ministrandi
1563 772 1790 826 spectant,
1814 768 1863 813 in
1891 772 1980 813 tra-

202 855 326 896 ctatu
376 851 431 896 de
470 852 660 910 singulis
706 853 1008 897 sacramentis
1041 852 1292 909 exposituri
1331 865 1515 909 sumus;
1562 855 1768 897 attamen
1817 865 1982 910 operae

203 934 399 993 pretium
425 939 493 980 est
518 935 617 980 heic
642 936 862 980 nonnulla
887 936 1090 980 breviter
1112 949 1367 994 exponere:
1413 937 1446 992 l)
1473 935 1527 979 de
1550 935 1648 980 loco
1671 934 1716 979 in
1741 948 1830 994 quo
1852 934 1982 979 iuxta

203 1018 473 1064 orientalem
504 1018 791 1077 disciplinam
815 1033 997 1064 sacrum
1032 1019 1128 1064 lieri
1161 1019 1319 1076 debet;
1355 1020 1396 1075 2)
1423 1019 1477 1063 de
1503 1019 1651 1063 Missis
1673 1032 1789 1078 quae
1822 1018 1982 1063 codem

202 1101 274 1146 die
307 1102 353 1146 in
395 1116 485 1146 uno
519 1102 650 1147 altari
695 1102 914 1147 celebrari
958 1107 1154 1161 queant;
1204 1103 1350 1161 deque
1398 1103 1439 1157 5)
1479 1100 1982 1147 Praesanctificatorum

207 1185 341 1230 Missa
377 1185 504 1229 iuxta
540 1185 834 1230 orientalium
871 1185 1011 1230 ritum
1035 1185 1167 1230 statis
1199 1185 1482 1243 temporibus
1514 1185 1801 1229 celebranda.

326 1270 452 1314 1175.
491 1272 700 1313 Iamvero
748 1269 803 1313 ad
837 1270 987 1313 locum
1021 1270 1141 1327 quod
1182 1268 1380 1323 attinet,
1417 1267 1463 1311 in
1503 1267 1698 1312 Ecclesia
1743 1266 1883 1311 latina
1916 1266 1984 1311 in-

205 1356 450 1397 cruentum
490 1352 652 1397 Missae
686 1351 960 1396 sacrificium
995 1350 1214 1396 celebrari
1250 1365 1340 1395 non
1377 1355 1539 1409 potest,
1569 1350 1652 1395 nisi
1687 1363 1823 1408 super
1854 1351 1985 1395 altari

204 1436 324 1495 quod
355 1437 423 1480 vel
459 1439 608 1479 totum
642 1435 728 1479 rite
753 1439 1075 1479 consecratum
1099 1434 1253 1488 fuerit,
1281 1436 1351 1479 vel
1387 1434 1547 1478 saltem
1582 1434 1984 1492 superimpositum

207 1519 373 1564 babeat
405 1523 726 1564 consecratum
751 1518 966 1576 lapidem,
991 1518 1065 1577 qui
1093 1518 1253 1562 tabula
1285 1517 1442 1562 altaris
1467 1521 1775 1575 nuncupatur.
1813 1520 1984 1562 Graeca

206 1607 360 1647 autem
390 1602 586 1647 Ecclesia
621 1617 646 1647 a
684 1602 884 1661 pluribus
916 1602 1123 1658 saeculis,
1152 1601 1225 1645 ubi
1249 1602 1392 1646 altare
1424 1600 1617 1646 solemni
1642 1600 1987 1646 consecratione

207 1690 357 1731 totum
391 1686 651 1731 dedicatum
688 1701 779 1731 nou
816 1686 978 1741 fuerit,
1015 1686 1114 1730 loco
1148 1685 1349 1744 lapideae
1383 1684 1643 1729 huiusmodi
1678 1684 1881 1740 tabulae,
1916 1697 1988 1729 su·

210 1783 289 1828 per
322 1770 477 1814 altaris
525 1783 684 1814 mensa
718 1774 874 1827 aptare
917 1770 1032 1814 solet
1071 1770 1264 1813 linteum
1306 1769 1534 1828 quoddam
1578 1767 1819 1826 episcopali
1853 1767 1988 1812 bene·

208 1853 409 1897 dictione
434 1857 771 1909 consecratum,
800 1853 844 1897 in
871 1852 1002 1898 cuius
1028 1852 1206 1910 angulis
1229 1857 1494 1897 sanctorum
1524 1850 1753 1910 Reliquiae
1777 1850 1989 1895 conditae

208 1940 343 1991 sunt,
378 1936 588 1995 quodque
625 1941 794 1980 vocant
838 1938 1176 1990 .4«nte’mension‚
1219 1939 1265 1980 et
1297 1949 1433 1993 super
1464 1935 1560 1992 ipso
1599 1947 1726 1979 sacra
1770 1933 1988 1992 mysteria

210 2019 533 2064 conficiuntur.
572 2023 834 2078 Numquam
870 2018 1125 2078 Apostolica
1161 2019 1295 2064 Sedes
1329 2018 1451 2063 bunc
1493 2017 1729 2062 orientalis
1771 2016 1990 2061 ecclesiae

209 2106 350 2150 ritum
385 2105 679 2164 improbavit,
716 2106 792 2150 sed
828 2106 974 2163 ipsum
1001 2119 1093 2150 non
1117 2105 1263 2149 solum
1300 2104 1346 2148 in
1383 2103 1640 2160 regionibus
1666 2102 1882 2157 orientis,
1915 2115 1990 2146 ve—

211 2203 312 2234 rum
347 2189 487 2233 etiam
529 2189 575 2233 in
612 2188 703 2247 ipsa
747 2189 897 2244 Italia,
934 2188 1119 2234 Graecis
1152 2193 1197 2233 et
1232 2187 1564 2232 Albanensibus
1611 2186 1856 2231 observare
1896 2198 1991 2241 per-

213 2271 414 2315 mittitur
438 2273 467 2315 1.
523 2271 693 2316 Latinis
728 2285 837 2316 vero
871 2284 1007 2329 super
1039 2274 1317 2316 Graecorum
1352 2268 1652 2314 Antimensiis
1686 2268 1846 2312 Missas
1878 2267 1990 2313 cele-

212 2356 342 2400 brare
392 2356 587 2399 vetitum
638 2359 707 2400 est
749 2355 887 2399 citata
937 2358 1089 2400 Const.
1141 2360 1163 2406 ξ
1200 2357 1282 2408 VI,
1321 2368 1365 2397 n.
1401 2355 1472 2398 49.
1527 2357 1581 2398 At
1618 2353 1739 2397 idem
1781 2350 1992 2397 Pontifex

213 2452 287 2483 an.
332 2439 434 2483 1751
465 2438 479 2461 ²
512 2438 645 2483 iustis
677 2438 732 2482 de
766 2438 914 2483 causis
946 2437 1173 2483 concessit
1208 2436 1505 2482 Missionariis
1528 2436 1716 2494 aliisque
1749 2434 1992 2480 sacerdoti-

213 2523 297 2568 bus
328 2523 484 2567 latiuis
515 2523 561 2567 in
597 2522 815 2568 universa
851 2521 1008 2567 Russia
1046 2521 1256 2566 Polonica
1290 2520 1711 2575 commorantibus,
1749 2523 1799 2563 ut
1831 2519 1877 2563 in
1915 2522 1993 2563 Ec-

214 2607 363 2653 clesiis
400 2607 714 2651 Ruthenorum
740 2604 993 2660 unitorum,
1019 2604 1339 2649 deficientibus
1361 2602 1548 2662 lapideis
1581 2601 1794 2647 altarium
1827 2600 1994 2646 tabulis

214 2690 300 2734 rite
342 2689 645 2744 consecratis,
681 2702 817 2746 super
849 2687 990 2733 sacris
1031 2687 1299 2732 eorumdem
1344 2687 1662 2731 Rutbenorum
1705 2682 1994 2729 antimensiis

218 2773 460 2817 Missarum
494 2771 713 2816 sacrificia
748 2772 977 2815 celebrare
1009 2774 1146 2829 atque
1178 2769 1316 2814 etiam
1351 2774 1403 2813 ut
1436 2768 1480 2812 in
1506 2766 1764 2812 huiusmodi
1797 2767 1994 2811 celebra-

335 2959 343 2977 ¹
374 2958 423 2994 Cf.
450 2958 572 2995 Consi.
599 2958 678 2994 Etsi
703 2958 900 3003 pastoralis
924 2956 1060 2994 Bened.
1086 2954 1184 2992 XIV.
1210 2954 1261 2991 Cf.
1287 2954 1436 3017 βοηθοὶ.
1463 2963 1495 2990 n.
1525 2953 1625 2990 1577.

334 3031 347 3050 ²
375 3029 499 3066 Const.
526 3039 621 3076 quae
649 3029 778 3075 incipit
803 3029 979 3075 Imposita
1002 3028 1111 3065 nobis.
