2176 3386
809 187 937 216 LIBER
966 187 994 215 1.
1026 187 1083 215 DE
1111 185 1305 215 CLERICIS
1896 174 1948 212 85

163 296 306 355 gitur,
337 296 405 341 uti
437 296 474 341 si
510 309 555 340 v.
582 309 648 353 gr.
687 294 922 339 Praelatus
957 293 1216 351 religiosum
1251 297 1382 337 extra
1417 293 1615 338 claustra
1639 292 1845 350 deiiciat;
1880 297 1946 337 ta·

163 379 252 424 cite
284 393 390 423 eum
426 379 501 423 illo
535 378 768 436 dispensat
803 381 853 420 ut
886 376 1086 421 oblatam
1120 375 1203 420 sibi
1239 375 1480 434 pecuniam
1515 381 1753 434 acceptare
1787 375 1942 434 possit.

163 466 378 508 Summus
412 462 658 520 Legislator
691 461 738 504 in
764 460 984 505 societate
1007 460 1105 505 sive
1130 462 1267 515 iusta,
1292 460 1390 504 sive
1415 462 1593 504 iniusta
1619 473 1765 504 eausa
1800 458 1947 503 valide

163 545 343 590 etiamsi
386 545 588 590 secundo
634 557 740 589 casu
788 543 945 588 illicite
978 543 1211 602 dispensat
1234 543 1264 591 ¹,
1302 558 1326 587 e
1359 547 1519 588 contra
1555 542 1744 588 inferior
1779 542 1855 608 quvi
1889 556 1945 587 ex

161 629 446 685 delegatione
481 628 739 686 dispensat,
778 627 962 672 nonnisi
997 641 1055 671 ex
1098 629 1224 672 iusta
1258 640 1404 671 eausa
1447 631 1595 684 potest
1636 625 1757 670 licite
1790 632 1837 670 et
1868 640 1946 671 va-

162 713 252 757 lide
284 713 562 772 dispensare;
612 712 727 757 ratio
773 717 842 756 est
881 711 985 771 quia
1028 725 1108 770 pro
1142 711 1483 769 dispensatione
1515 725 1571 755 ex
1607 710 1777 754 iniusta
1810 723 1947 755 causa

162 796 431 840 mandatum
482 810 574 840 non
634 795 795 840 habuit
829 795 858 839 ².
926 799 973 839 ln
1028 809 1194 853 genere
1238 795 1312 839 ille
1363 798 1513 852 potest
1560 793 1822 852 dispensare
1870 793 1946 852 qui

164 879 305 936 legem
340 878 444 922 tulit
477 878 666 936 eiusque
702 878 936 935 delegatus
970 878 1000 922 ³.
1038 878 1247 922 Facultas
1294 877 1586 935 dispensandi
1620 882 1689 921 est
1721 877 1847 922 latae
1875 880 1946 921 in-

161 963 507 1016 terpretaciom's
530 961 569 985 4·
596 960 844 1004 dummodo
899 974 989 1005 non
1046 965 1207 1017 vergat
1258 959 1304 1005 in
1352 963 1478 1004 tertii
1519 961 1870 1017 praeiudicium
1908 962 1943 1016 ⁵;

159 1047 207 1086 at
240 1042 333 1100 ipsa
366 1042 645 1100 dispensatio
692 1045 883 1088 strictae
915 1049 978 1087 est
1022 1046 1428 1101 interpretacionis
1459 1057 1565 1088 eum
1603 1043 1662 1088 sit
1703 1044 1813 1102 legis
1848 1046 1945 1088 vul-

161 1140 246 1170 nus
280 1125 309 1168 θ.
355 1125 423 1170 Fit
454 1126 661 1185 quaestio
695 1140 752 1170 an
793 1125 1040 1183 Legislator
1073 1125 1155 1170 sibi
1190 1126 1454 1184 dispensare
1489 1125 1644 1184 possit,
1671 1131 1716 1170 et
1739 1140 1946 1171 commu-

160 1210 281 1253 niter
313 1211 568 1252 affirmatur
602 1210 636 1252 ⁷.
678 1211 734 1252 At
766 1209 879 1253 haec
911 1208 1118 1267 quaestio
1152 1209 1209 1252 ab
1239 1208 1326 1253 alia
1363 1209 1530 1267 pendet
1574 1223 1631 1252 an
1682 1223 1848 1267 nempe
1887 1210 1946 1254 le-

159 1291 344 1349 gislator
376 1292 562 1335 vinculo
596 1305 710 1336 suae
744 1292 871 1348 leqts,
908 1292 1029 1350 quod
1061 1292 1118 1336 ab
1151 1294 1246 1348 ¹Ipso
1275 1291 1448 1348 prodit,
1485 1296 1728 1348 teneatur;
1769 1292 1823 1335 de
1856 1305 1944 1351 qua

160 1374 248 1418 iam
283 1387 416 1431 supra
454 1374 590 1418 locuti
627 1386 801 1418 sumus.
842 1373 1112 1431 Dispensat-e
1146 1374 1270 1418 enim
1307 1389 1397 1418 non
1436 1380 1504 1419 est
1543 1374 1628 1419 nisi
1671 1375 1947 1420 subtrahere

160 1458 362 1515 aliquem
397 1471 426 1501 (1,
458 1458 735 1501 subiectione
769 1458 897 1515 leyz's.
936 1457 1052 1502 Hinc
1088 1458 1215 1502 iuxta
1249 1472 1383 1516 supra
1429 1458 1550 1503 dicta
1597 1458 1831 1503 videretur
1870 1474 1942 1518 po-

159 1540 249 1585 tius
281 1540 526 1585 dicendum
561 1541 875 1598 'legislatorem
926 1541 1128 1585 iudicare
1163 1554 1315 1600 posse,
1365 1542 1529 1600 quibus
1563 1542 1608 1586 in
1657 1543 1837 1587 casibus
1874 1546 1945 1588 ius

159 1624 397 1679 naturale,
435 1638 525 1682 quo
559 1624 614 1668 ad
651 1624 893 1668 materiam
929 1638 1036 1669 suae
1070 1625 1180 1682 legis
1214 1626 1492 1683 implendam
1528 1625 1707 1684 cogitur
1740 1641 1818 1685 pro
1850 1627 1946 1685 ipso

157 1706 413 1763 legislatore
447 1720 542 1749 non
578 1713 761 1763 urgeat.
805 1711 857 1750 Et
890 1707 975 1751 hoc
998 1708 1053 1751 de
1078 1708 1249 1765 legibus
1268 1711 1462 1765 proprie
1484 1709 1617 1754 dietis
1648 1710 1945 1768 promulgatis·

158 1790 366 1834 sufficiat.

277 1945 284 1963 ¹
315 1946 366 1982 Cf.
394 1946 566 1989 ΜΑΟΗΑΤ,
595 1957 653 1991 op.
681 1952 716 1982 et
744 1947 763 1982 l.
792 1948 852 1982 cit.

276 2017 287 2034 ²
315 2017 401 2053 Can.
428 2017 460 2060 lt,
489 2018 522 2053 (1.
543 2016 599 2054 21.
628 2018 741 2055 Glem.
769 2017 790 2053 2
818 2019 862 2054 de
890 2018 1017 2062 clect.;
1046 2029 1125 2065 cap.
1156 2020 1198 2055 15
1224 2020 1267 2055 de
1297 2025 1406 2066 temp.
1435 2021 1553 2057 ordin.

276 2087 288 2106 ³
315 2088 399 2124 Can.
428 2089 460 2131 4,
489 2089 523 2125 d.
550 2089 607 2125 21.
634 2089 747 2125 Clem.
777 2090 807 2125 ⁰2.
837 2090 882 2125 «le
908 2090 1025 2134 elect.;
1052 2100 1131 2136 cap.
1160 2091 1202 2127 15
1228 2091 1272 2128 (16
1301 2096 1410 2137 temp.
1439 2093 1514 2129 ord.

274 2158 287 2178 ⁸
314 2160 399 2205 Cap.
421 2160 483 2196 ult.
512 2161 556 2197 de
585 2160 760 2197 Simonia.

274 2232 286 2250 ⁶
312 2231 398 2277 Cap.
426 2231 471 2268 20
499 2232 543 2268 de
571 2232 614 2267 V.
644 2233 676 2269 S.

273 2302 286 2322 ⁶
313 2303 398 2348 Cap.
420 2303 436 2338 1
467 2309 504 2340 et
529 2302 550 2338 2
574 2303 618 2340 de
649 2304 734 2340 filiis
764 2305 1071 2351 presbyterorum
1094 2306 1130 2340 in
1150 2305 1198 2342 6⁰.
1224 2306 1302 2342 Nisi
1325 2312 1445 2343 tamen
1463 2311 1565 2344 motu
1591 2311 1739 2355 proprio
1766 2319 1943 2347 concessa

155 2373 199 2409 sil
227 2374 481 2411 communitati
510 2375 566 2411 vel
592 2375 640 2411 ad
669 2376 808 2412 bonum
836 2386 1044 2413 commune.

273 2445 286 2464 ⁷
313 2446 428 2482 Caiet.
455 2445 605 2484 Salmat.
639 2447 690 2484 Gr.
721 2447 894 2490 MAonAr,
923 2457 981 2494 op.
1009 2457 1039 2483 6.
1068 2448 1088 2484 l.
1117 2449 1147 2491 1,
1177 2453 1198 2484 t.
1225 2448 1259 2494 2,
1286 2450 1348 2494 qui
1385 2450 1455 2486 hoc
1486 2451 1633 2488 deducit
1660 2462 1704 2488 ex
1733 2452 1861 2498 regula
1887 2453 1943 2488 de-

155 2521 303 2563 sumpta
341 2522 396 2554 est
424 2517 446 2553 l.
474 2517 494 2552 5
522 2517 556 2554 ff.
586 2518 630 2554 de
671 2518 808 2564 adopt„
834 2519 856 2554 1.
887 2518 923 2562 1,
951 2519 972 2555 5
999 2518 1033 2555 ff.
1075 2520 1118 2556 (16
1158 2521 1374 2557 manumiss.
1409 2521 1507 2557 vind.
1539 2532 1611 2568 qua
1645 2523 1755 2560 statui
1796 2523 1941 2559 videtur

154 2588 253 2633 quod
278 2589 324 2625 ad
350 2589 567 2625 exercitium
613 2590 884 2626 iurisdictionis
921 2591 1149 2628 voluntariae
1185 2601 1260 2627 non
1288 2593 1486 2638 requiritur
1520 2586 1707 2630 distinctio
1734 2595 1939 2639 personalis

155 2659 248 2695 inter
273 2669 356 2697 eum
385 2670 406 2696 a
431 2670 505 2707 quo
532 2665 568 2697 et
595 2661 653 2698 cui
684 2667 892 2706 praestatur
918 2663 1128 2699 auctoritas.
1156 2663 1295 2699 Tamen
1323 2663 1424 2700 iuxta
1442 2674 1554 2710 supra
1571 2665 1669 2700 dicta
1693 2665 1848 2702 solvitur
1874 2665 1941 2700 dif-

154 2729 308 2767 ficultas.
