<?xml version="1.0" encoding="UTF-8"?>
<!DOCTYPE html PUBLIC "-//W3C//DTD XHTML 1.0 Transitional//EN"
    "http://www.w3.org/TR/xhtml1/DTD/xhtml1-transitional.dtd">
<html xmlns="http://www.w3.org/1999/xhtml" xml:lang="en" lang="en">
 <head>
  <title>
</title>
<meta http-equiv="Content-Type" content="text/html;charset=utf-8" />
  <meta name='ocr-system' content='tesseract 3.04.00' />
  <meta name='ocr-capabilities' content='ocr_page ocr_carea ocr_par ocr_line ocrx_word'/>
</head>
<body>
  <div class='ocr_page' id='page_1' title='image "apparatus00ziteuoft_0068.png"; bbox 0 0 2176 3386; ppageno 0'>
   <div class='ocr_carea' id='block_1_1' title="bbox 228 172 1364 213">
    <p class='ocr_par' dir='ltr' id='par_1_1' title="bbox 228 172 1364 213">
     <span class='ocr_line' id='line_1_1' title="bbox 228 172 1364 213; baseline 0.002 -2"><span class='ocrx_word' id='word_1_1' title='bbox 228 172 280 211; x_wconf 82' lang='lat'>56</span> <span class='ocrx_word' id='word_1_2' title='bbox 870 184 980 212; x_wconf 82' lang='lat' dir='ltr'>PARS</span> <span class='ocrx_word' id='word_1_3' title='bbox 1009 185 1032 212; x_wconf 95' lang='lat'>1.</span> <span class='ocrx_word' id='word_1_4' title='bbox 1068 184 1124 212; x_wconf 87' lang='lat' dir='ltr'>DE</span> <span class='ocrx_word' id='word_1_5' title='bbox 1154 184 1364 213; x_wconf 75' lang='lat' dir='ltr'>PEnsoms</span> 
     </span>
    </p>
   </div>
   <div class='ocr_carea' id='block_1_2' title="bbox 269 233 1980 247">
    <p class='ocr_par' dir='ltr' id='par_1_2' title="bbox 269 233 1980 247">
     <span class='ocr_line' id='line_1_2' title="bbox 269 233 1980 247; baseline 0 0"><span class='ocrx_word' id='word_1_6' title='bbox 269 233 1980 247; x_wconf 95' lang='lat' dir='ltr'> </span> 
     </span>
    </p>
   </div>
   <div class='ocr_carea' id='block_1_3' title="bbox 985 341 1252 385">
    <p class='ocr_par' dir='ltr' id='par_1_3' title="bbox 985 341 1252 385">
     <span class='ocr_line' id='line_1_3' title="bbox 985 341 1252 385; baseline 0 0"><span class='ocrx_word' id='word_1_7' title='bbox 985 341 1166 385; x_wconf 75' lang='lat' dir='ltr'>CAPUT</span> <span class='ocrx_word' id='word_1_8' title='bbox 1198 345 1252 385; x_wconf 89' lang='grc' dir='ltr'>ΙΙ.</span> 
     </span>
    </p>
   </div>
   <div class='ocr_carea' id='block_1_4' title="bbox 552 447 1683 558">
    <p class='ocr_par' dir='ltr' id='par_1_4' title="bbox 552 447 1683 558">
     <span class='ocr_line' id='line_1_4' title="bbox 768 447 1472 485; baseline 0.003 -3"><span class='ocrx_word' id='word_1_9' title='bbox 768 448 827 482; x_wconf 90' lang='lat' dir='ltr'>DE</span> <span class='ocrx_word' id='word_1_10' title='bbox 855 447 1000 483; x_wconf 86' lang='lat' dir='ltr'>MODIS</span> <span class='ocrx_word' id='word_1_11' title='bbox 1027 447 1472 485; x_wconf 79' lang='lat' dir='ltr'><strong>EXTRAORDINARHS</strong></span> 
     </span>
     <span class='ocr_line' id='line_1_5' title="bbox 552 518 1683 558; baseline 0.004 -6"><span class='ocrx_word' id='word_1_12' title='bbox 552 518 819 554; x_wconf 85' lang='lat' dir='ltr'><strong>AMITTENDI</strong></span> <span class='ocrx_word' id='word_1_13' title='bbox 846 519 1254 557; x_wconf 87' lang='lat' dir='ltr'>ECCLESIASTICAM</span> <span class='ocrx_word' id='word_1_14' title='bbox 1281 520 1683 558; x_wconf 87' lang='lat' dir='ltr'>IURISDICTIONEM.</span> 
     </span>
    </p>
   </div>
   <div class='ocr_carea' id='block_1_5' title="bbox 347 626 2047 674">
    <p class='ocr_par' dir='ltr' id='par_1_5' title="bbox 347 626 2047 674">
     <span class='ocr_line' id='line_1_6' title="bbox 347 626 2047 674; baseline 0.002 -4"><span class='ocrx_word' id='word_1_15' title='bbox 347 627 410 670; x_wconf 80' lang='lat' dir='ltr'>Ad</span> <span class='ocrx_word' id='word_1_16' title='bbox 447 627 604 670; x_wconf 85' lang='lat' dir='ltr'>modos</span> <span class='ocrx_word' id='word_1_17' title='bbox 637 626 1027 671; x_wconf 82' lang='lat' dir='ltr'>extraordinarios</span> <span class='ocrx_word' id='word_1_18' title='bbox 1060 627 1343 672; x_wconf 86' lang='lat' dir='ltr'>amittendae</span> <span class='ocrx_word' id='word_1_19' title='bbox 1377 629 1714 674; x_wconf 85' lang='lat' dir='ltr'>ecclesiasticae</span> <span class='ocrx_word' id='word_1_20' title='bbox 1739 629 2009 674; x_wconf 83' lang='lat' dir='ltr'>iurisdietio—</span> <span class='ocrx_word' id='word_1_21' title='bbox 2042 641 2047 645; x_wconf 86' lang='lat'>·</span> 
     </span>
    </p>
   </div>
   <div class='ocr_carea' id='block_1_6' title="bbox 227 710 2013 1104">
    <p class='ocr_par' dir='ltr' id='par_1_6' title="bbox 227 710 2013 1104">
     <span class='ocr_line' id='line_1_7' title="bbox 229 710 2011 769; baseline 0.002 -15"><span class='ocrx_word' id='word_1_22' title='bbox 229 710 299 755; x_wconf 87' lang='lat' dir='ltr'>nis</span> <span class='ocrx_word' id='word_1_23' title='bbox 330 711 534 768; x_wconf 84' lang='lat' dir='ltr'>profecto</span> <span class='ocrx_word' id='word_1_24' title='bbox 569 711 768 768; x_wconf 79' lang='lat' dir='ltr'><strong>pertinet</strong></span> <span class='ocrx_word' id='word_1_25' title='bbox 801 712 1032 756; x_wconf 86' lang='lat' dir='ltr'>contraria</span> <span class='ocrx_word' id='word_1_26' title='bbox 1067 711 1379 769; x_wconf 78' lang='lat' dir='ltr'>praescriptio,</span> <span class='ocrx_word' id='word_1_27' title='bbox 1416 712 1649 758; x_wconf 74' lang='lat' dir='ltr'>revocatio</span> <span class='ocrx_word' id='word_1_28' title='bbox 1683 713 2011 758; x_wconf 86' lang='lat' dir='ltr'>iurisdictionis</span> 
     </span>
     <span class='ocr_line' id='line_1_8' title="bbox 227 793 2010 854; baseline 0.002 -16"><span class='ocrx_word' id='word_1_29' title='bbox 227 794 301 838; x_wconf 77' lang='lat' dir='ltr'>vel</span> <span class='ocrx_word' id='word_1_30' title='bbox 334 794 468 838; x_wconf 84' lang='lat' dir='ltr'>officii</span> <span class='ocrx_word' id='word_1_31' title='bbox 503 794 560 837; x_wconf 91' lang='lat' dir='ltr'>ab</span> <span class='ocrx_word' id='word_1_32' title='bbox 591 808 644 838; x_wconf 91' lang='lat' dir='ltr'>eo</span> <span class='ocrx_word' id='word_1_33' title='bbox 677 793 751 853; x_wconf 83' lang='lat' dir='ltr'>qui</span> <span class='ocrx_word' id='word_1_34' title='bbox 789 799 1063 852; x_wconf 82' lang='lat' dir='ltr'>potestatem</span> <span class='ocrx_word' id='word_1_35' title='bbox 1098 795 1261 849; x_wconf 89' lang='lat' dir='ltr'>habet,</span> <span class='ocrx_word' id='word_1_36' title='bbox 1295 809 1349 840; x_wconf 90' lang='lat' dir='ltr'>ac</span> <span class='ocrx_word' id='word_1_37' title='bbox 1384 796 1568 840; x_wconf 88' lang='lat' dir='ltr'>tandem</span> <span class='ocrx_word' id='word_1_38' title='bbox 1603 796 1825 854; x_wconf 82' lang='lat' dir='ltr'>depositio</span> <span class='ocrx_word' id='word_1_39' title='bbox 1858 801 1903 841; x_wconf 91' lang='lat' dir='ltr'>et</span> <span class='ocrx_word' id='word_1_40' title='bbox 1936 798 2010 842; x_wconf 93' lang='lat' dir='ltr'>de—</span> 
     </span>
     <span class='ocr_line' id='line_1_9' title="bbox 227 876 2008 939; baseline 0.003 -20"><span class='ocrx_word' id='word_1_41' title='bbox 227 876 445 934; x_wconf 78' lang='lat' dir='ltr'>gradatio.</span> <span class='ocrx_word' id='word_1_42' title='bbox 500 876 571 920; x_wconf 89' lang='lat' dir='ltr'>Nil</span> <span class='ocrx_word' id='word_1_43' title='bbox 605 881 673 920; x_wconf 87' lang='lat' dir='ltr'>est</span> <span class='ocrx_word' id='word_1_44' title='bbox 705 877 951 923; x_wconf 88' lang='lat' dir='ltr'>dicendum</span> <span class='ocrx_word' id='word_1_45' title='bbox 985 878 1039 922; x_wconf 92' lang='lat' dir='ltr'>de</span> <span class='ocrx_word' id='word_1_46' title='bbox 1074 879 1306 923; x_wconf 86' lang='lat' dir='ltr'>contrario</span> <span class='ocrx_word' id='word_1_47' title='bbox 1354 879 1736 938; x_wconf 81' lang='lat' dir='ltr'>praescriptione,</span> <span class='ocrx_word' id='word_1_48' title='bbox 1774 894 1922 939; x_wconf 84' lang='lat' dir='ltr'>neque</span> <span class='ocrx_word' id='word_1_49' title='bbox 1955 882 2008 925; x_wconf 90' lang='lat' dir='ltr'>de</span> 
     </span>
     <span class='ocr_line' id='line_1_10' title="bbox 227 960 2013 1021; baseline 0.002 -17"><span class='ocrx_word' id='word_1_50' title='bbox 227 960 523 1005; x_wconf 78' lang='lat' dir='ltr'>revocatione</span> <span class='ocrx_word' id='word_1_51' title='bbox 557 960 886 1006; x_wconf 84' lang='lat' dir='ltr'>iurisdictionis</span> <span class='ocrx_word' id='word_1_52' title='bbox 920 963 993 1006; x_wconf 88' lang='lat' dir='ltr'>vel</span> <span class='ocrx_word' id='word_1_53' title='bbox 1026 962 1160 1007; x_wconf 85' lang='lat' dir='ltr'>officii</span> <span class='ocrx_word' id='word_1_54' title='bbox 1195 977 1250 1007; x_wconf 85' lang='lat' dir='ltr'>ex</span> <span class='ocrx_word' id='word_1_55' title='bbox 1286 968 1415 1021; x_wconf 88' lang='lat' dir='ltr'>parte</span> <span class='ocrx_word' id='word_1_56' title='bbox 1448 963 1709 1021; x_wconf 81' lang='lat' dir='ltr'>superioris.</span> <span class='ocrx_word' id='word_1_57' title='bbox 1759 968 1917 1008; x_wconf 87' lang='lat' dir='ltr'>Manet</span> <span class='ocrx_word' id='word_1_58' title='bbox 1961 969 2013 1008; x_wconf 89' lang='lat' dir='ltr'>ut</span> 
     </span>
     <span class='ocr_line' id='line_1_11' title="bbox 228 1044 1565 1104; baseline 0.002 -17"><span class='ocrx_word' id='word_1_59' title='bbox 228 1045 449 1088; x_wconf 89' lang='lat' dir='ltr'>nonnulla</span> <span class='ocrx_word' id='word_1_60' title='bbox 482 1044 690 1088; x_wconf 87' lang='lat' dir='ltr'>dicamus</span> <span class='ocrx_word' id='word_1_61' title='bbox 727 1044 782 1088; x_wconf 92' lang='lat' dir='ltr'>de</span> <span class='ocrx_word' id='word_1_62' title='bbox 815 1044 1100 1102; x_wconf 88' lang='lat' dir='ltr'>depositione</span> <span class='ocrx_word' id='word_1_63' title='bbox 1133 1059 1186 1090; x_wconf 91' lang='lat' dir='ltr'>ac</span> <span class='ocrx_word' id='word_1_64' title='bbox 1224 1046 1565 1104; x_wconf 80' lang='lat' dir='ltr'>degradatione.</span> 
     </span>
    </p>
   </div>
   <div class='ocr_carea' id='block_1_7' title="bbox 974 1185 1267 1215">
    <p class='ocr_par' dir='ltr' id='par_1_7' title="bbox 974 1185 1267 1215">
     <span class='ocr_line' id='line_1_12' title="bbox 974 1185 1267 1215; baseline 0.007 -2"><span class='ocrx_word' id='word_1_65' title='bbox 974 1185 1206 1214; x_wconf 78' lang='lat' dir='ltr'>ARTICULUS</span> <span class='ocrx_word' id='word_1_66' title='bbox 1239 1187 1267 1215; x_wconf 85' lang='lat'>1.</span> 
     </span>
    </p>
   </div>
   <div class='ocr_carea' id='block_1_8' title="bbox 692 1266 1548 1323">
    <p class='ocr_par' dir='ltr' id='par_1_8' title="bbox 692 1266 1548 1323">
     <span class='ocr_line' id='line_1_13' title="bbox 692 1266 1548 1323; baseline 0.005 -17"><span class='ocrx_word' id='word_1_67' title='bbox 692 1266 752 1307; x_wconf 85' lang='lat' dir='ltr'>De</span> <span class='ocrx_word' id='word_1_68' title='bbox 789 1266 1075 1320; x_wconf 48' lang='lat' dir='ltr'>Depossz&#39;tione</span> <span class='ocrx_word' id='word_1_69' title='bbox 1107 1270 1149 1309; x_wconf 79' lang='lat' dir='ltr'>et</span> <span class='ocrx_word' id='word_1_70' title='bbox 1183 1266 1548 1323; x_wconf 72' lang='lat' dir='ltr'>Deyrodacione.</span> 
     </span>
    </p>
   </div>
   <div class='ocr_carea' id='block_1_9' title="bbox 226 1375 2019 2687">
    <p class='ocr_par' dir='ltr' id='par_1_9' title="bbox 226 1375 2015 1923">
     <span class='ocr_line' id='line_1_14' title="bbox 347 1375 2011 1436; baseline 0.001 -15"><span class='ocrx_word' id='word_1_71' title='bbox 347 1377 418 1421; x_wconf 71' lang='lat'>92.</span> <span class='ocrx_word' id='word_1_72' title='bbox 458 1375 686 1433; x_wconf 87' lang='lat' dir='ltr'>Depositio</span> <span class='ocrx_word' id='word_1_73' title='bbox 720 1375 913 1419; x_wconf 75' lang='lat' dir='ltr'>verbum</span> <span class='ocrx_word' id='word_1_74' title='bbox 947 1376 1159 1433; x_wconf 82' lang='lat' dir='ltr'>generale</span> <span class='ocrx_word' id='word_1_75' title='bbox 1192 1381 1276 1430; x_wconf 87' lang='lat' dir='ltr'>est,</span> <span class='ocrx_word' id='word_1_76' title='bbox 1297 1391 1386 1436; x_wconf 93' lang='lat' dir='ltr'>quo</span> <span class='ocrx_word' id='word_1_77' title='bbox 1410 1377 1578 1435; x_wconf 83' lang='lat' dir='ltr'>duplex</span> <span class='ocrx_word' id='word_1_78' title='bbox 1601 1377 1773 1435; x_wconf 88' lang='lat' dir='ltr'>species</span> <span class='ocrx_word' id='word_1_79' title='bbox 1805 1378 2011 1423; x_wconf 88' lang='lat' dir='ltr'>contine-</span> 
     </span>
     <span class='ocr_line' id='line_1_15' title="bbox 227 1458 2015 1517; baseline 0 -14"><span class='ocrx_word' id='word_1_80' title='bbox 227 1464 320 1513; x_wconf 87' lang='lat' dir='ltr'>tur,</span> <span class='ocrx_word' id='word_1_81' title='bbox 355 1458 579 1517; x_wconf 85' lang='lat' dir='ltr'>depositio</span> <span class='ocrx_word' id='word_1_82' title='bbox 619 1458 815 1516; x_wconf 81' lang='lat' dir='ltr'>simplex.</span> <span class='ocrx_word' id='word_1_83' title='bbox 854 1463 901 1502; x_wconf 93' lang='lat' dir='ltr'>et</span> <span class='ocrx_word' id='word_1_84' title='bbox 942 1458 1219 1515; x_wconf 81' lang='lat' dir='ltr'>degradatio.</span> <span class='ocrx_word' id='word_1_85' title='bbox 1274 1462 1408 1502; x_wconf 88' lang='lat' dir='ltr'>Porro</span> <span class='ocrx_word' id='word_1_86' title='bbox 1446 1458 1668 1517; x_wconf 85' lang='lat' dir='ltr'>depositiO</span> <span class='ocrx_word' id='word_1_87' title='bbox 1708 1459 1901 1517; x_wconf 88' lang='lat' dir='ltr'>simplex</span> <span class='ocrx_word' id='word_1_88' title='bbox 1944 1464 2015 1505; x_wconf 88' lang='lat' dir='ltr'>est</span> 
     </span>
     <span class='ocr_line' id='line_1_16' title="bbox 227 1541 2014 1600; baseline 0.001 -14"><span class='ocrx_word' id='word_1_89' title='bbox 227 1555 373 1600; x_wconf 87' lang='lat' dir='ltr'>poena</span> <span class='ocrx_word' id='word_1_90' title='bbox 407 1541 717 1586; x_wconf 81' lang='lat' dir='ltr'>ecelesiastica</span> <span class='ocrx_word' id='word_1_91' title='bbox 751 1553 845 1600; x_wconf 64' lang='lat' dir='ltr'>qua</span> <span class='ocrx_word' id='word_1_92' title='bbox 877 1542 1073 1585; x_wconf 66' lang='lat' dir='ltr'>clericas</span> <span class='ocrx_word' id='word_1_93' title='bbox 1106 1548 1189 1586; x_wconf 71' lang='lat' dir='ltr'>aut</span> <span class='ocrx_word' id='word_1_94' title='bbox 1213 1556 1242 1587; x_wconf 79' lang='lat' dir='ltr'><em>a</em></span> <span class='ocrx_word' id='word_1_95' title='bbox 1263 1545 1461 1598; x_wconf 70' lang='lat' dir='ltr'>suseepti</span> <span class='ocrx_word' id='word_1_96' title='bbox 1491 1543 1672 1587; x_wconf 74' lang='lat' dir='ltr'>ordinis</span> <span class='ocrx_word' id='word_1_97' title='bbox 1692 1546 1907 1587; x_wconf 69' lang='lat' dir='ltr'>exercitio</span> <span class='ocrx_word' id='word_1_98' title='bbox 1930 1550 2014 1588; x_wconf 61' lang='lat' dir='ltr'>aad</span> 
     </span>
     <span class='ocr_line' id='line_1_17' title="bbox 227 1626 2014 1684; baseline 0 -13"><span class='ocrx_word' id='word_1_99' title='bbox 227 1627 284 1671; x_wconf 76' lang='lat' dir='ltr'>ab</span> <span class='ocrx_word' id='word_1_100' title='bbox 316 1626 469 1684; x_wconf 78' lang='lat' dir='ltr'>officio</span> <span class='ocrx_word' id='word_1_101' title='bbox 502 1632 543 1670; x_wconf 73' lang='lat' dir='ltr'>et</span> <span class='ocrx_word' id='word_1_102' title='bbox 574 1640 662 1670; x_wconf 77' lang='lat' dir='ltr'>usu</span> <span class='ocrx_word' id='word_1_103' title='bbox 695 1626 1028 1670; x_wconf 63' lang='lat' dir='ltr'>ecclesiasticae</span> <span class='ocrx_word' id='word_1_104' title='bbox 1060 1626 1397 1669; x_wconf 66' lang='lat' dir='ltr'>imisdietz&#39;onis</span> <span class='ocrx_word' id='word_1_105' title='bbox 1429 1631 1511 1669; x_wconf 72' lang='lat' dir='ltr'>dut</span> <span class='ocrx_word' id='word_1_106' title='bbox 1534 1639 1563 1670; x_wconf 80' lang='lat' dir='ltr'><strong><em>a</em></strong></span> <span class='ocrx_word' id='word_1_107' title='bbox 1584 1626 1813 1684; x_wconf 79' lang='lat' dir='ltr'>beneficio,</span> <span class='ocrx_word' id='word_1_108' title='bbox 1842 1632 1924 1670; x_wconf 69' lang='lat' dir='ltr'>adt</span> <span class='ocrx_word' id='word_1_109' title='bbox 1957 1627 2014 1671; x_wconf 81' lang='lat' dir='ltr'>ab</span> 
     </span>
     <span class='ocr_line' id='line_1_18' title="bbox 227 1708 2014 1767; baseline -0.001 -12"><span class='ocrx_word' id='word_1_110' title='bbox 227 1712 440 1755; x_wconf 70' lang='lat' dir='ltr'>omnibns</span> <span class='ocrx_word' id='word_1_111' title='bbox 477 1710 548 1754; x_wconf 77' lang='lat' dir='ltr'>his</span> <span class='ocrx_word' id='word_1_112' title='bbox 579 1710 735 1764; x_wconf 66' lang='lat' dir='ltr'>simul,</span> <span class='ocrx_word' id='word_1_113' title='bbox 771 1709 898 1754; x_wconf 84' lang='lat' dir='ltr'>salvo</span> <span class='ocrx_word' id='word_1_114' title='bbox 936 1715 1094 1753; x_wconf 74' lang='lat' dir='ltr'>tamen</span> <span class='ocrx_word' id='word_1_115' title='bbox 1134 1708 1381 1765; x_wconf 70' lang='lat' dir='ltr'>privileyio</span> <span class='ocrx_word' id='word_1_116' title='bbox 1418 1710 1620 1753; x_wconf 75' lang='lat' dir='ltr'>Canonis</span> <span class='ocrx_word' id='word_1_117' title='bbox 1662 1715 1703 1752; x_wconf 76' lang='lat' dir='ltr'>et</span> <span class='ocrx_word' id='word_1_118' title='bbox 1749 1711 1877 1765; x_wconf 81' lang='lat' dir='ltr'>Fore&#39;,</span> <span class='ocrx_word' id='word_1_119' title='bbox 1909 1723 2014 1767; x_wconf 81' lang='lat' dir='ltr'>per-</span> 
     </span>
     <span class='ocr_line' id='line_1_19' title="bbox 226 1791 2015 1852; baseline -0.002 -13"><span class='ocrx_word' id='word_1_120' title='bbox 226 1801 362 1852; x_wconf 64' lang='lat' dir='ltr'>petuo</span> <span class='ocrx_word' id='word_1_121' title='bbox 395 1799 658 1837; x_wconf 69' lang='lat' dir='ltr'>removetur</span> <span class='ocrx_word' id='word_1_122' title='bbox 683 1794 711 1836; x_wconf 83' lang='lat'>¹.</span> <span class='ocrx_word' id='word_1_123' title='bbox 750 1793 876 1836; x_wconf 84' lang='lat' dir='ltr'>Unde</span> <span class='ocrx_word' id='word_1_124' title='bbox 910 1792 1077 1850; x_wconf 84' lang='lat' dir='ltr'>duplex</span> <span class='ocrx_word' id='word_1_125' title='bbox 1111 1806 1133 1835; x_wconf 93' lang='lat' dir='ltr'>a</span> <span class='ocrx_word' id='word_1_126' title='bbox 1162 1791 1430 1836; x_wconf 88' lang='lat' dir='ltr'>Doctoribus</span> <span class='ocrx_word' id='word_1_127' title='bbox 1463 1791 1775 1849; x_wconf 87' lang='lat' dir='ltr'>distinguitur,</span> <span class='ocrx_word' id='word_1_128' title='bbox 1812 1791 2015 1850; x_wconf 88' lang='lat' dir='ltr'>partialis</span> 
     </span>
     <span class='ocr_line' id='line_1_20' title="bbox 228 1877 517 1923; baseline -0.01 0"><span class='ocrx_word' id='word_1_129' title='bbox 228 1883 275 1923; x_wconf 89' lang='lat' dir='ltr'>et</span> <span class='ocrx_word' id='word_1_130' title='bbox 308 1877 463 1922; x_wconf 87' lang='lat' dir='ltr'>totalis</span> <span class='ocrx_word' id='word_1_131' title='bbox 486 1878 517 1920; x_wconf 71' lang='lat'>².</span> 
     </span>
    </p>

    <p class='ocr_par' dir='ltr' id='par_1_10' title="bbox 229 1957 2019 2687">
     <span class='ocr_line' id='line_1_21' title="bbox 349 1957 2017 2018; baseline -0.002 -13"><span class='ocrx_word' id='word_1_132' title='bbox 349 1962 419 2005; x_wconf 80' lang='lat'>95.</span> <span class='ocrx_word' id='word_1_133' title='bbox 462 1958 730 2018; x_wconf 88' lang='lat' dir='ltr'>Degradatio</span> <span class='ocrx_word' id='word_1_134' title='bbox 764 1963 920 2003; x_wconf 89' lang='lat' dir='ltr'>antem</span> <span class='ocrx_word' id='word_1_135' title='bbox 956 1962 1025 2003; x_wconf 87' lang='lat' dir='ltr'>est</span> <span class='ocrx_word' id='word_1_136' title='bbox 1058 1972 1203 2015; x_wconf 89' lang='lat' dir='ltr'>poena</span> <span class='ocrx_word' id='word_1_137' title='bbox 1237 1957 1564 2013; x_wconf 86' lang='lat' dir='ltr'>ecclesiastiea,</span> <span class='ocrx_word' id='word_1_138' title='bbox 1590 1971 1683 2015; x_wconf 80' lang='lat' dir='ltr'>qua</span> <span class='ocrx_word' id='word_1_139' title='bbox 1707 1958 1902 2002; x_wconf 73' lang='lat' dir='ltr'>clericus</span> <span class='ocrx_word' id='word_1_140' title='bbox 1933 1972 2017 2014; x_wconf 76' lang='lat' dir='ltr'>per</span> 
     </span>
     <span class='ocr_line' id='line_1_22' title="bbox 231 2041 2016 2099; baseline -0.002 -11"><span class='ocrx_word' id='word_1_141' title='bbox 231 2045 398 2088; x_wconf 71' lang='lat' dir='ltr'>iudicis</span> <span class='ocrx_word' id='word_1_142' title='bbox 429 2045 709 2087; x_wconf 70' lang='lat' dir='ltr'>sententiam</span> <span class='ocrx_word' id='word_1_143' title='bbox 737 2043 904 2086; x_wconf 74' lang='lat' dir='ltr'>ordine</span> <span class='ocrx_word' id='word_1_144' title='bbox 936 2048 977 2085; x_wconf 76' lang='lat' dir='ltr'>et</span> <span class='ocrx_word' id='word_1_145' title='bbox 1012 2055 1206 2084; x_wconf 69' lang='lat' dir='ltr'>numere</span> <span class='ocrx_word' id='word_1_146' title='bbox 1238 2041 1461 2096; x_wconf 77' lang='lat' dir='ltr'>clericali,</span> <span class='ocrx_word' id='word_1_147' title='bbox 1496 2041 1698 2099; x_wconf 77' lang='lat' dir='ltr'>adeoque</span> <span class='ocrx_word' id='word_1_148' title='bbox 1729 2047 1769 2084; x_wconf 76' lang='lat' dir='ltr'>ec</span> <span class='ocrx_word' id='word_1_149' title='bbox 1801 2041 2016 2099; x_wconf 74' lang='lat' dir='ltr'>beneficio</span> 
     </span>
     <span class='ocr_line' id='line_1_23' title="bbox 229 2124 2017 2185; baseline -0.003 -14"><span class='ocrx_word' id='word_1_150' title='bbox 229 2135 270 2171; x_wconf 76' lang='lat' dir='ltr'>et</span> <span class='ocrx_word' id='word_1_151' title='bbox 302 2127 470 2185; x_wconf 75' lang='lat' dir='ltr'>officio,</span> <span class='ocrx_word' id='word_1_152' title='bbox 504 2132 727 2183; x_wconf 72' lang='lat' dir='ltr'>perpetuo</span> <span class='ocrx_word' id='word_1_153' title='bbox 764 2128 1014 2182; x_wconf 73' lang='lat' dir='ltr'>privatur,</span> <span class='ocrx_word' id='word_1_154' title='bbox 1051 2125 1281 2183; x_wconf 69' lang='lat' dir='ltr'>simulque</span> <span class='ocrx_word' id='word_1_155' title='bbox 1320 2125 1487 2169; x_wconf 72' lang='lat' dir='ltr'>Curiae</span> <span class='ocrx_word' id='word_1_156' title='bbox 1527 2124 1766 2168; x_wconf 72' lang='lat' dir='ltr'>saeculari</span> <span class='ocrx_word' id='word_1_157' title='bbox 1807 2124 2017 2168; x_wconf 72' lang='lat' dir='ltr'>traditur</span> 
     </span>
     <span class='ocr_line' id='line_1_24' title="bbox 230 2207 2013 2270; baseline -0.004 -13"><span class='ocrx_word' id='word_1_158' title='bbox 230 2225 375 2270; x_wconf 64' lang='lat' dir='ltr'>eaque</span> <span class='ocrx_word' id='word_1_159' title='bbox 409 2211 662 2255; x_wconf 69' lang='lat' dir='ltr'>traditione</span> <span class='ocrx_word' id='word_1_160' title='bbox 691 2212 797 2254; x_wconf 75' lang='lat' dir='ltr'>Fori</span> <span class='ocrx_word' id='word_1_161' title='bbox 817 2216 858 2254; x_wconf 75' lang='lat' dir='ltr'>et</span> <span class='ocrx_word' id='word_1_162' title='bbox 885 2211 1087 2253; x_wconf 77' lang='lat' dir='ltr'>Ccmonz&#39;s</span> <span class='ocrx_word' id='word_1_163' title='bbox 1110 2209 1357 2265; x_wconf 69' lang='lat' dir='ltr'>privileqz&#39;o</span> <span class='ocrx_word' id='word_1_164' title='bbox 1388 2208 1620 2264; x_wconf 69' lang='lat' dir='ltr'>spoliatur</span> <span class='ocrx_word' id='word_1_165' title='bbox 1643 2207 1671 2252; x_wconf 70' lang='lat'>³.</span> <span class='ocrx_word' id='word_1_166' title='bbox 1707 2207 1834 2260; x_wconf 85' lang='lat' dir='ltr'>Quod</span> <span class='ocrx_word' id='word_1_167' title='bbox 1857 2211 2013 2251; x_wconf 89' lang='lat' dir='ltr'>autem</span> 
     </span>
     <span class='ocr_line' id='line_1_25' title="bbox 231 2289 2016 2349; baseline -0.004 -10"><span class='ocrx_word' id='word_1_168' title='bbox 231 2309 256 2339; x_wconf 90' lang='lat' dir='ltr'>a</span> <span class='ocrx_word' id='word_1_169' title='bbox 290 2294 400 2338; x_wconf 90' lang='lat' dir='ltr'>iuris</span> <span class='ocrx_word' id='word_1_170' title='bbox 434 2293 644 2338; x_wconf 89' lang='lat' dir='ltr'>canonici</span> <span class='ocrx_word' id='word_1_171' title='bbox 679 2292 978 2349; x_wconf 81' lang='lat' dir='ltr'>scriptoribus</span> <span class='ocrx_word' id='word_1_172' title='bbox 1010 2292 1178 2349; x_wconf 81' lang='lat' dir='ltr'>duplex</span> <span class='ocrx_word' id='word_1_173' title='bbox 1201 2290 1463 2348; x_wconf 87' lang='lat' dir='ltr'>degradatio</span> <span class='ocrx_word' id='word_1_174' title='bbox 1496 2289 1795 2348; x_wconf 87' lang='lat' dir='ltr'>distinguitur</span> <span class='ocrx_word' id='word_1_175' title='bbox 1815 2290 2016 2334; x_wconf 70' lang='lat' dir='ltr'>verbalis</span> 
     </span>
     <span class='ocr_line' id='line_1_26' title="bbox 233 2373 2015 2435; baseline -0.004 -12"><span class='ocrx_word' id='word_1_176' title='bbox 233 2384 279 2424; x_wconf 90' lang='lat' dir='ltr'>et</span> <span class='ocrx_word' id='word_1_177' title='bbox 310 2379 466 2432; x_wconf 78' lang='lat' dir='ltr'>realis,</span> <span class='ocrx_word' id='word_1_178' title='bbox 499 2378 540 2422; x_wconf 87' lang='lat' dir='ltr'>id</span> <span class='ocrx_word' id='word_1_179' title='bbox 566 2378 628 2422; x_wconf 83' lang='lat' dir='ltr'>ita</span> <span class='ocrx_word' id='word_1_180' title='bbox 662 2377 934 2434; x_wconf 88' lang='lat' dir='ltr'>intelligitur</span> <span class='ocrx_word' id='word_1_181' title='bbox 966 2376 1085 2435; x_wconf 88' lang='lat' dir='ltr'>quod</span> <span class='ocrx_word' id='word_1_182' title='bbox 1109 2375 1307 2420; x_wconf 82' lang='lat' dir='ltr'>verbalis</span> <span class='ocrx_word' id='word_1_183' title='bbox 1339 2375 1511 2419; x_wconf 92' lang='lat' dir='ltr'>indicet</span> <span class='ocrx_word' id='word_1_184' title='bbox 1543 2375 1685 2419; x_wconf 91' lang='lat' dir='ltr'>solam</span> <span class='ocrx_word' id='word_1_185' title='bbox 1721 2373 1882 2418; x_wconf 87' lang='lat' dir='ltr'>iudicis</span> <span class='ocrx_word' id='word_1_186' title='bbox 1914 2386 2015 2417; x_wconf 87' lang='lat' dir='ltr'>sen-</span> 
     </span>
     <span class='ocr_line' id='line_1_27' title="bbox 231 2456 2016 2517; baseline -0.004 -10"><span class='ocrx_word' id='word_1_187' title='bbox 231 2462 447 2517; x_wconf 84' lang='lat' dir='ltr'>tentiam,</span> <span class='ocrx_word' id='word_1_188' title='bbox 474 2461 609 2506; x_wconf 88' lang='lat' dir='ltr'>realis</span> <span class='ocrx_word' id='word_1_189' title='bbox 641 2463 895 2506; x_wconf 91' lang='lat' dir='ltr'>solemnem</span> <span class='ocrx_word' id='word_1_190' title='bbox 926 2460 1128 2504; x_wconf 89' lang='lat' dir='ltr'>eiusdem</span> <span class='ocrx_word' id='word_1_191' title='bbox 1165 2459 1488 2504; x_wconf 87' lang='lat' dir='ltr'>executionem</span> <span class='ocrx_word' id='word_1_192' title='bbox 1513 2458 1544 2502; x_wconf 49' lang='grc' dir='ltr'>Δ.</span> <span class='ocrx_word' id='word_1_193' title='bbox 1583 2462 1810 2512; x_wconf 85' lang='lat' dir='ltr'>Iamvero,</span> <span class='ocrx_word' id='word_1_194' title='bbox 1835 2456 2016 2501; x_wconf 85' lang='lat' dir='ltr'>omissis</span> 
     </span>
     <span class='ocr_line' id='line_1_28' title="bbox 233 2538 2016 2603; baseline -0.006 -12"><span class='ocrx_word' id='word_1_195' title='bbox 233 2546 603 2592; x_wconf 87' lang='lat' dir='ltr'>solemnitatibus</span> <span class='ocrx_word' id='word_1_196' title='bbox 656 2544 940 2603; x_wconf 80' lang='lat' dir='ltr'>funestisque</span> <span class='ocrx_word' id='word_1_197' title='bbox 994 2542 1299 2588; x_wconf 85' lang='lat' dir='ltr'>caeremoniis</span> <span class='ocrx_word' id='word_1_198' title='bbox 1345 2540 1510 2600; x_wconf 88' lang='lat' dir='ltr'>quibus</span> <span class='ocrx_word' id='word_1_199' title='bbox 1552 2538 1705 2598; x_wconf 86' lang='lat' dir='ltr'>perfici</span> <span class='ocrx_word' id='word_1_200' title='bbox 1753 2538 2016 2596; x_wconf 84' lang='lat' dir='ltr'>degradatio</span> 
     </span>
     <span class='ocr_line' id='line_1_29' title="bbox 233 2620 2019 2687; baseline -0.006 -14"><span class='ocrx_word' id='word_1_201' title='bbox 233 2629 384 2684; x_wconf 90' lang='lat' dir='ltr'>dehet,</span> <span class='ocrx_word' id='word_1_202' title='bbox 410 2628 575 2687; x_wconf 88' lang='lat' dir='ltr'>quippe</span> <span class='ocrx_word' id='word_1_203' title='bbox 608 2641 725 2686; x_wconf 85' lang='lat' dir='ltr'>quae</span> <span class='ocrx_word' id='word_1_204' title='bbox 750 2626 835 2683; x_wconf 84' lang='lat' dir='ltr'>legi</span> <span class='ocrx_word' id='word_1_205' title='bbox 862 2629 1054 2684; x_wconf 87' lang='lat' dir='ltr'>possunt</span> <span class='ocrx_word' id='word_1_206' title='bbox 1077 2624 1122 2668; x_wconf 94' lang='lat' dir='ltr'>in</span> <span class='ocrx_word' id='word_1_207' title='bbox 1149 2623 1402 2668; x_wconf 86' lang='lat' dir='ltr'>Pontitieali</span> <span class='ocrx_word' id='word_1_208' title='bbox 1429 2627 1651 2676; x_wconf 85' lang='lat' dir='ltr'>Romano,</span> <span class='ocrx_word' id='word_1_209' title='bbox 1677 2622 1790 2665; x_wconf 87' lang='lat' dir='ltr'>haec</span> <span class='ocrx_word' id='word_1_210' title='bbox 1815 2620 2019 2664; x_wconf 83' lang='lat' dir='ltr'>breviter</span> 
     </span>
    </p>
   </div>
   <div class='ocr_carea' id='block_1_10' title="bbox 234 2754 2018 3086">
    <p class='ocr_par' dir='ltr' id='par_1_11' title="bbox 354 2754 1315 2804">
     <span class='ocr_line' id='line_1_30' title="bbox 354 2754 1315 2804; baseline -0.006 -8"><span class='ocrx_word' id='word_1_211' title='bbox 354 2760 362 2778; x_wconf 91' lang='lat'>¹</span> <span class='ocrx_word' id='word_1_212' title='bbox 393 2759 527 2796; x_wconf 79' lang='lat' dir='ltr'>Bened.</span> <span class='ocrx_word' id='word_1_213' title='bbox 555 2758 643 2795; x_wconf 86' lang='lat' dir='ltr'>XIV</span> <span class='ocrx_word' id='word_1_214' title='bbox 668 2759 712 2794; x_wconf 86' lang='lat' dir='ltr'>de</span> <span class='ocrx_word' id='word_1_215' title='bbox 740 2758 827 2804; x_wconf 74' lang='lat' dir='ltr'>Syn.</span> <span class='ocrx_word' id='word_1_216' title='bbox 854 2758 979 2793; x_wconf 88' lang='lat' dir='ltr'>Dioec.</span> <span class='ocrx_word' id='word_1_217' title='bbox 1006 2756 1028 2792; x_wconf 91' lang='lat' dir='ltr'>l.</span> <span class='ocrx_word' id='word_1_218' title='bbox 1056 2756 1119 2798; x_wconf 83' lang='lat' dir='ltr'>IX,</span> <span class='ocrx_word' id='word_1_219' title='bbox 1147 2765 1225 2801; x_wconf 88' lang='lat' dir='ltr'>cap.</span> <span class='ocrx_word' id='word_1_220' title='bbox 1252 2754 1315 2790; x_wconf 87' lang='lat' dir='ltr'>VI.</span> 
     </span>
    </p>

    <p class='ocr_par' dir='ltr' id='par_1_12' title="bbox 234 2822 2018 2950">
     <span class='ocr_line' id='line_1_31' title="bbox 355 2822 2018 2874; baseline -0.006 -7"><span class='ocrx_word' id='word_1_221' title='bbox 355 2831 367 2849; x_wconf 81' lang='lat'><strong>²</strong></span> <span class='ocrx_word' id='word_1_222' title='bbox 395 2831 615 2866; x_wconf 74' lang='lat' dir='ltr'>RElFFENST.</span> <span class='ocrx_word' id='word_1_223' title='bbox 643 2829 694 2865; x_wconf 83' lang='lat' dir='ltr'>tit.</span> <span class='ocrx_word' id='word_1_224' title='bbox 714 2829 758 2865; x_wconf 84' lang='lat' dir='ltr'>de</span> <span class='ocrx_word' id='word_1_225' title='bbox 787 2828 914 2874; x_wconf 86' lang='lat' dir='ltr'>poenis</span> <span class='ocrx_word' id='word_1_226' title='bbox 942 2838 975 2863; x_wconf 91' lang='lat' dir='ltr'>n.</span> <span class='ocrx_word' id='word_1_227' title='bbox 996 2827 1053 2871; x_wconf 74' lang='lat'>25,</span> <span class='ocrx_word' id='word_1_228' title='bbox 1079 2827 1142 2872; x_wconf 84' lang='lat' dir='ltr'>qui</span> <span class='ocrx_word' id='word_1_229' title='bbox 1162 2826 1272 2870; x_wconf 75' lang='lat' dir='ltr'>etiam</span> <span class='ocrx_word' id='word_1_230' title='bbox 1294 2830 1391 2861; x_wconf 85' lang='lat' dir='ltr'>recte</span> <span class='ocrx_word' id='word_1_231' title='bbox 1417 2824 1527 2867; x_wconf 80' lang='lat' dir='ltr'>addit,</span> <span class='ocrx_word' id='word_1_232' title='bbox 1547 2833 1582 2859; x_wconf 90' lang='lat' dir='ltr'>n.</span> <span class='ocrx_word' id='word_1_233' title='bbox 1604 2822 1660 2866; x_wconf 77' lang='lat'>25,</span> <span class='ocrx_word' id='word_1_234' title='bbox 1682 2823 1718 2858; x_wconf 91' lang='lat' dir='ltr'>in</span> <span class='ocrx_word' id='word_1_235' title='bbox 1738 2823 1781 2859; x_wconf 90' lang='lat' dir='ltr'>iis</span> <span class='ocrx_word' id='word_1_236' title='bbox 1801 2822 1961 2864; x_wconf 80' lang='lat' dir='ltr'>casibus,</span> <span class='ocrx_word' id='word_1_237' title='bbox 1982 2822 2018 2857; x_wconf 91' lang='lat' dir='ltr'>in</span> 
     </span>
     <span class='ocr_line' id='line_1_32' title="bbox 234 2892 2018 2950; baseline -0.006 -10"><span class='ocrx_word' id='word_1_238' title='bbox 234 2903 369 2950; x_wconf 84' lang='lat' dir='ltr'>quibus</span> <span class='ocrx_word' id='word_1_239' title='bbox 389 2901 632 2947; x_wconf 78' lang='lat' dir='ltr'>depositionis</span> <span class='ocrx_word' id='word_1_240' title='bbox 651 2909 773 2946; x_wconf 83' lang='lat' dir='ltr'>poena</span> <span class='ocrx_word' id='word_1_241' title='bbox 791 2899 1008 2944; x_wconf 84' lang='lat' dir='ltr'>simpliciter</span> <span class='ocrx_word' id='word_1_242' title='bbox 1030 2904 1065 2935; x_wconf 82' lang='lat' dir='ltr'>et</span> <span class='ocrx_word' id='word_1_243' title='bbox 1082 2899 1163 2935; x_wconf 86' lang='lat' dir='ltr'>sine</span> <span class='ocrx_word' id='word_1_244' title='bbox 1182 2897 1306 2934; x_wconf 87' lang='lat' dir='ltr'>addito</span> <span class='ocrx_word' id='word_1_245' title='bbox 1326 2897 1364 2932; x_wconf 89' lang='lat' dir='ltr'>in</span> <span class='ocrx_word' id='word_1_246' title='bbox 1385 2897 1460 2932; x_wconf 87' lang='lat' dir='ltr'>iure</span> <span class='ocrx_word' id='word_1_247' title='bbox 1479 2895 1661 2937; x_wconf 80' lang='lat' dir='ltr'>statuitur,</span> <span class='ocrx_word' id='word_1_248' title='bbox 1681 2894 1828 2930; x_wconf 83' lang='lat' dir='ltr'>totalem</span> <span class='ocrx_word' id='word_1_249' title='bbox 1851 2892 2018 2938; x_wconf 83' lang='lat' dir='ltr'>intelligi.</span> 
     </span>
    </p>

    <p class='ocr_par' dir='ltr' id='par_1_13' title="bbox 355 2968 1421 3013">
     <span class='ocr_line' id='line_1_33' title="bbox 355 2968 1421 3013; baseline -0.006 -4"><span class='ocrx_word' id='word_1_250' title='bbox 355 2973 368 2992; x_wconf 78' lang='lat'>³</span> <span class='ocrx_word' id='word_1_251' title='bbox 395 2974 615 3009; x_wconf 62' lang='lat' dir='ltr'>Rmrrssrtsr.</span> <span class='ocrx_word' id='word_1_252' title='bbox 643 2972 665 3008; x_wconf 93' lang='lat' dir='ltr'>l.</span> <span class='ocrx_word' id='word_1_253' title='bbox 692 2982 712 3008; x_wconf 90' lang='lat' dir='ltr'>c</span> <span class='ocrx_word' id='word_1_254' title='bbox 749 2982 784 3007; x_wconf 92' lang='lat' dir='ltr'>n.</span> <span class='ocrx_word' id='word_1_255' title='bbox 812 2971 868 3013; x_wconf 69' lang='lat'>52,</span> <span class='ocrx_word' id='word_1_256' title='bbox 897 2970 1135 3006; x_wconf 70' lang='lat' dir='ltr'>SenMxLzor..</span> <span class='ocrx_word' id='word_1_257' title='bbox 1163 2968 1250 3005; x_wconf 87' lang='lat' dir='ltr'>ibid.</span> <span class='ocrx_word' id='word_1_258' title='bbox 1277 2979 1312 3004; x_wconf 91' lang='lat' dir='ltr'>n.</span> <span class='ocrx_word' id='word_1_259' title='bbox 1342 2968 1421 3004; x_wconf 83' lang='lat'>158.</span> 
     </span>
    </p>

    <p class='ocr_par' dir='ltr' id='par_1_14' title="bbox 356 3040 1298 3086">
     <span class='ocr_line' id='line_1_34' title="bbox 356 3040 1298 3086; baseline -0.006 -4"><span class='ocrx_word' id='word_1_260' title='bbox 356 3044 370 3065; x_wconf 72' lang='lat'>⁸</span> <span class='ocrx_word' id='word_1_261' title='bbox 397 3046 632 3082; x_wconf 70' lang='lat' dir='ltr'>SchALan.</span> <span class='ocrx_word' id='word_1_262' title='bbox 661 3044 682 3080; x_wconf 93' lang='lat' dir='ltr'>l.</span> <span class='ocrx_word' id='word_1_263' title='bbox 711 3052 742 3079; x_wconf 86' lang='lat' dir='ltr'>c.</span> <span class='ocrx_word' id='word_1_264' title='bbox 769 3043 903 3079; x_wconf 86' lang='lat' dir='ltr'>Bened.</span> <span class='ocrx_word' id='word_1_265' title='bbox 933 3041 1018 3077; x_wconf 84' lang='lat' dir='ltr'>XIV</span> <span class='ocrx_word' id='word_1_266' title='bbox 1045 3042 1087 3077; x_wconf 82' lang='lat' dir='ltr'>de</span> <span class='ocrx_word' id='word_1_267' title='bbox 1109 3041 1190 3086; x_wconf 73' lang='lat' dir='ltr'>Syn.</span> <span class='ocrx_word' id='word_1_268' title='bbox 1218 3040 1239 3077; x_wconf 90' lang='lat' dir='ltr'>l.</span> <span class='ocrx_word' id='word_1_269' title='bbox 1266 3051 1298 3076; x_wconf 86' lang='lat' dir='ltr'>c.</span> 
     </span>
    </p>
   </div>
   <div class='ocr_carea' id='block_1_11' title="bbox 2054 0 2176 825">
    <p class='ocr_par' dir='ltr' id='par_1_15' title="bbox 2054 0 2176 825">
     <span class='ocr_line' id='line_1_35' title="bbox 2054 0 2176 825; baseline 0 0"><span class='ocrx_word' id='word_1_270' title='bbox 2054 0 2176 825; x_wconf 95' lang='lat' dir='ltr'> </span> 
     </span>
    </p>
   </div>
  </div>
 </body>
</html>
