2176 3386
284 152 337 192 20
929 169 1038 198 PARS
1067 171 1092 199 1.
1126 171 1183 199 DE
1213 171 1424 201 masonis

402 271 474 316 28.
519 276 676 326 Quoad
721 273 928 332 Angliam
972 276 1213 321 decretum
1257 292 1282 322 a
1324 282 1365 323 S.
1413 281 1774 338 congregatione
1815 284 1960 330 latum
1994 291 2064 331 est

281 367 406 398 anno
443 354 554 400 1852
586 355 657 400 die
691 357 741 401 21
782 357 959 415 Aprilis,
1004 360 1060 402 Ut
1102 360 1321 405 ecclesiae
1368 362 1553 406 noviter
1593 378 1671 422 per
1712 367 2063 413 sanctissimum

286 440 336 481 1).
374 441 426 482 N.
466 439 511 482 in
547 439 734 497 Angliae
769 455 908 498 regno
941 442 1221 487 constitutae
1257 444 1401 502 magis
1437 445 1482 489 in
1518 446 1614 491 dies
1635 447 1847 503 floreant,
1883 450 2062 495 iisdem·

283 534 370 579 que
405 522 645 568 Antistites
678 523 844 581 iugiter
891 524 1217 582 praeficiantur
1262 527 1339 585 qui
1384 528 1508 573 vitae
1556 530 1795 587 probitate,
1836 533 2061 589 doctrina,

282 606 379 649 zelo
411 620 464 650 ac
498 607 738 664 prudentia
772 608 1096 666 spectatissimi
1131 610 1354 666 existant,
1394 618 1786 671 peropportunum
1812 615 1963 660 visum
1997 620 2065 660 est

285 687 322 731 si
355 690 412 732 ab
444 689 765 735 ecclesiasticis
799 690 909 734 viris
942 691 1019 750 qui
1053 693 1194 737 sacris
1216 693 1438 738 obeundis
1481 697 1747 742 muneribus
1793 698 1913 742 inter
1953 699 2064 744 alios

283 773 614 829 praestiterint,
654 773 943 830 potissimum
989 789 1096 819 vero
1144 776 1409 821 testimonio
1455 778 1779 836 Episcoporum
1828 795 1907 838 pro
1948 786 2061 825 tem-

283 869 390 912 pore
423 856 741 911 existentium,
768 858 977 900 nonnulli
1015 858 1296 915 Apostolicae
1331 860 1431 904 sedi
1466 863 1853 907 commendentur
1885 878 1942 908 ex
1965 864 2063 923 qui-

283 939 365 984 bus
398 942 556 985 vadem
590 942 645 985 ad
679 941 983 999 episcopalem
1018 942 1227 999 gradum,
1262 958 1399 1002 quem
1427 946 1572 1002 magis
1590 945 1803 990 idoneum
1829 947 2062 991 censuerit

282 1022 446 1080 eligere
482 1025 647 1068 valeat.

401 1108 749 1152 Commendatio
786 1122 894 1153 vero
928 1108 1187 1154 huiusmodi
1224 1110 1342 1154 tanti
1378 1111 1601 1155 momenti
1635 1125 1732 1156 esse
1768 1113 1987 1168 noscitur,
2013 1118 2063 1158 ut

282 1189 499 1248 inspectis
518 1191 997 1235 animadversionibus
1014 1192 1070 1237 ab
1093 1193 1201 1238 Emo
1220 1198 1266 1237 et
1287 1194 1400 1238 Bmo
1427 1199 1474 1238 υ.
1503 1195 1687 1240 Nicolao
1711 1197 1751 1239 S.
1781 1199 1830 1240 R.
1858 1200 1902 1240 E.
1930 1197 2057 1241 Card.

287 1275 538 1329 Wiseman,
573 1288 626 1318 ac
663 1278 752 1319 RR.
793 1278 871 1320 PP.
914 1279 1000 1319 DD.
1042 1276 1270 1334 Episcopis
1305 1276 1490 1333 Angliae
1525 1277 1727 1333 redditis,
1763 1292 1817 1323 ac
1851 1293 1896 1322 re
1926 1291 2060 1323 accu-

282 1363 378 1402 rate
412 1372 651 1416 perpensa,
688 1360 728 1401 S.
766 1362 811 1402 C.
849 1358 903 1401 de
939 1362 1067 1416 Prop.
1107 1358 1212 1403 Fide
1246 1359 1292 1402 in
1327 1360 1525 1416 generali
1551 1365 1786 1404 conventu
1812 1360 1966 1405 habito
1989 1361 2060 1405 die

281 1443 306 1486 5
342 1442 504 1500 Aprilis
542 1442 650 1486 1852
686 1441 901 1499 peculiari
936 1441 1242 1486 instructione
1278 1443 1543 1487 methodum
1579 1444 1920 1501 proponendam
1954 1457 2059 1488 cen-

279 1526 437 1570 suerit.

397 1614 509 1655 Cum
547 1609 789 1667 Episcopus
827 1614 897 1653 est
938 1609 1307 1664 constituemlus,
1351 1609 1666 1667 capitulariter
1710 1608 1981 1666 dignitarius
2013 1612 2059 1652 et

280 1694 491 1738 canonici
528 1692 646 1737 illius
678 1693 897 1737 eeclesiae
940 1693 1242 1746 conveniant,
1282 1692 1493 1750 precibus
1534 1693 1588 1736 de
1634 1707 1760 1736 more
1802 1691 2061 1748 praemissis

279 1792 332 1822 ac
368 1777 585 1834 praestito
620 1776 880 1820 iuramento
913 1776 966 1818 de
1000 1780 1177 1819 secreto
1213 1776 1460 1830 servando,
1497 1775 1641 1819 tribus
1685 1774 1861 1820 vicibus
1899 1775 2056 1818 suffra·

278 1860 348 1918 gia
383 1861 592 1904 ferantur
627 1860 745 1903 circa
783 1872 1000 1916 personas
1034 1861 1074 1901 S.
1104 1858 1202 1902 Sedi
1232 1858 1373 1901 veluti
1399 1858 1629 1914 digniores
1652 1858 2056 1902 commendandas

279 1944 321 1988 Si
356 1943 401 1987 in
436 1944 586 2000 aliqua
621 1957 677 1986 ex
714 1941 858 1985 tribus
894 1941 1069 1985 vicibus
1105 1941 1149 1984 in
1186 1942 1394 1985 favorem
1440 1941 1609 1985 nullius
1651 1940 1802 1984 adsint
1844 1940 2057 1998 suffragia

279 2031 348 2071 tot
382 2040 575 2070 numero
608 2039 724 2084 quae
759 2024 987 2068 excedant
1020 2023 1242 2068 maiorem
1278 2028 1454 2081 partem
1489 2037 1675 2077 vocum,
1727 2027 1856 2066 actus
1890 2023 2059 2066 nullius

280 2110 503 2155 momenti
537 2109 707 2163 existat
738 2113 876 2166 atque
911 2109 1077 2151 iterum
1110 2106 1323 2164 suffragia
1357 2107 1580 2151 ferantur.

400 2198 539 2238 Actus
570 2190 834 2249 capitularis
868 2191 952 2235 rite
986 2190 1241 2248 descriptus
1273 2195 1410 2248 atque
1434 2189 1715 2245 obsignatus,
1741 2188 2056 2233 transmitten-

278 2278 362 2322 dus
394 2276 482 2321 erit
514 2277 568 2320 ad
604 2274 1005 2333 Archiepiscopum
1044 2275 1114 2317 vel
1149 2274 1203 2317 ad
1237 2274 1579 2330 suffraganeum
1615 2272 1942 2332 antiquiorem,
1980 2287 2056 2317 va-

278 2363 414 2404 cante
448 2359 553 2404 sede
586 2357 978 2415 archiepiscopali,
1015 2357 1085 2401 vel
1122 2356 1156 2399 si
1200 2356 1254 2401 de
1294 2356 1674 2401 commendandis
1717 2356 1771 2400 ad
1806 2356 1952 2413 ipsum
1987 2369 2056 2400 ar-

278 2443 668 2501 chiepiscopatum
703 2446 881 2498 agatur,
917 2445 967 2483 ut
1000 2446 1159 2484 coetus
1191 2439 1476 2498 episcopalis,
1512 2439 1715 2484 consiliis
1738 2439 1912 2484 collatis
1934 2439 2054 2484 circa

277 2526 364 2570 tria
400 2524 588 2569 nomina
621 2523 908 2582 alphabetico
953 2523 1141 2567 nomine
1180 2523 1424 2581 descripta,
1471 2537 1587 2582 qnae
1621 2523 1666 2566 in
1707 2522 1896 2580 singulis
1931 2528 2055 2567 vota-

279 2607 479 2652 tionibus
514 2607 733 2651 maiorem
782 2606 1103 2662 suffragiorum
1146 2611 1322 2663 partem
1366 2605 1651 2650 obtinuerint
1682 2605 1735 2650 ad
1771 2609 1812 2650 S.
1849 2608 1894 2650 C.
1943 2608 2055 2650 refe-

269 2695 399 2745 rant,
434 2703 655 2748 suamque
688 2688 952 2746 opinionem
990 2688 1188 2744 tradant,
1214 2688 1485 2733 transmisso
1509 2688 1648 2732 etiam
1674 2687 1768 2745 ipso
1787 2687 2054 2733 authentico

278 2772 517 2830 capitulari
551 2777 674 2816 actu.

400 2860 591 2899 Demum
626 2869 730 2899 cum
766 2854 1032 2911 contingere
1065 2854 1310 2912 aliquando
1346 2853 1485 2909 possit
1518 2858 1567 2896 ut
1600 2852 1810 2898 canonici
1852 2853 2054 2910 legitime

280 2939 590 2997 impediantur
623 2952 679 2982 ne
712 2937 766 2982 ad
801 2938 1070 2996 capitulum,
1108 2937 1155 2980 in
1188 2951 1277 2996 quo
1305 2936 1583 3005 vhuiusmodi
1625 2935 1720 2980 lieri
1759 2937 1894 2981 debet
1930 2950 2053 2981 com-

279 3022 530 3079 mendatio,
559 3021 798 3077 accedant,
834 3020 1014 3066 censuit
1047 3023 1086 3064 S.
1120 3023 1164 3065 C.
1189 3019 1499 3064 admittendos
1521 3023 1633 3064 tunc
1660 3032 1757 3064 esse
1786 3019 2052 3064 eorumdem
