2176 3386
1830 157 1908 197 155

277 329 509 371 NOMINA
541 327 826 370 LOCORUM
1010 273 1016 426 1
1339 327 1622 387 NOTANQA

150 480 183 516 4.
209 478 487 515 Bostoniensis.

148 565 181 611 5.
210 572 483 618 oregonensis.

149 669 182 706 6.
210 667 535 706 Milwaukiensis.

146 765 181 800 7.
208 762 518 799 Cincinnatensis
533 763 699 807 excepta
713 762 880 799 dioecesi
895 762 981 798 Vin·

266 810 490 855 oipolitana.

147 907 180 942 8,
207 906 243 942 S,
270 905 466 942 Ludovjci¹
1052 902 1212 940 Exceptis
1245 902 1389 944 civitate
1423 904 1454 932 S.
1485 900 1660 942 Ludovici'
1676 904 1711 930 et
1734 901 1815 931 aliis
1836 902 1909 939 qui-

1088 938 1235 968 busdam
1256 938 1342 968 locis
1363 946 1470 975 supra
1491 940 1693 967 nominatis.

144 1014 181 1049 9,
207 1013 482 1058 Οῂῑοᾶἕῑθῃὸῇε,
1053 1008 1212 1045 Exceptis
1233 1007 1317 1037 locis
1338 1008 1548 1049 quibusdam
1564 1009 1734 1038 dioecesis
1749 1009 1910 1039 Altonen-

1088 1044 1136 1074 sis
1158 1051 1266 1081 supra
1287 1043 1462 1074 indicatis.

975 1224 1046 1264 III.

392 1356 505 1385 LOCA
535 1357 577 1385 IN
609 1358 764 1392 QUIBUS
795 1340 1047 1388 DUBITATUR
1077 1359 1132 1387 AN
1164 1360 1439 1389 PUBLICATUM
1471 1361 1643 1389 FUERIT.

152 1632 181 1669 l.
208 1634 358 1667 Brema.
1058 1635 1094 1662 In
1115 1634 1252 1662 Circulo
1273 1634 1443 1663 saxoniae
1464 1634 1642 1664 inferioris
1662 1638 1739 1672 post
1753 1643 1913 1672 congres-

1093 1677 1170 1698 sum
1192 1670 1358 1699 viennen.
1379 1677 1436 1699 an.
1457 1671 1527 1699 1815
1548 1671 1662 1700 libera
1684 1672 1876 1701 declarata.

146 1742 181 1777 2.
210 1741 395 1777 valachia
420 1741 502 1777 fere
528 1743 625 1778 tota.
1057 1743 1104 1769 Ex
1126 1742 1158 1770 S·
1180 1743 1304 1777 congr.
1325 1743 1423 1778 prop.
1446 1741 1519 1771 Fid-

148 1836 182 1873 3.
207 1836 403 1881 Bulgaria.
1058 1837 1248 1873 Praecipue
1268 1837 1303 1865 in
1325 1837 1436 1866 Dioec.
1458 1838 1609 1874 Sophiae
1638 1846 1678 1867 ex
1705 1841 1800 1868 Decr.
1823 1841 1855 1868 S.
1877 1842 1913 1869 Ο.

1093 1875 1124 1901 31
1147 1873 1298 1909 Augusti
1321 1874 1399 1902 1758.

208 1978 290 2007 Heio
309 1977 496 2007 adiicimus
516 1986 557 2008 ea
577 1979 652 2008 loca
673 1981 833 2016 Europae
846 2002 854 2015 ,
875 1980 911 2009 in
931 1980 1059 2021 quibus
1080 1980 1241 2017 quamvis
1263 1988 1330 2010 non
1351 1984 1489 2011 constet
1509 1982 1550 2011 de
1573 1982 1759 2012 tridentini
1780 1983 1913 2013 decreti

125 2014 422 2050 promulgatione,
443 2016 561 2044 tamen
583 2018 747 2044 servatur
761 2018 802 2045 ut
815 2016 955 2045 concilii
975 2016 1155 2045 decretum
1172 2017 1216 2046 ab
1230 2017 1526 2050 immemorabili:
1548 2025 1617 2054 quo
1637 2018 1678 2047 fit
1698 2021 1738 2047 ut
1751 2019 1914 2056 legitima

121 2049 264 2088 quidem
285 2057 346 2078 seu
368 2049 482 2079 valida
503 2051 703 2080 habeantur
729 2051 803 2080 illic
826 2052 1005 2081 celebrata
1030 2053 1205 2082 connubia
1231 2052 1304 2081 sive
1325 2060 1345 2082 a
1365 2053 1602 2083 schismaticis
1628 2058 1692 2083 aut
1725 2054 1913 2084 haereticis

125 2086 220 2114 mter
240 2092 288 2120 se,
309 2085 382 2114 sive
398 2086 576 2126 connubia
595 2086 717 2123 mixta,
738 2087 837 2117 nulla
850 2095 933 2117 vero
952 2095 992 2117 ac
1007 2088 1113 2117 irrita
1132 2088 1204 2117 sint
1225 2088 1456 2118 matrimonia
1474 2090 1745 2126 catholicorum,
1761 2098 1827 2120 non
1844 2098 1914 2120 ser-

126 2122 206 2150 vata
226 2120 338 2150 forma
358 2121 566 2151 tridentina.
586 2122 681 2152 'ralia
705 2125 805 2152 sunt:

209 2157 233 2184 1.
255 2157 500 2186 Transilvania
514 2165 555 2187 ac
568 2159 756 2195 praecipue
776 2159 945 2189 dioecesis
965 2161 1132 2195 Fogaras,
1148 2167 1170 2189 a
1183 2159 1243 2189 Pio
1257 2161 1302 2188 IX
1315 2163 1434 2190 erecta
1448 2161 1483 2190 in
1501 2161 1791 2191 archidioecesim
1807 2162 1914 2192 Albae

125 2190 234 2221 Iuliae
255 2193 408 2233 nomine,
429 2193 464 2221 in
486 2201 556 2231 qua
575 2194 708 2230 degunt
729 2195 847 2235 graeci
868 2195 960 2224 uniti
980 2195 1162 2225 commixti
1184 2196 1320 2232 graecis
1341 2196 1589 2226 schismaticis.

207 2229 234 2256 2.
255 2229 435 2269 Bulgaijia,
455 2229 635 2266 valachia,
657 2231 867 2260 nominatim
890 2239 971 2260 vero
992 2232 1177 2261 Bukarest.
1779 2269 1785 2274 .

123 2298 138 2328 1
162 2300 179 2327 b
211 2264 237 2292 3.
259 2263 436 2329 ΑΠίἓξιΙιαῗ)
455 2267 489 2329 e2t
511 2266 653 2330 Sei-vige
674 2266 861 2296 dioeceses.
883 2267 929 2296 Cf.
950 2269 1048 2296 conc.
1071 2267 1245 2297 Albanum
1267 2275 1322 2297 an.
1345 2270 1414 2298 1705
1441 2269 1660 2298 celebratum
1685 2271 1719 2298 et
1740 2269 1836 2299 ahud
1864 2277 1915 2298 ce-

141 2307 211 2328 er.
232 2306 289 2328 an.
385 2323 391 2336 ,
439 2323 444 2329 .
489 2303 595 2338 ‚Cap.
635 2324 641 2330 .

937 2455 1108 2503 ASIA

154 2609 185 2646 l.
209 2609 334 2654 Syria,
1062 2611 1109 2638 Ex
1128 2608 1217 2638 actis
1240 2610 1272 2638 S.
1294 2611 1418 2646 congr.
1439 2609 1481 2638 de
1501 2611 1599 2646 Prop.
1622 2609 1715 2639 Fide.

149 2705 182 2740 2.
209 2705 336 2740 Insula
361 2704 491 2750 Cypri.

147 2800 183 2836 3.
210 2801 286 2836 Ora
335 2799 574 2837 Malabarica
625 2801 694 2837 sub
743 2801 874 2847 aliquo
923 2812 981 2838 re-
1060 2804 1097 2831 In
1118 2803 1244 2838 Congr-
1264 2801 1306 2830 de
1327 2803 1425 2838 Prop.
1448 2801 1530 2830 Fide
1550 2808 1606 2830 an.
1630 2802 1710 2840 l⁷.⁶‘¹v
1728 2803 1745 2830 4
1759 2809 1795 2831 se
1823 2804 1846 2830 t.
1867 2808 1920 2830 re-

268 2849 415 2892 spectu·
1099 2837 1212 2866 latum
1229 2839 1283 2866 est
1298 2844 1365 2866 non
1379 2838 1543 2866 constare
1556 2837 1771 2866 sufficienter
1811 2844 1830 2866 e
1844 2844 1920 2874 pro-

1096 2873 1313 2910 mulgatione
1332 2872 1472 2902 concilii
1494 2872 1639 2902 trident.
1654 2872 1690 2901 in
1711 2872 1918 2908 Malabaria.

1095 2908 1177 2945 quia
1193 2908 1280 2972 &icet
1300 2908 1408 2949 fuerit
1427 2908 1471 2938 ab
1495 2907 1592 2973 affin.
1622 2910 1740 2972 Genua)
1763 2910 1919 2973 actcepta-

1096 2947 1172 3009 {¹3¹3
1185 2946 1542 3017 fuffrzeffffi‘bifflam
1562 2951 1918 3017 fflissssy‘ff-facss'ffi

1097 3015 1331 3046 malabarica:
1361 3014 1835 3056 quapropterssrevocabatur
1860 3015 1918 3044 de-

1096 3054 1234 3080 cretum
1256 3053 1288 3080 S.
1309 3053 1434 3087 congr.
1455 3051 1600 3080 Concilu
1621 3052 1701 3080 1673.
