2176 3386
714 0 1001 27 <²²···'⁴'!‘rss-7·›:³.·
1030 0 1039 9 ⁷
1067 0 1216 22 rav-rt.
1239 10 1305 32 -.-—
1327 19 1364 30 ‚v
1435 15 1445 18 -
1478 20 1483 22 .

1406 23 1413 32 Ψ
1457 28 1464 36 0

220 182 303 233 ,276
894 189 1004 218 PARS
1033 190 1074 218 11.
1110 189 1167 218 DE
1197 187 1336 218 nEBus
1450 187 1454 190 ’
1527 189 1530 191 “
1686 196 1738 233 ,κ-

224 297 424 356 gaudent
470 295 706 356 privilegio
747 310 909 341 omnes
952 297 1199 342 familiares
1238 295 1500 352 indultarii‚
1535 297 1613 342 sed
1659 296 1689 340 ii
1722 296 1891 364 solum,
1925 296 2002 356 qui

221 382 267 426 in
300 385 406 427 actu
441 379 760 426 celebrationis
794 380 957 426 missae
989 379 1178 425 servitio
1211 379 1388 425 domini
1423 384 1533 424 sunt
1566 378 1827 424 necessarii.

342 466 465 510 1252.
504 465 688 510 Mutans
720 463 1051 508 habitationem
1086 462 1206 507 intra
1230 462 1440 507 eamdem
1465 461 1729 516 civitatem,
1757 461 1827 506 vel
1861 461 2002 506 etiam

222 555 352 596 extra
386 549 647 605 dioecesim,
676 547 911 606 privilegio
943 544 1138 591 Oratorii
1164 544 1332 603 privati
1367 545 1490 604 prius
1524 544 1703 590 obtenti
1736 543 1801 588 uti
1836 548 2000 602 potest,

224 632 482 692 quinimmo
515 629 828 690 privilegiatus
861 634 1009 689 potest
1043 629 1107 673 uti
1140 627 1350 675 Oratorio
1383 626 1526 673 etiam
1563 627 1671 672 dum
1694 627 1791 673 ruri
1817 630 2000 682 manet;

227 717 304 762 sed
336 717 524 762 interim
558 728 650 760 non
687 718 834 773 potest
866 728 919 758 eo
952 714 1018 758 uti
1052 713 1170 773 quod
1216 716 1285 758 est
1326 712 1373 756 in
1421 711 1639 766 civitate,
1674 710 1779 770 quia
1822 711 2004 769 privile-

229 802 353 860 gium
385 806 454 846 est
484 799 747 844 restrictum
781 798 836 842 ad
870 798 1050 842 solitam
1085 795 1433 841 habitationem.
1484 797 1654 839 Verum
1694 794 1739 838 in
1782 794 2005 839 similibus

230 884 631 931 immutationibus
673 895 857 928 necesse
889 896 1070 940 semper
1102 886 1194 937 est,
1231 884 1282 924 ut
1317 879 1561 939 Episcopus
1605 878 1754 923 locum
1788 892 2004 936 recogno·
2067 863 2070 866 ’

229 974 342 1024 scat,
379 983 431 1013 ac
464 969 518 1012 de
552 967 672 1011 illius
704 966 912 1010 decentia
948 964 1164 1009 iudicium
1202 965 1416 1022 proferat.
1454 967 1627 1008 Fruens
1650 962 1884 1020 privilegio
1906 976 2003 1007 ora·

228 1052 333 1097 torii
369 1050 551 1111 privati,
579 1049 737 1110 nequit
766 1049 873 1093 illud
896 1051 1068 1107 erigere
1092 1047 1136 1091 in
1161 1031 1424 1092 diversoriis
1447 1046 1637 1105 publicis
1667 1047 1820 1104 (vulgo
1843 1046 2002 1102 hctel).

353 1135 478 1179 1255.
517 1133 748 1179 Indultum
786 1131 982 1178 Oratorii
1018 1130 1185 1190 privati
1235 1143 1326 1174 non
1366 1130 1546 1187 expirat
1595 1133 1742 1173 morte
1778 1127 2006 1174 pontificis

231 1219 543 1273 concedentis,
579 1217 656 1261 sed
688 1216 785 1261 eius
817 1215 890 1260 cui
923 1228 1195 1260 concessum
1227 1218 1311 1258 est.
1342 1194 1347 1198 ¹

979 1388 1157 1433 CAPUT
1192 1390 1262 1430 vl.

836 1513 908 1548 DE
951 1510 1405 1548 MONASTERIIS.

356 1626 480 1671 1254.
520 1622 852 1669 Monasterium
888 1619 1064 1679 proprie
1096 1622 1356 1678 acceptum,
1392 1622 1461 1662 est
1495 1617 1645 1673 locus,
1683 1616 1757 1660 ubi
1799 1617 2010 1662 homines

233 1710 482 1757 solitariam
518 1707 661 1752 vitam
696 1707 884 1763 degunt,
922 1703 1037 1748 idest
1072 1703 1224 1760 procul
1258 1701 1315 1746 ab
1338 1699 1541 1755 urbibus,
1568 1699 1900 1759 hominumque
1924 1702 2008 1745 fre-

233 1796 438 1857 quentia,
477 1792 621 1837 vitam
656 1789 822 1834 ibidem
871 1791 1059 1845 agentes
1105 1799 1402 1831 communem
1435 1784 1492 1828 ad
1525 1783 1763 1828 cuiusdam
1811 1783 1909 1842 piae
1943 1798 2009 1829 re-

234 1880 363 1938 gulae
397 1875 745 1936 praescriptum.
785 1872 898 1917 Hinc
921 1870 1089 1915 usitato
1116 1881 1328 1914 sermone
1358 1869 1711 1922 nonasterium,
1741 1868 2010 1911 Coenobium

234 1966 279 2007 et
317 1963 572 2005 Conventus
605 1956 861 2015 promiscue
895 1955 1190 2011 usurpantur.

357 2044 484 2089 1255.
524 2047 659 2086 Porro
690 2041 973 2092 Conventus,
1000 2049 1078 2080 seu
1104 2035 1435 2080 Monasterium
1469 2037 1551 2077 aut
1586 2037 1656 2077 est
1677 2032 2007 2090 religiosorum,

234 2132 281 2173 et
314 2126 626 2184 religiosarum
663 2126 769 2166 vota
802 2118 1025 2178 simplicia
1053 2118 1122 2162 vel
1146 2116 1367 2161 solemnia
1398 2114 1700 2174 paupertatis,
1726 2112 2011 2159 obedientiae

236 2216 282 2256 et
314 2208 538 2255 castitatis
570 2204 902 2258 emittentium,
927 2206 1008 2247 aut
1039 2206 1108 2246 est
1141 2199 1411 2245 clericorum
1442 2199 1516 2243 vel
1539 2197 1785 2242 mulierum
1819 2196 1864 2240 in
1889 2210 2012 2241 com·

238 2293 365 2340 muni
402 2291 662 2338 viventium
697 2288 781 2333 sub
811 2286 959 2346 aliqua
994 2285 1065 2344 pia
1101 2285 1253 2342 regula
1292 2285 1461 2342 absque
1495 2287 1619 2326 voto.

363 2378 487 2422 1256.
526 2375 590 2419 Ad
623 2371 895 2418 canonicam
943 2367 1224 2414 erectionem
1276 2364 1659 2411 Monasteriorum
1696 2363 1899 2408 virorum
1937 2362 2012 2406 ob-

237 2461 492 2507 servandae
524 2461 633 2502 sunt
663 2453 1024 2502 constitutiones
1074 2449 1330 2496 innocentii
1366 2453 1401 2493 X
1443 2447 1830 2501 Instaurandae,
1876 2446 2013 2490 Urba-

238 2545 285 2590 ni
311 2547 407 2588 Vlll
440 2545 681 2586 Romanus
706 2536 936 2594 Pontifeae,
971 2532 1220 2599 Clementis
1253 2534 1351 2577 Vlll
1390 2532 1623 2585 Quoniam
1648 2529 1710 2573 ad
1734 2530 2012 2580 institutam,

239 2629 295 2673 25
326 2626 422 2672 iulii
459 2625 588 2679 1602,
623 2620 826 2680 Gregorii
861 2622 937 2665 XV
976 2619 1086 2662 Cum
1111 2617 1246 2671 alias,
1273 2629 1330 2659 cx
1360 2613 1525 2674 quibus
1559 2611 1833 2672 requiritur:
1872 2611 1910 2668 1)
1940 2614 2014 2655 Be-

240 2709 518 2770 neplacitum
553 2707 890 2766 Apostolicum3
931 2705 972 2759 2)
1000 2702 1135 2746 venia
1182 2698 1439 2754 ordinarii,
1475 2697 1642 2742 sufficit
1673 2695 1812 2742 etiam
1847 2694 2014 2739 ratiha-

237 2795 349 2840 bitio
383 2797 481 2852 post
514 2791 811 2837 erectionem.
861 2787 903 2832 si
938 2786 1104 2831 iniuste
1147 2785 1261 2830 haec
1307 2783 1500 2828 facultas
1537 2782 1805 2838 denegetur,
1841 2776 2012 2822 recurri

240 2881 388 2938 potest
418 2876 476 2921 ad
509 2875 670 2920 Sedem
703 2870 1008 2931 Apostolicam
1031 2869 1079 2914 in
1102 2868 1358 2913 devolutivo
1385 2866 1416 2909 ².
1452 2865 1494 2922 5)
1524 2862 1802 2923 Requiritur,
1827 2866 1879 2906 ut
1900 2863 2013 2906 Con·

358 3068 368 3087 ¹
397 3069 471 3104 Leo
498 3066 597 3109 XIII,
615 3065 739 3102 Const.
766 3064 948 3101 Romanos
973 3060 1167 3107 Pontifices,
1193 3063 1207 3100 S
1234 3058 1326 3096 Cum
1351 3067 1420 3094 res.
