2176 3386
986 177 1122 209 ιΝοΕΧ
1815 135 1817 138 ¹
1869 165 1958 206 479

165 283 320 330 CAPUT
346 284 390 322 11.
417 285 470 322 De
495 284 670 331 ingressu
695 284 734 322 in
758 285 977 332 religionem
996 312 1720 324 .............
1762 286 1850 334 Paq.
1875 286 1948 324 425

163 340 376 394 Ammonos
402 365 426 393 1.
452 356 506 394 De
527 355 809 394 candidatorum
833 355 1063 395 admissione
1114 381 1540 394 ........
1564 357 1600 392 ⁸.
1651 381 1660 390 .
1711 384 1720 393 .
1771 385 1779 393 .
1829 369 1844 389 »
1898 356 1951 394 ib.

162 426 376 467 Ammonos
402 437 440 465 ιι.
466 427 519 464 ΒΘ
545 428 726 465 novitiatu
756 453 1480 466 .............
1487 413 1500 426 ’
1533 455 1778 465 .....
1829 428 1955 466 »428

162 498 375 536 An'ncunus
401 509 453 537 ru.
479 499 533 535 De
560 499 791 545 professione
817 499 994 545 religiosa
1049 515 1841 538 ..............
1877 502 1944 539 451

161 571 375 609 Αιιτιουιυε
399 583 449 610 1v.
475 573 527 610 De
553 573 724 610 clausura
756 599 1778 611 ..................
1828 587 1843 606 »
1876 573 1945 611 457

254 648 270 685 5
297 644 328 681 1.
354 665 378 669 -
402 645 456 683 De
482 644 654 682 clausura
678 644 896 683 monialium
936 673 1777 684 ...............
1827 659 1842 678 »
1876 645 1949 683 458

252 719 268 756 5
294 715 326 752 2.
353 735 375 742 -
401 717 454 752 De
480 715 652 753 clausura
676 716 837 753 virorum
872 743 1777 755 ................
1827 730 1842 750 »
1875 718 1944 755 441

160 785 314 822 CAPUT
339 786 403 822 111.
430 787 483 822 De
510 796 661 833 egressu
690 797 711 824 a
737 786 915 833 religione
985 803 1840 826 ...............
1875 789 1951 826 442

159 857 373 896 Αητιουιυε
397 869 420 896 ι.
447 860 498 895 ΒΘ
525 859 742 896 dimissione
746 875 1839 899 ...................
1895 862 1945 900 ib.

161 929 373 966 Arri-rennos
399 939 436 966 ιι.
463 930 515 966 ΒΘ
542 930 777 966 revocatione
813 945 1840 969 ..................
1895 932 1948 970 ib.

158 1000 371 1038 An'rrcunus
395 1011 447 1038 111.
466 1001 518 1038 De
544 1001 699 1038 transitu
725 1002 771 1039 ad
796 1002 908 1038 aliam
935 1002 1154 1048 religionem
1170 1029 1775 1042 ...........
1827 1018 1840 1036 »
1874 1004 1949 1042 445

157 1072 369 1109 Ammonos
395 1083 444 1110 ιν.
470 1073 521 1109 ΒΘ
547 1073 823 1119 dispensatione
868 1103 875 1110 .
927 1103 935 1111 .
987 1104 994 1111 .
1047 1103 1054 1110 .
1107 1099 1114 1107 .
1167 1102 1175 1111 .
1227 1104 1234 1112 .
1287 1104 1295 1112 .
1347 1104 1353 1111 .
1407 1104 1414 1111 .
1467 1105 1474 1112 .
1528 1105 1535 1111 .
1587 1091 1598 1112 ε
1647 1104 1655 1112 .
1707 1104 1714 1112 .
1765 1105 1773 1113 .
1825 1090 1838 1108 »
1894 1076 1946 1113 ib.

158 1145 368 1182 An'rrcunus
395 1155 429 1182 v.
457 1146 508 1181 De
535 1145 756 1192 expulsione
804 1163 1840 1186 ..................
1873 1149 1949 1186 444

156 1216 371 1253 Anrrcunus
395 1227 444 1254 vr.
471 1218 524 1253 De
551 1217 877 1254 saecularizatione
929 1233 1838 1257 ................
1870 1219 1944 1256 446

156 1290 371 1326 Anrrcunus
396 1299 459 1326 vn.
486 1290 538 1326 De
566 1290 730 1335 fugitivis
756 1299 800 1326 ac
825 1290 1003 1336 apostatis
1028 1290 1261 1336 regularibus
1285 1316 1772 1328 .........
1825 1305 1838 1323 »
1871 1291 1946 1327 447

156 1359 320 1398 SECTIO
348 1361 391 1398 ΙΙ.
418 1361 470 1397 ΒΘ
498 1360 858 1406 Congregationibus
894 1360 1094 1407 Religiosis
1134 1361 1171 1398 in
1207 1362 1343 1408 quibus
1372 1367 1456 1399 vota
1493 1362 1679 1408 simplicia
1713 1362 1819 1399 emit-

344 1436 471 1469 tuntur
508 1457 1771 1471 ......................
1824 1448 1837 1466 »
1871 1434 1945 1471 448

154 1501 309 1538 CAPUT
336 1503 362 1538 I.
390 1503 442 1538 De
469 1503 830 1549 congregationibus
856 1504 1088 1541 dioecesanis
1113 1503 1171 1541 vel
1197 1513 1284 1547 non,
1312 1513 1514 1551 earumque
1544 1508 1676 1542 natura
1706 1534 1713 1541 .
1767 1533 1773 1541 .
1825 1518 1838 1536 »
1891 1504 1941 1542 ib.

154 1573 309 1610 CAPUT
336 1574 380 1610 ΙΙ.
407 1574 459 1610 ΒΘ
488 1574 824 1620 congregationum
852 1575 1121 1621 approbatione
1163 1590 1836 1613 ............
1871 1576 1943 1613 450

153 1643 308 1680 CAPUT
334 1644 397 1680 III.
424 1645 475 1680 De
501 1644 842 1690 Congregationum
868 1646 1062 1692 Episcopis
1089 1647 1321 1684 subiectione
1349 1656 1391 1682 ae
1418 1646 1710 1692 gubernatione.
1763 1674 1772 1684 .
1822 1660 1836 1678 »
1869 1647 1942 1683 452

154 1715 367 1752 Anrrcunus
394 1726 418 1752 1.
443 1715 496 1751 De
523 1715 798 1762 Superiorissae
825 1717 1009 1762 generalis
1036 1721 1215 1762 potestate
1240 1718 1395 1764 eiusque
1421 1717 1713 1755 assistentibus.
1764 1745 1773 1755 .
1824 1731 1837 1749 »
1869 1717 1940 1754 454

154 1787 368 1823 Ana-munus
394 1797 432 1823 ιι.
459 1787 511 1824 ΒΘ
537 1787 718 1824 electione
745 1788 1002 1825 Generalissae
1021 1792 1054 1825 et
1081 1789 1236 1826 aliarum
1264 1789 1480 1827 officialium
1526 1817 1771 1827 .....
1823 1802 1837 1819 »
1870 1789 1946 1827 460

152 1857 291 1894 LIBER
317 1857 380 1895 ΙΙΙ.
409 1857 470 1895 De
497 1857 629 1896 Laicis
679 1875 1836 1898 ....................
1870 1861 1945 1898 465

151 1930 305 1967 CAPUT
332 1931 358 1967 I.
386 1931 437 1967 ΒΘ
464 1931 644 1968 laicorum
671 1936 768 1969 statu
795 1932 949 1968 iuridico
984 1961 1770 1970 ..............
1821 1947 1835 1964 »
1890 1933 1938 1970 ib.

151 2002 306 2039 CAPUT
332 2002 377 2038 11.
405 2003 457 2039 De
483 2002 626 2040 iuribus
651 2012 695 2040 ac
722 2004 926 2050 privilegiis
953 2004 1131 2041 laicorum
1162 2033 1767 2042 ...........
1819 2019 1833 2037 »
1867 2005 1939 2042 465

150 2073 362 2111 Anrtcunus
389 2085 411 2110 1.
439 2074 491 2110 De
518 2075 595 2110 iure
623 2079 840 2120 patronatus
860 2089 1834 2113 .................
1866 2076 1944 2113 466

150 2146 364 2182 Anrlcunus
391 2156 425 2183 ιι.
453 2146 505 2182 ΒΘ
533 2146 610 2183 iure
641 2147 857 2183 advocatiae
861 2175 1767 2185 ................
1819 2161 1832 2180 »
1888 2148 1936 2185 ib.

149 2218 362 2255 Aa'rrcucus
388 2229 438 2256 ιιι.
465 2219 518 2255 ΒΘ
544 2218 918 2256 confraternitatibus
923 2235 1830 2258 ................
1887 2221 1935 2257 ib.

243 2293 258 2330 5
285 2290 316 2326 1.
341 2309 364 2316 -
389 2291 442 2326 ΒΘ
469 2290 820 2328 confraternitatum
851 2292 1036 2327 erectione
1041 2306 1831 2330 ..............
1865 2293 1937 2330 467

241 2365 256 2402 5
282 2361 315 2398 2.
342 2381 361 2388 -
389 2362 441 2398 De
467 2361 815 2399 Confi-aternitatum
842 2363 1107 2408 aggregatione
1159 2378 1831 2402 ............
1865 2365 1937 2401 469

241 2437 257 2474 5
281 2433 317 2469 5.
343 2453 369 2458 -
393 2434 446 2470 ΒΘ
472 2433 821 2470 confraternitatum
848 2434 1118 2480 gubernatione
1155 2463 1763 2472 ...........
1815 2449 1829 2467 »
1884 2435 1935 2472 ib.

146 2503 361 2541 Anrlcunus
386 2514 435 2541 ιν.
461 2505 514 2541 ΒΘ
539 2505 777 2542 ecclesiarum
805 2505 954 2542 fabricis
980 2520 1830 2544 ...............
1863 2506 1932 2543 471
