2176 3386
213 166 288 206 140
880 177 990 207 PARS
1018 179 1061 207 11.
1094 178 1151 207 DE
1181 177 1318 207 nanus

630 345 647 391 ἓ
674 348 707 383 9.
734 366 779 371 -
805 347 864 383 De
891 346 1178 394 impedimento
1204 345 1553 382 clandestinitatis.

329 452 429 496 915.
468 455 567 496 Non
602 453 748 497 solum
785 451 1064 497 intrinsecae
1088 450 1317 496 honestati
1343 449 1625 496 Matrimonii
1653 450 1987 495 consulendum

209 538 294 589 est,
329 534 406 579 sed
439 535 579 580 etiam
614 535 904 580 extrinsecae
936 533 1244 590 solemnitati3
1280 534 1365 578 sub
1390 548 1478 593 quo
1503 538 1710 592 respectu
1734 533 1881 578 oritur
1904 535 1985 579 im-

210 616 524 674 pedimentum
558 617 961 663 clandestinitatis.

328 700 429 745 914.
466 705 562 745 Hoc
595 699 979 758 impedimentum
1014 700 1254 745 inductum
1287 704 1357 744 est
1389 699 1487 744 iure
1517 699 1786 756 novissimo,
1811 699 1988 745 scilicet

208 797 232 827 a
266 786 403 829 Conc.
431 783 551 828 Trid.
580 784 592 807 ¹
626 783 672 828 in
705 786 810 842 Cap.
843 786 1043 829 Tametsi
1063 783 1352 828 decernitur:
1389 803 1408 824 a
1434 784 1519 837 Qui
1543 783 1676 828 aliter
1697 783 1834 843 quam
1862 798 1985 843 prae-

207 872 337 912 sente
371 867 589 923 Parocho,
629 868 699 912 vel
731 867 819 912 alio
852 868 1095 912 Sacerdote
1127 867 1181 912 de
1216 867 1357 926 ipsius
1393 867 1599 923 Parochi,
1644 880 1723 912 seu
1756 867 1985 912 Ordinarii

206 950 410 1007 licentia,
445 955 491 996 et
524 951 700 996 duobus
732 950 806 995 vel
839 951 986 994 tribus
1017 950 1226 1005 testibus,
1252 950 1603 995 matrimonium
1628 950 1903 995 contrahere
1925 956 1987 996 at-

206 1035 472 1090 tentabunt,
509 1047 586 1079 eos
618 1037 659 1079 S.
698 1034 908 1092 Synodus
940 1034 995 1079 ad
1028 1034 1093 1079 310
1125 1035 1494 1079 contrahendum
1528 1034 1719 1079 omnino
1764 1034 1986 1079 inhabiles

207 1118 379 1174 reddit,
427 1123 472 1163 et
516 1117 775 1163 huiusmodi
818 1122 1085 1163 contractus
1124 1117 1277 1162 irritos
1309 1121 1356 1162 et
1389 1119 1537 1163 nullos
1570 1131 1667 1163 esse
1701 1117 1908 1163 decernit
1944 1137 1981 1162 n.

206 1205 416 1246 Iamvero
450 1201 494 1246 in
530 1202 616 1246 1100
648 1205 785 1248 Conc.
822 1201 942 1246 wid.
984 1206 1173 1246 Decreto
1208 1202 1428 1247 nonnulla
1462 1201 1667 1247 breviter
1699 1201 1986 1247 observanda

206 1288 315 1328 sunt
346 1284 400 1328 ad
435 1285 617 1342 praxim
652 1284 924 1330 necessaria.
966 1288 1042 1329 Et:
1082 1286 1120 1341 1)
1144 1284 1330 1343 quidem
1354 1284 1641 1344 inquiremus
1665 1285 1851 1329 ubinam
1876 1284 1985 1329 obli-

206 1372 303 1425 get3
340 1369 381 1425 2)
408 1368 598 1426 quinam
632 1374 877 1413 censeatur
911 1369 1140 1413 Parocbus
1173 1367 1405 1427 proprius3
1443 1369 1484 1424 5)
1523 1369 1819 1427 quandonam
1842 1369 1984 1414 domi-

205 1450 362 1495 cilium
407 1452 481 1495 vel
522 1452 648 1510 quasi
694 1451 979 1497 domicilium
1027 1456 1273 1497 censeatur
1320 1451 1622 1511 adquisitum3
1672 1453 1714 1508 4)
1757 1467 1983 1511 quaenam

206 1549 370 1580 causae
403 1540 629 1580 excusent
654 1535 712 1580 ab
733 1535 1028 1581 observantia
1064 1536 1270 1593 Decreti;
1307 1537 1349 1594 5)
1373 1536 1537 1595 quibus
1569 1535 1614 1580 in
1651 1536 1760 1581 locis
1788 1537 1984 1595 publica-

205 1624 302 1664 tum
343 1620 495 1664 fuerit.
1003 1615 1006 1618 ⁴

324 1704 424 1748 915.
466 1705 504 1748 1.
542 1704 607 1748 Ad
643 1704 841 1762 primum
875 1704 995 1763 quod
1026 1703 1220 1759 attinet,
1269 1703 1655 1762 impedimentum
1691 1704 1984 1749 clandestini-

205 1786 312 1831 tatis
346 1800 438 1832 non
473 1786 640 1845 ubique
674 1787 879 1832 locorum
914 1786 1055 1844 viget,
1091 1787 1168 1830 sed
1201 1786 1446 1831 dumtaxat
1479 1786 1524 1830 in
1562 1786 1648 1832 illis
1682 1787 1902 1845 paroeciis
1934 1787 1981 1832 in

203 1869 368 1929 quibus
400 1870 637 1914 decretum
674 1871 758 1915 1100
791 1869 980 1915 Concilii
1016 1869 1355 1928 promulgatum
1379 1873 1464 1925 est,
1493 1873 1591 1928 post
1615 1870 1672 1914 30
1694 1869 1790 1914 dies
1812 1869 1984 1927 abipsa

204 1955 585 2013 promulgatione.
637 1959 759 1999 Haec
808 1969 918 2000 vero
962 1955 1271 2013 praesumitur
1312 1955 1386 1999 ubi
1431 1955 1667 2000 decretum
1716 1955 1803 1999 fuit
1833 1955 1985 2015 aliquo

204 2043 410 2097 tempore
444 2038 489 2082 in
525 2038 737 2083 Paroecia
772 2038 1067 2083 observatum
1103 2042 1339 2097 tamquam
1373 2038 1610 2083 decretum
1654 2038 1865 2094 Concilii,
1915 2039 1984 2083 vel

205 2121 399 2166 Romani
437 2121 671 2167 pontificis
694 2122 725 2166 ².
762 2126 910 2175 Quare
944 2122 979 2165 si
1016 2121 1260 2179 publicatio
1293 2121 1352 2165 sit
1385 2122 1506 2166 facta
1543 2121 1588 2166 in
1613 2122 1789 2179 synodo
1810 2121 1984 2168 dioece-

203 2217 314 2249 sana
350 2204 421 2248 vel
456 2218 535 2262 per
567 2204 768 2249 edictum
803 2205 1015 2261 generale
1042 2203 1265 2262 Episcopi,
1291 2203 1401 2263 quin
1426 2203 1590 2248 deinde
1614 2204 1801 2248 Parocbi
1831 2203 1983 2248 decre-

203 2292 302 2332 tum
337 2286 486 2346 ipsum
519 2287 740 2344 synodale
775 2287 847 2332 vel
881 2287 1083 2331 edictum
1119 2288 1163 2331 in
1200 2286 1416 2332 Parochia
1446 2286 1656 2344 legerint,
1697 2301 1791 2332 non
1823 2291 1984 2333 tenen-

202 2374 278 2414 tur
310 2369 575 2428 parochiani
610 2370 695 2414 hac
727 2370 1008 2429 disciplinari
1041 2371 1153 2428 lege.

322 2454 421 2498 916.
460 2455 672 2498 Ceterum
709 2467 800 2498 non
836 2458 1026 2512 possunt
1060 2452 1278 2512 Episcopi,
1314 2453 1543 2511 publicare
1568 2454 1653 2498 1100
1676 2452 1911 2498 decretum
1936 2453 1982 2496 in

203 2536 312 2582 locis
348 2539 391 2582 in
426 2537 591 2597 quibus
626 2537 905 2595 publicatum
943 2551 1033 2582 non
1059 2536 1163 2593 fuit,
1188 2538 1358 2596 absque
1382 2535 1598 2595 peculiari
1624 2536 1842 2582 facultate
1871 2539 1984 2594 Apo-

201 2619 389 2665 stolicae
423 2620 562 2665 Sedis.

320 2704 421 2749 917.
462 2704 525 2749 Ad
558 2704 612 2748 2¹¹²
645 2704 764 2763 quod
799 2703 1015 2762 pertinet,
1053 2703 1307 2749 notandum
1342 2707 1410 2747 est
1441 2703 1588 2763 quod,
1634 2701 1848 2761 quamvis
1885 2701 1982 2746 sive

196 2785 351 2844 sponsi
386 2786 483 2831 sive
515 2799 709 2844 sponsae
742 2786 861 2831 adsit
883 2786 1131 2841 Parochus,
1157 2784 1510 2830 matrimonium
1535 2784 1684 2830 valide
1708 2783 1978 2836 celebretur,

321 2978 329 2997 ¹
359 2978 455 3016 Sess.
484 2978 618 3021 XXIV,
645 2987 722 3024 cap.
754 2977 771 3013 1
806 2977 963 3014 Tametsi
988 2977 1033 3014 de
1058 2976 1256 3014 Reformat.
1281 2976 1387 3013 Matr.

318 3050 330 3068 '
357 3050 493 3087 Bened.
520 3050 617 3094 XIV,
644 3050 768 3087 Const.
796 3050 935 3087 Paucis.

2115 2448 2147 2963 ''m-msswb'wae
2131 2266 2146 2291 ,η

2163 2753 2176 2971 π- ῌ-νιι
2165 2459 2176 2720 -ῌιιι-
2169 2412 2176 2433 ι-
2166 2385 2176 2391 ι
2170 2353 2176 2357 .
