2176 3386
253 145 334 184 248
898 158 1008 188 PARS
1037 160 1063 189 1.
1101 160 1158 188 DE
1186 160 1398 190 PEnsoms

254 260 428 318 legibus
463 265 766 320 temperatur:
803 266 854 306 ut
886 263 1049 308 saltem
1084 278 1164 321 per
1194 263 1396 309 edictum
1429 255 1678 323 generale,
1703 268 1779 327 qui
1822 268 1919 314 iure
1964 270 2036 316 vel

254 345 586 390 consuetudine
619 346 775 391 vocari
809 346 993 402 debent,
1030 351 1273 402 vocentur,
1309 347 1483 394 indicto
1515 349 1587 395 die
1619 354 1666 395 et
1697 351 1811 407 loco,
1846 352 1923 412 qui
1959 357 2035 399 Ec·

253 427 389 473 clesia
422 429 703 474 Catlledralis
735 443 831 474 esse
865 430 996 485 solet,
1031 444 1148 489 quae
1181 430 1215 474 si
1250 430 1417 489 duplex
1444 433 1560 477 forte
1577 433 1652 489 sit,
1678 434 1942 481 alternatim
1966 450 2037 483 so·

254 511 317 556 let
347 511 450 570 eligi
483 512 539 556 ad
571 513 830 557 simultates
864 512 1091 568 vitandas,
1127 513 1234 558 licet
1270 514 1486 573 Episcopo
1520 516 1749 574 integrum
1771 519 1831 562 sit
1857 518 1903 563 in
1927 534 2035 578 quo-

255 594 363 639 libet
395 608 503 640 suae
536 595 755 640 dioecesis
787 596 884 641 loco
918 597 1154 653 Synodum
1179 597 1426 643 celebrare.
1466 600 1520 643 Ut
1544 601 1733 658 populus
1755 617 1933 663 quoque
1957 619 2037 662 per

253 676 455 734 singulas
500 679 736 724 Paroecias
778 684 1136 736 praemoneatur
1173 681 1226 725 ad
1270 695 1426 738 preces
1479 697 1557 740 pro
1601 683 1717 728 felici
1762 685 1890 730 exitu
1933 689 2035 732 fun-

254 760 438 805 dendas.

374 844 556 900 Synodo
590 844 678 887 iam
715 849 891 899 coacta,
927 845 1046 902 leges
1088 859 1204 903 quae
1247 861 1347 891 eam
1390 848 1607 893 ordinant
1648 850 1731 894 hae
1773 835 1867 895 tere
1909 856 2032 896 sunt.

255 929 299 983 α)
327 927 482 979 Quoad
516 926 824 982 durationem,
862 931 912 970 ut
944 933 1036 973 tres
1068 928 1180 984 dies,
1218 929 1303 973 nisi
1340 944 1492 974 rerum
1526 934 1807 989 agendarum
1842 933 2037 978 necessi-

254 1014 323 1054 tas
356 1010 475 1053 aliud
514 1009 730 1067 Episcopo
762 1010 967 1066 suadeat,
1004 1025 1096 1055 non
1131 1012 1441 1071 excedatsqui
1466 1013 1560 1058 dies
1592 1015 1785 1072 propriis
1816 1016 2036 1074 supplica-

255 1092 453 1137 tionibus
486 1092 634 1137 solent
674 1093 839 1150 singuli
884 1094 1170 1149 consecrari,
1215 1099 1348 1152 prout
1389 1095 1544 1141 videre
1586 1101 1655 1141 est
1695 1098 1741 1142 in
1783 1099 2035 1145 Pontilicali

256 1179 461 1220 Romano
485 1181 530 1220 et
551 1176 669 1234 apud
706 1176 934 1222 Benedict.
975 1181 1071 1223 XIV
1094 1179 1121 1222 ².
1159 1179 1198 1235 b)
1227 1179 1382 1233 Quoad
1415 1179 1623 1224 ordinem
1659 1181 1704 1225 in
1739 1182 1953 1238 sedendo,
1988 1189 2037 1228 ut

256 1259 452 1316 primum
486 1259 636 1303 locum
672 1260 838 1304 babeat
875 1260 1133 1319 Episcopus,
1169 1262 1244 1320 qui
1282 1262 1617 1320 pontificalibus
1661 1264 1864 1309 vestibus
1909 1266 2034 1312 indui

254 1342 396 1386 solet:
433 1342 596 1386 deinde
630 1348 887 1401 sequuntur
919 1343 1058 1388 ceteri
1094 1344 1138 1388 in
1164 1345 1305 1389 sacris
1326 1345 1517 1404 quisque
1547 1347 1764 1403 vestibus,
1790 1363 1905 1407 quae
1927 1364 2036 1395 suae

253 1425 487 1483 dignitatis
520 1426 679 1485 suique
713 1426 885 1471 ordinis
918 1427 1125 1485 propriae
1159 1433 1283 1483 sunt,
1321 1429 1565 1474 nimirum:
1609 1432 1645 1485 l)
1677 1431 1880 1477 vicarius
1902 1448 2036 1490 gene-

254 1509 384 1566 ralis3
422 1511 463 1566 2)
487 1510 705 1554 canonici
740 1515 785 1554 et
822 1510 1102 1555 Beneliciarii
1142 1511 1366 1556 Ecclesiae
1391 1513 1686 1569 Cathedralis,
1713 1519 1941 1573 quatenus
1963 1530 2034 1562 ca-

252 1592 508 1649 pitulariter
542 1593 892 1649 interveniunt3
946 1595 986 1648 5)
1017 1594 1239 1650 Abbate83
1291 1596 1334 1650 4)
1362 1595 1578 1640 Canonici
1619 1598 1842 1643 Ecclesiae
1875 1600 2034 1644 Cathe-

251 1676 404 1731 dralis,
441 1676 475 1720 si
513 1678 627 1721 forte
664 1676 728 1721 uti
763 1676 928 1734 singuli
965 1677 1143 1733 adsint,
1181 1679 1221 1731 5)
1248 1677 1466 1723 Canonici
1496 1678 1799 1725 Ecclesiarum
1822 1681 2033 1739 Collegia-

252 1762 401 1803 tarum
437 1774 553 1818 quae
589 1760 707 1804 intra
731 1759 971 1805 civitatem
1005 1765 1130 1816 sunt,
1166 1761 1293 1805 iuxta
1327 1761 1597 1819 dignitatem
1632 1768 1678 1806 et
1709 1764 2034 1823 antiquitatem

256 1842 481 1887 Ecclesiae
515 1857 639 1900 suae,
677 1845 717 1894 6)
747 1847 859 1888 Item
883 1844 960 1903 qui
994 1848 1123 1888 extra
1150 1844 1388 1889 civitatem
1423 1850 1548 1900 sunt,
1574 1845 1824 1905 eademque
1859 1848 2034 1892 ratione

254 1925 433 1980 babita3
470 1928 511 1982 7)
540 1926 707 1971 Vicarii
743 1926 934 1982 foranei,
961 1926 1038 1985 qui
1071 1926 1313 1972 canonicis
1350 1927 1651 1972 Ecclesiaruin
1686 1928 2032 1986 Collegiatarum

252 2013 444 2053 eatenus
477 2009 671 2064 cedunt,
706 2014 933 2068 quatenus
967 2009 1011 2054 hi
1046 2009 1361 2069 capitulariter
1400 2010 1744 2067 interveniunt;
1780 2012 1822 2068 8)
1853 2012 2035 2056 Plebani

252 2104 331 2136 seu
357 2093 750 2150 Archipresbyteri
777 2093 964 2147 rurales,
988 2093 1072 2137 nisi
1093 2106 1200 2137 usus
1223 2092 1491 2149 obtinuerit,
1513 2098 1563 2137 ut
1582 2108 1671 2138 una
1696 2108 1801 2139 rum
1824 2095 2036 2140 Parochis

254 2176 511 2234 promiscue
545 2177 758 2232 sedeant3
797 2178 837 2233 9)
867 2177 1072 2231 Parocl1i‚
1108 2176 1183 2235 qui
1220 2191 1311 2220 non
1349 2189 1480 2221 secus
1511 2191 1564 2222 ac
1594 2177 1776 2222 Plebani
1800 2182 1847 2222 et
1869 2178 2033 2223 Vicarii

254 2261 429 2304 foranei
465 2260 591 2304 iuxta
636 2263 817 2317 tempus
854 2273 963 2304 suae
1008 2259 1308 2317 promotionis
1351 2259 1590 2304 sedeant².
1642 2263 1680 2317 e)
1705 2262 1861 2313 Quoad
1906 2266 2036 2306 actus

255 2343 482 2401 praevios,
518 2347 569 2387 ut
603 2343 984 2401 praemittantur:
1026 2344 1062 2398 l)
1089 2344 1313 2402 quaedam
1348 2356 1404 2387 ex
1439 2343 1585 2388 doctis
1618 2343 1792 2403 piisque
1816 2343 2036 2402 theologis

254 2431 301 2472 et
332 2426 585 2472 canonistis
618 2426 997 2485 congregationes
1028 2426 1307 2471 adiumentis
1340 2426 1664 2486 conquirendis
1695 2427 1751 2471 ad
1791 2427 2037 2472 efficaciter

254 2510 549 2570 suaviterque
581 2509 879 2555 eradicandos
911 2510 1095 2564 abusus,
1131 2522 1243 2568 quos
1280 2509 1538 2568 Episcopus,
1574 2509 1866 2568 interrogatis
1896 2524 1948 2555 ea
1981 2511 2036 2554 de

256 2609 302 2639 re
337 2594 529 2639 Vicariis
563 2594 774 2647 foraneis,
811 2593 1039 2648 parochis,
1081 2593 1346 2638 Monialium
1381 2592 1689 2648 confessariis,
1724 2593 1914 2652 aliisque
1937 2607 2035 2650 pro-

255 2677 323 2722 bis
345 2682 391 2722 et
415 2677 716 2735 prudentibus
740 2677 867 2732 viris,
893 2676 1139 2721 inolevisse
1164 2676 1209 2720 in
1233 2675 1430 2721 dioecesi
1452 2675 1804 2734 deprehenderit
1822 2676 1850 2721 ³.
1886 2677 1928 2734 2)
1955 2680 2035 2721 De-

377 2863 385 2882 ¹
416 2865 499 2900 Loc.
525 2864 584 2900 cit.
611 2864 690 2900 Lib.
716 2863 749 2906 5,
777 2864 813 2901 C.
844 2864 873 2900 1.

375 2933 388 2952 ³
414 2934 549 2971 Bened.
576 2934 663 2971 XIV
690 2934 759 2970 lor.
785 2935 845 2971 cit.
874 2934 952 2971 Lib.
978 2934 1011 2977 5,
1039 2935 1078 2971 C.
1111 2934 1163 2971 10.

375 3006 388 3025 ³
416 3006 516 3043 Idem
544 3006 622 3042 Lib.
649 3005 682 3048 6,
709 3006 745 3043 C.
776 3005 804 3042 1.
