2176 3386
518 238 647 267 mni-:R
674 239 699 267 1.
731 239 788 266 DE
818 238 954 267 REBUS
983 239 1220 268 ECCLESIAE
1250 240 1576 269 SPIRITUALIBUS
1859 231 1939 271 209

160 348 216 394 ad
250 345 331 407 Ap.
370 349 599 393 Datariam
634 352 703 393 est
735 348 1082 394 recurrendum.
1130 349 1375 408 Verilieare
1407 351 1533 396 debet
1560 366 1630 397 an
1662 366 1800 396 error
1831 366 1938 398 con-

159 431 313 490 tigerit
345 431 466 477 circa
501 433 834 489 impedimenta
867 434 918 476 in
952 432 1116 476 litteris
1147 446 1378 490 expressa,
1418 447 1507 493 qua
1535 434 1582 479 in
1617 448 1664 478 re
1698 434 1743 479 in
1780 435 1939 493 primis

159 515 407 560 audiantur
438 517 781 570 contrahentes,
816 514 892 574 qui
928 515 1172 559 veritatem
1207 517 1384 573 aperire
1416 521 1638 562 tenentur
1670 521 1765 563 nisi
1804 518 1939 564 obstet

158 597 542 655 impedimentum
589 597 816 642 oecultum
850 611 879 642 a
912 611 999 655 quo
1035 599 1133 642 iam
1178 598 1482 643 obtinuerunt
1526 600 1934 656 dispensationem,

159 692 290 724 secus
322 680 358 724 si
392 679 478 724 hoc
526 678 907 737 impedimentum
942 680 1143 724 evaserit
1193 680 1422 737 publicum
1456 681 1562 740 quia
1605 686 1717 727 tunc
1766 683 1938 742 indiget

162 776 269 807 vera
303 762 655 821 dispensatione.
695 765 854 806 Postea
889 764 977 807 alii
1008 770 1134 807 testes
1165 767 1444 821 praesertim
1471 769 1683 822 parentes
1715 771 1762 810 et
1796 766 1936 811 vicini

158 845 423 890 audiuntur.
463 845 574 889 Dein
607 851 829 889 executor
863 844 1070 889 verilicat
1122 847 1160 903 l)
1195 860 1259 891 an
1293 861 1430 890 error
1471 851 1717 906 eontiyerit
1766 850 1811 893 in
1859 864 1936 894 ex-

158 929 389 987 pressione
423 927 857 986 impedimentorum
883 928 1230 974 connuhialium
1262 944 1379 989 quae
1412 930 1459 974 in
1494 931 1730 976 narrativa
1759 937 1936 991 aposto-

158 1012 230 1057 lici
281 1012 487 1057 mandati
524 1013 763 1070 leguntur,
815 1014 855 1067 2)
894 1026 959 1057 an
995 1013 1128 1057 aliud
1160 1015 1295 1057 obstet
1334 1015 1453 1073 quod
1496 1015 1726 1061 reticitum
1761 1017 1847 1061 fuit
1891 1017 1935 1062 in

159 1095 382 1153 prioribus
406 1095 478 1138 vel
513 1099 666 1153 postea
700 1100 1008 1140 contractum.
1048 1096 1088 1140 Si
1115 1111 1242 1141 error
1266 1098 1352 1141 fuit
1376 1098 1421 1142 in
1455 1099 1666 1156 gradibus
1689 1104 1734 1144 et
1757 1101 1936 1159 dispen-

158 1179 272 1223 satio
306 1178 549 1237 impetrata
585 1179 671 1223 fuit
704 1193 838 1237 super
872 1178 1182 1238 propinquiori
1232 1194 1311 1238 pro
1347 1182 1613 1238 remotiori,
1651 1183 1801 1228 valida
1850 1185 1938 1228 erit

157 1262 451 1321 dispensatio,
486 1276 615 1307 secus
648 1262 682 1307 si
719 1277 845 1307 error
879 1263 964 1306 fuit
996 1263 1117 1307 circa
1152 1277 1295 1320 genus
1328 1264 1666 1322 impedimenti,
1701 1271 1780 1310 aut
1815 1266 1933 1312 circa

157 1345 592 1403 impedimentorum
628 1360 890 1390 numerum.

278 1430 404 1473 1070.
441 1429 613 1483 Quibus
646 1429 842 1487 peractis
874 1430 1106 1488 delegatus
1152 1431 1334 1490 conficit
1372 1431 1606 1475 decretum
1656 1435 1936 1477 executionis

158 1515 207 1557 in
248 1515 432 1570 seriptis
465 1527 556 1557 non
591 1517 746 1558 tamen
790 1513 873 1557 sub
916 1527 1060 1571 poena
1096 1514 1423 1570 invaliditatis,
1459 1515 1708 1560 dummodo
1743 1516 1856 1560 nihil
1889 1516 1934 1560 in

156 1597 339 1641 decreto
371 1595 614 1641 omittatur
645 1611 703 1640 ex
738 1596 790 1640 iis
822 1610 939 1656 quae
973 1596 1231 1641 necessario
1264 1597 1565 1655 exprimenda
1599 1603 1720 1642 sunt.

274 1680 421 1724 Huius
453 1679 624 1724 decreti
660 1685 1011 1736 transumptum
1046 1679 1251 1736 partibus
1282 1680 1555 1724 tradendum
1591 1685 1675 1724 est.

279 1763 404 1806 1071.
443 1764 499 1807 At
530 1761 807 1819 dispensatio
836 1775 924 1818 pro
958 1761 1060 1818 soro
1094 1767 1280 1807 tantum
1314 1765 1622 1807 eonscientiae
1668 1763 1714 1806 in
1758 1765 1934 1809 confes-

154 1848 281 1892 sione
306 1846 413 1891 viva
448 1860 561 1891 voce
594 1846 802 1890 facienda
826 1850 908 1890 est.
946 1851 1040 1903 lpse
1073 1846 1207 1890 debet
1234 1846 1281 1891 in
1305 1847 1593 1891 consessione
1623 1850 1933 1904 poenitentem

154 1932 448 1984 examinare,
484 1931 712 1986 inspicere
743 1942 801 1972 an
822 1942 980 1985 preces
1012 1930 1206 1972 veritate
1228 1931 1451 1973 nitantur
1473 1934 1519 1974 et
1542 1943 1600 1974 an
1626 1931 1760 1975 aliud
1792 1931 1937 1976 lateat

154 2014 552 2072 impedimentum,
588 2026 645 2057 an
679 2014 780 2057 sine
824 2013 1049 2057 seandalo
1098 2013 1205 2071 fieri
1232 2016 1370 2070 possit
1414 2017 1666 2071 separatio.
1723 2014 1937 2060 Diss'ertur

154 2096 431 2155 dispensatio
464 2096 609 2140 donec
641 2097 879 2140 auferatur
910 2077 1046 2140 causa
1085 2095 1291 2154 proxima
1326 2096 1563 2154 peccandi.

278 2181 403 2224 1072.
439 2180 750 2225 Confessarius
772 2183 927 2223 autem
952 2193 1044 2223 non
1071 2180 1238 2238 poterit
1256 2179 1512 2225 litterarum
1537 2180 1756 2238 originale
1779 2195 1934 2226 exem·

155 2267 250 2324 plar
290 2279 550 2320 asservare,
586 2265 662 2309 sed
697 2264 804 2308 illud
837 2265 1074 2308 destruere
1112 2269 1312 2308 tenetur.
1366 2264 1408 2308 Si
1458 2264 1842 2323 impedimentum
1876 2266 1935 2311 sit

153 2349 300 2393 solum
324 2362 380 2392 ex
404 2362 495 2392 una
521 2353 646 2406 parte
670 2347 736 2391 uti
763 2352 923 2391 votum
956 2347 1198 2403 castitatis,
1232 2348 1302 2392 vel
1327 2348 1361 2391 si
1386 2352 1455 2392 est
1487 2361 1545 2392 ex
1576 2354 1775 2406 utraque
1798 2355 1934 2405 parte

152 2432 530 2477 contrahentium
565 2431 702 2475 unius
734 2435 915 2475 tantum
966 2431 1147 2489 culpam
1193 2432 1330 2477 habet
1362 2432 1688 2489 coniunctam,
1724 2432 1770 2477 in
1814 2434 1934 2479 lianc

152 2515 298 2559 solum
332 2514 546 2559 executio
569 2513 664 2569 fiat,
689 2528 804 2573 quae
827 2513 958 2559 alteri
992 2514 1278 2559 manifestari
1312 2515 1446 2559 debet
1477 2515 1512 2559 si
1548 2515 1932 2573 impedimentum

152 2602 414 2656 cognoscat,
449 2611 580 2643 secus
611 2599 647 2642 si
682 2602 872 2657 uterque
906 2597 1281 2643 contrahentium
1315 2598 1552 2656 culpabilis
1583 2597 1654 2644 sit.

274 2682 400 2726 1075.
439 2684 607 2726 Verum
641 2682 952 2741 unusquisque
986 2683 1360 2728 contrahentium
1386 2687 1534 2741 potest
1555 2682 1721 2741 eligere
1755 2699 1835 2743 pro
1868 2685 1932 2729 lu-

152 2766 245 2811 hito
279 2765 609 2810 confessarium
652 2766 708 2810 ad
746 2779 822 2811 eas
856 2766 1031 2810 litteras
1077 2766 1385 2824 exequendas.
1438 2769 1564 2810 Tunc
1596 2771 1752 2811 autem
1796 2769 1933 2824 prior

151 2849 466 2907 confessarius
491 2854 589 2908 post
621 2850 1013 2907 dispensationem
1046 2853 1133 2894 ‘uni
1170 2850 1233 2894 ad
1264 2849 1473 2907 sormam
1512 2850 1781 2895 litterarum
1823 2864 1930 2895 con-

151 2946 343 2991 cessam,
377 2933 511 2978 debet
542 2933 697 2978 literas
730 2935 771 2977 S.
811 2933 984 2978 Poenit.
1018 2935 1276 2991 poenitenti
1307 2935 1574 2988 restituere,
1611 2938 1662 2977 ut
1694 2947 1774 2991 per
1806 2933 1929 2978 illam

151 3016 284 3062 alteri
319 3017 433 3075 parti
466 3017 709 3062 tradantur
749 3032 866 3077 quae
899 3017 1110 3062 similiter
1156 3018 1338 3063 easdem
1373 3018 1528 3063 literas
1559 3032 1716 3063 secum
1764 3018 1930 3079 exequi

151 3098 289 3144 faciat
323 3114 402 3159 per
433 3101 573 3146 alium
606 3099 963 3157 confessarium,
999 3102 1130 3146 cuius
1162 3102 1250 3146 erit
1282 3102 1329 3146 in
1362 3102 1623 3147 huiusmodi
1661 3116 1787 3158 casu,
1822 3116 1929 3148 con-

274 3195 587 3228 ZiTELm-Somem.
614 3215 649 3218 —
674 3197 723 3228 11.
1255 3206 1262 3213 ·
1767 3198 1806 3230 14
