2176 3386
622 14 635 19 -
650 0 708 24 :wf-
739 0 921 22 nra-2⁹²7:-
940 0 1106 22 >mv-*twa*
1216 0 1231 9 -’
1290 0 1293 1 ’
1339 0 1342 3 ·
1371 0 1437 19 xvv*
1462 0 1529 17 tw·
1547 2 1560 7 ff
1619 6 1622 7 ν
1642 0 1651 7 ⁵
1669 0 1688 3 ··

697 27 701 33 «
1015 34 1018 35 .
1078 21 1088 25 “
1122 22 1141 37 ι’,
1393 24 1398 34 x

749 188 879 217 Limia
906 188 931 216 1.
966 187 1023 216 DE
1053 185 1249 215 CLEmcls
1489 172 1498 179 “
1814 174 1895 213 285

106 299 376 358 dignitatem
411 295 733 356 episcopalem,
770 296 832 340 ita
864 299 1022 339 tamen
1057 298 1109 338 ut
1140 293 1187 338 in
1222 293 1545 352 peculiaribus,
1570 292 1750 338 casibus
1793 305 1894 351 pru-

107 383 270 427 denter
302 379 521 425 iudicium
557 380 675 424 ferre
707 377 1072 436 possint-utrum
1106 390 1211 422 cum
1235 375 1460 434 dignitate
1483 379 1529 420 et
1551 374 1699 420 officio
1722 375 1894 434 episco-

108 464 194 523 pali
229 464 330 508 illae
363 461 697 508 conveniant‘.
735 460 853 506 Hinc
885 460 1055 505 debent
1088 464 1326 505 tonsuram
1360 459 1524 517 capitis
1547 463 1742 516 gestare,
1770 459 1894 504 liabi-

106 552 206 592 tum
240 547 425 591 laneum
459 544 648 589 induere
681 544 884 588 eiusdem
917 544 1098 599 coloris,
1132 542 1208 602 qui
1243 541 1312 586 sui
1335 541 1520 586 Ordinis
1543 547 1611 586 est
1635 541 1891 600 proprius2.

110 634 214 675 Post
247 629 587 689 promotionem
623 631 899 685 recuperant
933 626 1002 671 ius
1041 626 1097 671 ad
1142 625 1448 671 haereditates
1490 624 1574 669 sibi
1613 625 1786 670 delatas
1832 624 1894 670 ita

109 718 266 757 tamen
301 716 351 755 ut
394 711 720 771 proprietatem
768 709 992 756 Ecclesiae
1026 723 1135 754 suae
1179 709 1426 768 adquirant
1463 714 1510 753 et
1553 709 1894 753 usumfructum

110 795 209 840 sibi.
248 795 520 853 Episcopatu
554 794 756 848 dimisso,
795 792 971 851 regredi
1004 792 1059 836 ad
1094 793 1292 836 claustra
1328 791 1498 836 debent
1531 791 1615 835 sub
1641 805 1786 849 poena
1811 790 1896 849 pri-

111 879 312 924 vationis
344 891 452 923 usus
485 876 817 936 pontificalium
853 881 916 932 et,
953 880 1053 934 post
1085 890 1287 931 annum,
1323 875 1637 934 suspensionis
1669 889 1693 919 a
1728 875 1898 920 divinis

111 963 207 1021 ipso
232 963 352 1006 facto
388 961 664 1006 incurrenda
685 960 715 1004 ³.
756 960 820 1004 Ad
856 959 1121 1018 religionem
1163 974 1272 1004 vero
1307 959 1551 1014 redientes,
1589 973 1681 1004 non
1707 963 1898 1018 possunt

110 1045 356 1103 dignitates
388 1049 434 1088 et
466 1042 613 1088 officia
648 1043 765 1087 illius
800 1042 1031 1100 religionis
1063 1043 1321 1087 obtinere&

229 1128 331 1172 551.
368 1127 477 1171 Heic
510 1126 769 1170 addendum
805 1125 945 1183 spolia
982 1139 1134 1169 rerum
1175 1126 1384 1169 omnium
1425 1129 1631 1183 tempore
1670 1124 1899 1169 missionis

114 1211 465 1271 adquisitarum,
493 1225 585 1255 non
611 1211 744 1255 modo
770 1223 795 1255 a
824 1209 1137 1265 Missionariis,
1159 1210 1234 1254 sed
1260 1209 1400 1254 etiam
1425 1211 1481 1253 ab
1503 1209 1731 1268 Episcopis
1757 1213 1898 1266 Regu-

111 1295 281 1340 laribus
315 1295 360 1338 in
396 1293 613 1338 missione
647 1292 933 1351 degentibus,
960 1308 1063 1337 aere
1098 1299 1143 1338 et
1176 1293 1434 1351 sumptibus
1457 1296 1619 1338 Sacrae
1647 1296 1898 1350 Congrega-

112 1378 252 1423 tionis
287 1378 378 1423 Fid.
417 1393 481 1436 pr.
522 1382 621 1436 post
653 1391 813 1421 eorum
847 1377 1022 1422 obitum
1057 1378 1111 1421 ad
1157 1380 1198 1422 S.
1236 1377 1646 1435 Congregationem
1693 1380 1899 1436 spectare

112 1467 158 1508 et
192 1463 237 1507 in
280 1462 526 1506 utilitatem
569 1461 797 1506 missionis
838 1475 936 1506 esse
982 1461 1210 1518 eroganda
1231 1461 1260 1505 ⁵.
1321 1463 1453 1504 Anno
1496 1475 1605 1505 vero
1658 1461 1769 1505 1775
1815 1461 1900 1505 hoc

114 1547 262 1604 ipsum
297 1546 383 1590 fuit
414 1546 652 1591 decretum
691 1560 769 1604 pro
804 1545 1018 1589 omnibus
1055 1544 1299 1603 Episcopis,
1337 1544 1529 1589 Vicariis
1555 1544 1824 1602 Apostolicis
1856 1548 1901 1588 et

115 1628 416 1674 Missionariis
449 1628 556 1674 cleri
592 1629 856 1684 saecularis,
881 1627 958 1687 qui
983 1643 1006 1672 a
1030 1629 1127 1672 Sac.
1156 1606 1744 1685 Congregationeialuntur.
1784 1635 1902 1680 Quo·

116 1712 236 1756 circa
262 1726 354 1756 non
392 1714 629 1771 pertinent
661 1713 717 1756 ad
752 1715 793 1757 S.
831 1711 1241 1769 Congregationem
1278 1712 1422 1770 ipsam
1458 1726 1509 1755 ea
1543 1725 1660 1770 quae
1704 1711 1901 1770 proprie-

119 1795 224 1839 tatis
256 1801 365 1840 sunt
398 1796 794 1841 missionariorum
831 1796 902 1839 vel
942 1796 1267 1853 Episcoporum
1301 1809 1510 1854 quaeque
1543 1796 1598 1839 ad
1633 1795 1902 1853 religionem

115 1880 398 1938 spectabant.
436 1880 563 1934 Quod
597 1879 632 1923 si
666 1880 720 1923 de
755 1879 808 1922 iis
840 1883 1018 1936 agatur,
1053 1880 1129 1938 qui
1153 1877 1413 1938 sumptibus
1437 1881 1600 1924 Sacrae
1624 1883 1786 1936 Congr.
1810 1893 1901 1923 non

115 1964 319 2019 aluntur,
341 1963 394 2007 ad
430 1978 531 2008 eam
566 1964 812 2007 dumtaxat
844 1966 1072 2021 spectant,
1107 1977 1225 2022 quae
1258 1963 1315 2006 ab
1341 1963 1433 2021 ipsa
1458 1964 1647 2006 fuerunt
1668 1962 1733 2006 eis
1755 1967 1903 2006 trans-

117 2046 269 2102 missa,
305 2061 378 2091 ex.
417 2062 481 2104 gr.
520 2047 710 2102 calices,
758 2046 1029 2091 indumenta
1072 2059 1217 2091 sacra.
1270 2051 1395 2100 Quae
1446 2060 1556 2090 vero
1598 2060 1655 2090 ex
1700 2045 1902 2090 fidelium

116 2130 423 2188 eleemosynis
456 2130 681 2189 adquisita
716 2135 840 2186 sunt,
877 2144 927 2174 ea
963 2130 1017 2175 ad
1052 2129 1319 2175 missionem
1357 2130 1617 2189 pertinent,
1653 2130 1903 2174 dummodo

116 2218 273 2258 tamen
307 2218 463 2271 aperte
496 2218 542 2258 et
574 2214 694 2258 clare
719 2228 811 2259 non
846 2218 1044 2270 constet,
1078 2228 1129 2258 ea
1165 2228 1256 2258 non
1294 2216 1451 2259 favore
1474 2213 1712 2268 ecclesiae,
1739 2213 1817 2258 sed
1839 2212 1903 2256 di-

119 2300 241 2340 recte
274 2296 338 2340 eis
370 2297 539 2341 donata
575 2297 739 2354 fuisse,
774 2311 864 2357 quo
898 2311 1008 2342 casu
1041 2298 1097 2342 ad
1131 2312 1290 2342 eorum
1334 2298 1551 2342 haeredes
1590 2301 1835 2342 transeunt
1869 2296 1899 2341 ⁶.

237 2464 247 2482 ¹
277 2464 310 2500 S.
338 2463 470 2509 Congr.
497 2465 590 2510 Epp.
617 2468 652 2500 et
679 2464 766 2509 Reg.
794 2464 815 2500 6
843 2464 927 2500 Maii
958 2464 1059 2501 1864.

237 2537 249 2554 ²
276 2537 412 2573 Bened.
439 2538 525 2573 XIV
552 2537 674 2574 Const.
704 2537 877 2574 Custodes
903 2538 922 2573 7
952 2538 1056 2574 Mart.
1085 2536 1185 2574 1726.

238 2606 251 2625 ³
277 2607 410 2643 Bened.
439 2608 523 2643 XIV
550 2607 673 2644 Const.
700 2608 759 2644 cit.

238 2677 251 2698 ³
278 2680 331 2715 lta
345 2689 390 2717 ex
409 2681 514 2717 Pauli
532 2681 582 2717 IV
601 2681 728 2717 const.
749 2681 792 2717 In
812 2682 924 2717 Sacra
944 2681 986 2717 19
1002 2682 1083 2718 Iulii
1106 2679 1206 2723 1559;
1227 2682 1400 2717 BARBosA
1420 2681 1458 2715 in
1478 2679 1619 2716 Collect.
1638 2679 1759 2724 Apost.
1778 2679 1906 2721 Decis.;

121 2752 333 2793 SQmLLAN'r
359 2754 400 2790 de
421 2754 586 2800 privileq.
613 2754 732 2799 Episc.
760 2763 793 2799 p.
820 2754 853 2796 2,
880 2763 960 2799 cap.
988 2753 1045 2789 22.

239 2824 250 2843 ⁵
279 2824 313 2860 S.
341 2824 473 2870 Congr.
501 2825 578 2861 Fid.
607 2825 714 2870 Prop.
742 2825 921 2871 probante
950 2825 1168 2861 Innocentio
1196 2825 1282 2860 xm
1310 2824 1354 2860 22
1382 2825 1576 2861 Decembr.
1607 2822 1709 2860 1702‘2.

239 2895 253 2915 ⁶
279 2896 396 2942 Super
421 2896 622 2933 residentia
647 2897 917 2943 Episcoporum
947 2896 1188 2943 Regularium
1208 2897 1288 2932 cfr.
1316 2896 1588 2933 Collectaneam
1623 2895 1657 2931 S.
1686 2895 1722 2931 C.
1749 2895 1906 2939 Propag.

122 2967 225 3005 Fidei
251 2978 285 3004 n.
311 2967 439 3004 84—87.
466 2967 537 3006 cfr.
563 2969 661 3005 decr.
687 2967 936 3005 95-105-106.
