<?xml version="1.0" encoding="UTF-8"?>
<!DOCTYPE html PUBLIC "-//W3C//DTD XHTML 1.0 Transitional//EN"
    "http://www.w3.org/TR/xhtml1/DTD/xhtml1-transitional.dtd">
<html xmlns="http://www.w3.org/1999/xhtml" xml:lang="en" lang="en">
 <head>
  <title>
</title>
<meta http-equiv="Content-Type" content="text/html;charset=utf-8" />
  <meta name='ocr-system' content='tesseract 3.04.00' />
  <meta name='ocr-capabilities' content='ocr_page ocr_carea ocr_par ocr_line ocrx_word'/>
</head>
<body>
  <div class='ocr_page' id='page_1' title='image "apparatus00ziteuoft_0271.png"; bbox 0 0 2176 3386; ppageno 0'>
   <div class='ocr_carea' id='block_1_1' title="bbox 0 0 698 220">
    <p class='ocr_par' dir='ltr' id='par_1_1' title="bbox 0 0 698 220">
     <span class='ocr_line' id='line_1_1' title="bbox 0 0 698 220; baseline 0 3166"><span class='ocrx_word' id='word_1_1' title='bbox 0 0 698 220; x_wconf 95' lang='lat' dir='ltr'><strong> </strong></span> 
     </span>
    </p>
   </div>
   <div class='ocr_carea' id='block_1_2' title="bbox 757 172 1901 219">
    <p class='ocr_par' dir='ltr' id='par_1_2' title="bbox 757 172 1901 219">
     <span class='ocr_line' id='line_1_2' title="bbox 757 172 1901 219; baseline -0.003 -3"><span class='ocrx_word' id='word_1_2' title='bbox 757 187 886 217; x_wconf 68' lang='lat' dir='ltr'><strong>Lmen</strong></span> <span class='ocrx_word' id='word_1_3' title='bbox 914 188 939 219; x_wconf 81' lang='lat'><strong>1,</strong></span> <span class='ocrx_word' id='word_1_4' title='bbox 974 187 1031 216; x_wconf 86' lang='lat' dir='ltr'><strong>DE</strong></span> <span class='ocrx_word' id='word_1_5' title='bbox 1059 185 1254 216; x_wconf 60' lang='lat' dir='ltr'><strong>cal-:mas</strong></span> <span class='ocrx_word' id='word_1_6' title='bbox 1817 172 1901 212; x_wconf 86' lang='lat'><strong>259</strong></span> 
     </span>
    </p>
   </div>
   <div class='ocr_carea' id='block_1_3' title="bbox 115 289 1908 2687">
    <p class='ocr_par' dir='ltr' id='par_1_3' title="bbox 115 289 1903 1190">
     <span class='ocr_line' id='line_1_3' title="bbox 115 289 1900 360; baseline -0.006 -14"><span class='ocrx_word' id='word_1_7' title='bbox 115 314 195 360; x_wconf 89' lang='lat' dir='ltr'><strong>pro</strong></span> <span class='ocrx_word' id='word_1_8' title='bbox 227 297 413 344; x_wconf 80' lang='lat' dir='ltr'><strong>feminis</strong></span> <span class='ocrx_word' id='word_1_9' title='bbox 445 301 492 342; x_wconf 92' lang='lat' dir='ltr'><strong>et</strong></span> <span class='ocrx_word' id='word_1_10' title='bbox 525 300 576 340; x_wconf 91' lang='lat' dir='ltr'><strong>ut</strong></span> <span class='ocrx_word' id='word_1_11' title='bbox 607 294 825 354; x_wconf 88' lang='lat' dir='ltr'><strong>probatae</strong></span> <span class='ocrx_word' id='word_1_12' title='bbox 858 293 984 338; x_wconf 90' lang='lat' dir='ltr'><strong>vitae</strong></span> <span class='ocrx_word' id='word_1_13' title='bbox 1025 289 1368 337; x_wconf 71' lang='lat' dir='ltr'><strong>institutoribus</strong></span> <span class='ocrx_word' id='word_1_14' title='bbox 1416 289 1732 353; x_wconf 80' lang='lat' dir='ltr'><strong>magisterium</strong></span> <span class='ocrx_word' id='word_1_15' title='bbox 1776 305 1900 336; x_wconf 91' lang='lat' dir='ltr'><strong>com·</strong></span> 
     </span>
     <span class='ocr_line' id='line_1_4' title="bbox 115 375 1900 435; baseline -0.005 -6"><span class='ocrx_word' id='word_1_16' title='bbox 115 383 373 429; x_wconf 88' lang='lat' dir='ltr'><strong>mendetur.</strong></span> <span class='ocrx_word' id='word_1_17' title='bbox 399 381 442 426; x_wconf 89' lang='lat'><strong>8.</strong></span> <span class='ocrx_word' id='word_1_18' title='bbox 466 380 624 435; x_wconf 81' lang='lat' dir='ltr'>Quoad</span> <span class='ocrx_word' id='word_1_19' title='bbox 650 377 871 425; x_wconf 89' lang='lat' dir='ltr'><strong>Ecclesias</strong></span> <span class='ocrx_word' id='word_1_20' title='bbox 893 377 1147 423; x_wconf 88' lang='lat' dir='ltr'><strong>visitandas</strong></span> <span class='ocrx_word' id='word_1_21' title='bbox 1173 375 1523 433; x_wconf 76' lang='lat' dir='ltr'><strong>distinguendae</strong></span> <span class='ocrx_word' id='word_1_22' title='bbox 1545 381 1655 420; x_wconf 89' lang='lat' dir='ltr'><strong>sunt</strong></span> <span class='ocrx_word' id='word_1_23' title='bbox 1672 375 1900 421; x_wconf 82' lang='lat' dir='ltr'><strong>Ecclesiae</strong></span> 
     </span>
     <span class='ocr_line' id='line_1_5' title="bbox 116 458 1900 524; baseline -0.004 -13"><span class='ocrx_word' id='word_1_24' title='bbox 116 464 408 524; x_wconf 85' lang='lat' dir='ltr'><strong>Regularium</strong></span> <span class='ocrx_word' id='word_1_25' title='bbox 452 463 510 508; x_wconf 92' lang='lat' dir='ltr'><strong>ab</strong></span> <span class='ocrx_word' id='word_1_26' title='bbox 542 461 758 507; x_wconf 84' lang='lat' dir='ltr'><strong>Ecclesiis</strong></span> <span class='ocrx_word' id='word_1_27' title='bbox 804 460 1129 506; x_wconf 87' lang='lat' dir='ltr'><strong>saecularibus.</strong></span> <span class='ocrx_word' id='word_1_28' title='bbox 1178 460 1441 504; x_wconf 81' lang='lat' dir='ltr'><strong>Saeculares</strong></span> <span class='ocrx_word' id='word_1_29' title='bbox 1491 458 1717 504; x_wconf 83' lang='lat' dir='ltr'><strong>Ecclesiae</strong></span> <span class='ocrx_word' id='word_1_30' title='bbox 1763 472 1900 518; x_wconf 86' lang='lat' dir='ltr'><strong>quae·</strong></span> 
     </span>
     <span class='ocr_line' id='line_1_6' title="bbox 115 540 1900 606; baseline -0.004 -12"><span class='ocrx_word' id='word_1_31' title='bbox 115 562 313 606; x_wconf 87' lang='lat' dir='ltr'><strong>cumque</strong></span> <span class='ocrx_word' id='word_1_32' title='bbox 345 547 439 591; x_wconf 89' lang='lat' dir='ltr'><strong>sint</strong></span> <span class='ocrx_word' id='word_1_33' title='bbox 476 545 682 603; x_wconf 86' lang='lat' dir='ltr'><strong>Episcopi</strong></span> <span class='ocrx_word' id='word_1_34' title='bbox 718 543 973 588; x_wconf 83' lang='lat' dir='ltr'><strong>visitationi</strong></span> <span class='ocrx_word' id='word_1_35' title='bbox 1006 542 1315 588; x_wconf 87' lang='lat' dir='ltr'><strong>subiiciuntur</strong></span> <span class='ocrx_word' id='word_1_36' title='bbox 1340 543 1371 598; x_wconf 80' lang='lat'><strong>¹,</strong></span> <span class='ocrx_word' id='word_1_37' title='bbox 1406 541 1587 587; x_wconf 87' lang='lat' dir='ltr'><strong>etiamsi</strong></span> <span class='ocrx_word' id='word_1_38' title='bbox 1610 541 1666 586; x_wconf 93' lang='grc'><strong>(16</strong></span> <span class='ocrx_word' id='word_1_39' title='bbox 1692 540 1900 586; x_wconf 80' lang='lat' dir='ltr'><strong>Ecclesi1s</strong></span> 
     </span>
     <span class='ocr_line' id='line_1_7' title="bbox 115 625 1901 687; baseline -0.005 -10"><span class='ocrx_word' id='word_1_40' title='bbox 115 630 456 678; x_wconf 90' lang='lat' dir='ltr'><strong>Commendatis</strong></span> <span class='ocrx_word' id='word_1_41' title='bbox 489 633 652 687; x_wconf 80' lang='lat' dir='ltr'><strong>agatur</strong></span> <span class='ocrx_word' id='word_1_42' title='bbox 674 629 707 683; x_wconf 82' lang='lat'><strong>²,</strong></span> <span class='ocrx_word' id='word_1_43' title='bbox 742 631 822 672; x_wconf 91' lang='lat' dir='ltr'><strong>aut</strong></span> <span class='ocrx_word' id='word_1_44' title='bbox 854 626 909 671; x_wconf 91' lang='lat' dir='ltr'><strong>de</strong></span> <span class='ocrx_word' id='word_1_45' title='bbox 945 626 1156 672; x_wconf 88' lang='lat' dir='ltr'><strong>Ecclesiis</strong></span> <span class='ocrx_word' id='word_1_46' title='bbox 1193 640 1311 685; x_wconf 83' lang='lat' dir='ltr'><strong>quae</strong></span> <span class='ocrx_word' id='word_1_47' title='bbox 1344 626 1392 671; x_wconf 94' lang='lat' dir='ltr'><strong>in</strong></span> <span class='ocrx_word' id='word_1_48' title='bbox 1427 640 1536 670; x_wconf 92' lang='lat' dir='ltr'><strong>vere</strong></span> <span class='ocrx_word' id='word_1_49' title='bbox 1579 625 1748 669; x_wconf 89' lang='lat' dir='ltr'><strong>nullius</strong></span> <span class='ocrx_word' id='word_1_50' title='bbox 1779 625 1901 669; x_wconf 89' lang='lat' dir='ltr'><strong>dioe-</strong></span> 
     </span>
     <span class='ocr_line' id='line_1_8' title="bbox 116 707 1899 772; baseline -0.006 -10"><span class='ocrx_word' id='word_1_51' title='bbox 116 716 207 762; x_wconf 87' lang='lat' dir='ltr'><strong>cesi</strong></span> <span class='ocrx_word' id='word_1_52' title='bbox 238 729 336 760; x_wconf 84' lang='lat' dir='ltr'><strong>esse</strong></span> <span class='ocrx_word' id='word_1_53' title='bbox 377 714 596 759; x_wconf 88' lang='lat' dir='ltr'><strong>dicuntur</strong></span> <span class='ocrx_word' id='word_1_54' title='bbox 636 726 753 772; x_wconf 91' lang='lat' dir='ltr'><strong>quae</strong></span> <span class='ocrx_word' id='word_1_55' title='bbox 794 711 1063 769; x_wconf 89' lang='lat' dir='ltr'><strong>regulariter</strong></span> <span class='ocrx_word' id='word_1_56' title='bbox 1103 712 1160 754; x_wconf 91' lang='lat' dir='ltr'><strong>ab</strong></span> <span class='ocrx_word' id='word_1_57' title='bbox 1206 710 1424 769; x_wconf 84' lang='lat' dir='ltr'><strong>Episcopo</strong></span> <span class='ocrx_word' id='word_1_58' title='bbox 1470 711 1691 753; x_wconf 78' lang='lat' dir='ltr'><strong>viciniori</strong></span> <span class='ocrx_word' id='word_1_59' title='bbox 1723 707 1899 752; x_wconf 84' lang='lat' dir='ltr'><strong>visitari</strong></span> 
     </span>
     <span class='ocr_line' id='line_1_9' title="bbox 115 791 1901 851; baseline -0.005 -7"><span class='ocrx_word' id='word_1_60' title='bbox 115 799 284 844; x_wconf 91' lang='lat' dir='ltr'><strong>debent</strong></span> <span class='ocrx_word' id='word_1_61' title='bbox 307 799 339 843; x_wconf 76' lang='lat'><strong>³.</strong></span> <span class='ocrx_word' id='word_1_62' title='bbox 377 798 419 842; x_wconf 89' lang='lat' dir='ltr'><strong>Si</strong></span> <span class='ocrx_word' id='word_1_63' title='bbox 453 797 508 841; x_wconf 90' lang='lat' dir='ltr'><strong>de</strong></span> <span class='ocrx_word' id='word_1_64' title='bbox 546 795 755 841; x_wconf 86' lang='lat' dir='ltr'><strong>Ecclesiis</strong></span> <span class='ocrx_word' id='word_1_65' title='bbox 783 794 1074 840; x_wconf 86' lang='lat' dir='ltr'><strong>Monasteriis</strong></span> <span class='ocrx_word' id='word_1_66' title='bbox 1110 793 1305 839; x_wconf 82' lang='lat' dir='ltr'><strong>adnexis</strong></span> <span class='ocrx_word' id='word_1_67' title='bbox 1347 796 1509 851; x_wconf 80' lang='lat' dir='ltr'><strong>agatur</strong></span> <span class='ocrx_word' id='word_1_68' title='bbox 1547 792 1591 836; x_wconf 93' lang='lat' dir='ltr'><strong>in</strong></span> <span class='ocrx_word' id='word_1_69' title='bbox 1636 791 1800 850; x_wconf 88' lang='lat' dir='ltr'><strong>quibus</strong></span> <span class='ocrx_word' id='word_1_70' title='bbox 1835 805 1901 835; x_wconf 90' lang='lat' dir='ltr'><strong>re-</strong></span> 
     </span>
     <span class='ocr_line' id='line_1_10' title="bbox 117 874 1897 940; baseline -0.005 -14"><span class='ocrx_word' id='word_1_71' title='bbox 117 882 283 940; x_wconf 89' lang='lat' dir='ltr'><strong>gularis</strong></span> <span class='ocrx_word' id='word_1_72' title='bbox 315 880 608 926; x_wconf 72' lang='lat' dir='ltr'><strong>observantia</strong></span> <span class='ocrx_word' id='word_1_73' title='bbox 634 879 775 937; x_wconf 89' lang='lat' dir='ltr'><strong>viget,</strong></span> <span class='ocrx_word' id='word_1_74' title='bbox 803 879 886 923; x_wconf 88' lang='lat' dir='ltr'><strong>hae</strong></span> <span class='ocrx_word' id='word_1_75' title='bbox 910 893 1002 923; x_wconf 91' lang='lat' dir='ltr'><strong>non</strong></span> <span class='ocrx_word' id='word_1_76' title='bbox 1038 877 1290 922; x_wconf 78' lang='lat' dir='ltr'><strong>visitantur</strong></span> <span class='ocrx_word' id='word_1_77' title='bbox 1321 877 1377 920; x_wconf 90' lang='lat' dir='ltr'><strong>ab</strong></span> <span class='ocrx_word' id='word_1_78' title='bbox 1413 875 1631 933; x_wconf 87' lang='lat' dir='ltr'><strong>Episcopo</strong></span> <span class='ocrx_word' id='word_1_79' title='bbox 1664 874 1750 919; x_wconf 86' lang='lat' dir='ltr'><strong>nisi</strong></span> <span class='ocrx_word' id='word_1_80' title='bbox 1788 876 1826 931; x_wconf 87' lang='grc'><strong>1)</strong></span> <span class='ocrx_word' id='word_1_81' title='bbox 1855 874 1897 918; x_wconf 93' lang='lat' dir='ltr'><strong>in</strong></span> 
     </span>
     <span class='ocr_line' id='line_1_11' title="bbox 117 958 1903 1019; baseline -0.005 -9"><span class='ocrx_word' id='word_1_82' title='bbox 117 965 203 1010; x_wconf 93' lang='lat' dir='ltr'><strong>illis</strong></span> <span class='ocrx_word' id='word_1_83' title='bbox 240 964 450 1009; x_wconf 85' lang='lat' dir='ltr'><strong>Ecclesiis</strong></span> <span class='ocrx_word' id='word_1_84' title='bbox 472 964 732 1008; x_wconf 89' lang='lat' dir='ltr'><strong>animarum</strong></span> <span class='ocrx_word' id='word_1_85' title='bbox 757 976 865 1007; x_wconf 91' lang='lat' dir='ltr'><strong>cura</strong></span> <span class='ocrx_word' id='word_1_86' title='bbox 889 965 1162 1006; x_wconf 87' lang='lat' dir='ltr'><strong>exerceatur</strong></span> <span class='ocrx_word' id='word_1_87' title='bbox 1188 961 1234 1005; x_wconf 94' lang='lat' dir='ltr'><strong>in</strong></span> <span class='ocrx_word' id='word_1_88' title='bbox 1261 972 1479 1019; x_wconf 83' lang='lat' dir='ltr'><strong>personas</strong></span> <span class='ocrx_word' id='word_1_89' title='bbox 1510 958 1650 1004; x_wconf 89' lang='lat' dir='ltr'><strong>etiam</strong></span> <span class='ocrx_word' id='word_1_90' title='bbox 1684 958 1903 1016; x_wconf 88' lang='lat' dir='ltr'><strong>degentes</strong></span> 
     </span>
     <span class='ocr_line' id='line_1_12' title="bbox 117 1044 1903 1103; baseline -0.003 -10"><span class='ocrx_word' id='word_1_91' title='bbox 117 1051 247 1093; x_wconf 87' lang='lat' dir='ltr'><strong>extra</strong></span> <span class='ocrx_word' id='word_1_92' title='bbox 283 1046 549 1092; x_wconf 82' lang='lat' dir='ltr'><strong>Monasterii</strong></span> <span class='ocrx_word' id='word_1_93' title='bbox 584 1047 780 1091; x_wconf 86' lang='lat' dir='ltr'><strong>claustra</strong></span> <span class='ocrx_word' id='word_1_94' title='bbox 807 1047 820 1070; x_wconf 56' lang='lat'><strong>4</strong></span> <span class='ocrx_word' id='word_1_95' title='bbox 862 1047 906 1103; x_wconf 74' lang='lat'><strong>2)</strong></span> <span class='ocrx_word' id='word_1_96' title='bbox 942 1047 1015 1090; x_wconf 90' lang='lat' dir='ltr'><strong>vel</strong></span> <span class='ocrx_word' id='word_1_97' title='bbox 1060 1047 1115 1090; x_wconf 88' lang='lat' dir='ltr'><strong>de</strong></span> <span class='ocrx_word' id='word_1_98' title='bbox 1158 1045 1367 1090; x_wconf 85' lang='lat' dir='ltr'><strong>Ecclesiis</strong></span> <span class='ocrx_word' id='word_1_99' title='bbox 1412 1044 1703 1102; x_wconf 84' lang='lat' dir='ltr'><strong>Regularium</strong></span> <span class='ocrx_word' id='word_1_100' title='bbox 1742 1048 1903 1100; x_wconf 86' lang='lat' dir='ltr'><strong>agatur</strong></span> 
     </span>
     <span class='ocr_line' id='line_1_13' title="bbox 118 1130 1425 1190; baseline -0.002 -15"><span class='ocrx_word' id='word_1_101' title='bbox 118 1131 164 1175; x_wconf 92' lang='lat' dir='ltr'><strong>in</strong></span> <span class='ocrx_word' id='word_1_102' title='bbox 198 1130 363 1190; x_wconf 82' lang='lat' dir='ltr'><strong>quibus</strong></span> <span class='ocrx_word' id='word_1_103' title='bbox 395 1130 615 1174; x_wconf 87' lang='lat' dir='ltr'><strong>laicorum</strong></span> <span class='ocrx_word' id='word_1_104' title='bbox 650 1130 1057 1174; x_wconf 67' lang='lat' dir='ltr'><strong>confraternitates</strong></span> <span class='ocrx_word' id='word_1_105' title='bbox 1089 1133 1270 1173; x_wconf 84' lang='lat' dir='ltr'><strong>erectae</strong></span> <span class='ocrx_word' id='word_1_106' title='bbox 1302 1132 1425 1172; x_wconf 88' lang='lat' dir='ltr'><strong>sunt.</strong></span> 
     </span>
    </p>

    <p class='ocr_par' dir='ltr' id='par_1_4' title="bbox 119 1197 1904 1852">
     <span class='ocr_line' id='line_1_14' title="bbox 237 1197 1900 1272; baseline -0.003 -14"><span class='ocrx_word' id='word_1_107' title='bbox 237 1214 337 1258; x_wconf 69' lang='lat'>⁰295.</span> <span class='ocrx_word' id='word_1_108' title='bbox 370 1217 470 1267; x_wconf 85' lang='lat' dir='ltr'><strong>Res,</strong></span> <span class='ocrx_word' id='word_1_109' title='bbox 491 1227 608 1272; x_wconf 88' lang='lat' dir='ltr'><strong>quae</strong></span> <span class='ocrx_word' id='word_1_110' title='bbox 627 1197 869 1257; x_wconf 81' lang='lat' dir='ltr'><strong>materiam</strong></span> <span class='ocrx_word' id='word_1_111' title='bbox 892 1212 1168 1256; x_wconf 69' lang='lat' dir='ltr'><strong>x·isitationis</strong></span> <span class='ocrx_word' id='word_1_112' title='bbox 1191 1211 1500 1266; x_wconf 88' lang='lat' dir='ltr'><strong>constituunt,</strong></span> <span class='ocrx_word' id='word_1_113' title='bbox 1525 1216 1656 1255; x_wconf 88' lang='lat' dir='ltr'><strong>sunt:</strong></span> <span class='ocrx_word' id='word_1_114' title='bbox 1690 1212 1724 1267; x_wconf 88' lang='lat' dir='ltr'><strong>l)</strong></span> <span class='ocrx_word' id='word_1_115' title='bbox 1749 1213 1900 1254; x_wconf 74' lang='lat' dir='ltr'><strong>Sacra-</strong></span> 
     </span>
     <span class='ocr_line' id='line_1_15' title="bbox 120 1294 1902 1355; baseline -0.002 -13"><span class='ocrx_word' id='word_1_116' title='bbox 120 1302 292 1342; x_wconf 83' lang='lat' dir='ltr'><strong>menta.</strong></span> <span class='ocrx_word' id='word_1_117' title='bbox 330 1301 384 1341; x_wconf 89' lang='lat' dir='ltr'><strong>Et</strong></span> <span class='ocrx_word' id='word_1_118' title='bbox 415 1297 562 1355; x_wconf 85' lang='lat' dir='ltr'><strong>quoad</strong></span> <span class='ocrx_word' id='word_1_119' title='bbox 598 1298 879 1355; x_wconf 86' lang='lat' dir='ltr'><strong>Baptismnm</strong></span> <span class='ocrx_word' id='word_1_120' title='bbox 917 1296 1117 1355; x_wconf 88' lang='lat' dir='ltr'><strong>inquiret</strong></span> <span class='ocrx_word' id='word_1_121' title='bbox 1155 1297 1398 1354; x_wconf 84' lang='lat' dir='ltr'><strong>Episcopus</strong></span> <span class='ocrx_word' id='word_1_122' title='bbox 1430 1309 1488 1339; x_wconf 92' lang='lat' dir='ltr'><strong>an</strong></span> <span class='ocrx_word' id='word_1_123' title='bbox 1525 1296 1626 1339; x_wconf 85' lang='lat' dir='ltr'><strong>fons</strong></span> <span class='ocrx_word' id='word_1_124' title='bbox 1660 1294 1902 1353; x_wconf 88' lang='lat' dir='ltr'><strong>baptisma-</strong></span> 
     </span>
     <span class='ocr_line' id='line_1_16' title="bbox 119 1379 1902 1439; baseline -0.001 -13"><span class='ocrx_word' id='word_1_125' title='bbox 119 1382 173 1426; x_wconf 92' lang='lat' dir='ltr'><strong>lis</strong></span> <span class='ocrx_word' id='word_1_126' title='bbox 204 1396 261 1426; x_wconf 89' lang='lat' dir='ltr'><strong>ex</strong></span> <span class='ocrx_word' id='word_1_127' title='bbox 298 1381 488 1425; x_wconf 87' lang='lat' dir='ltr'><strong>materia</strong></span> <span class='ocrx_word' id='word_1_128' title='bbox 526 1381 664 1425; x_wconf 87' lang='lat' dir='ltr'><strong>solida</strong></span> <span class='ocrx_word' id='word_1_129' title='bbox 700 1382 939 1425; x_wconf 81' lang='lat' dir='ltr'><strong>confectus</strong></span> <span class='ocrx_word' id='word_1_130' title='bbox 972 1381 1226 1439; x_wconf 79' lang='lat' dir='ltr'><strong>ceterisque</strong></span> <span class='ocrx_word' id='word_1_131' title='bbox 1261 1380 1396 1424; x_wconf 89' lang='lat' dir='ltr'><strong>rebns</strong></span> <span class='ocrx_word' id='word_1_132' title='bbox 1427 1379 1482 1424; x_wconf 90' lang='lat' dir='ltr'><strong>ad</strong></span> <span class='ocrx_word' id='word_1_133' title='bbox 1513 1379 1789 1435; x_wconf 88' lang='lat' dir='ltr'><strong>baptismum</strong></span> <span class='ocrx_word' id='word_1_134' title='bbox 1826 1394 1902 1424; x_wconf 88' lang='lat' dir='ltr'><strong>ne-</strong></span> 
     </span>
     <span class='ocr_line' id='line_1_17' title="bbox 120 1461 1903 1520; baseline -0.001 -13"><span class='ocrx_word' id='word_1_135' title='bbox 120 1461 328 1507; x_wconf 87' lang='lat' dir='ltr'><strong>cessariis</strong></span> <span class='ocrx_word' id='word_1_136' title='bbox 362 1462 446 1506; x_wconf 84' lang='lat' dir='ltr'><strong>rite</strong></span> <span class='ocrx_word' id='word_1_137' title='bbox 481 1462 735 1506; x_wconf 81' lang='lat' dir='ltr'><strong>instructus</strong></span> <span class='ocrx_word' id='word_1_138' title='bbox 768 1463 964 1517; x_wconf 87' lang='lat' dir='ltr'><strong>existat;</strong></span> <span class='ocrx_word' id='word_1_139' title='bbox 1000 1461 1120 1506; x_wconf 88' lang='lat' dir='ltr'><strong>circa</strong></span> <span class='ocrx_word' id='word_1_140' title='bbox 1158 1467 1338 1519; x_wconf 90' lang='lat' dir='ltr'><strong>tempus</strong></span> <span class='ocrx_word' id='word_1_141' title='bbox 1372 1461 1614 1520; x_wconf 78' lang='lat' dir='ltr'><strong>baptismi,</strong></span> <span class='ocrx_word' id='word_1_142' title='bbox 1650 1476 1708 1505; x_wconf 91' lang='lat' dir='ltr'><strong>an</strong></span> <span class='ocrx_word' id='word_1_143' title='bbox 1753 1461 1903 1506; x_wconf 84' lang='lat' dir='ltr'><strong>infan-</strong></span> 
     </span>
     <span class='ocr_line' id='line_1_18' title="bbox 122 1544 1902 1601; baseline 0 -12"><span class='ocrx_word' id='word_1_144' title='bbox 122 1545 240 1589; x_wconf 88' lang='lat' dir='ltr'><strong>tibus</strong></span> <span class='ocrx_word' id='word_1_145' title='bbox 273 1546 388 1590; x_wconf 88' lang='lat' dir='ltr'><strong>ultra</strong></span> <span class='ocrx_word' id='word_1_146' title='bbox 425 1550 515 1589; x_wconf 87' lang='lat' dir='ltr'><strong>tres</strong></span> <span class='ocrx_word' id='word_1_147' title='bbox 547 1545 643 1589; x_wconf 89' lang='lat' dir='ltr'><strong>dies</strong></span> <span class='ocrx_word' id='word_1_148' title='bbox 674 1544 935 1601; x_wconf 75' lang='lat' dir='ltr'><strong>differatur;</strong></span> <span class='ocrx_word' id='word_1_149' title='bbox 972 1544 1091 1589; x_wconf 89' lang='lat' dir='ltr'><strong>circa</strong></span> <span class='ocrx_word' id='word_1_150' title='bbox 1129 1545 1315 1589; x_wconf 90' lang='lat' dir='ltr'><strong>modum</strong></span> <span class='ocrx_word' id='word_1_151' title='bbox 1341 1559 1397 1588; x_wconf 88' lang='lat' dir='ltr'><strong>an</strong></span> <span class='ocrx_word' id='word_1_152' title='bbox 1422 1549 1552 1590; x_wconf 87' lang='lat' dir='ltr'><strong>extra</strong></span> <span class='ocrx_word' id='word_1_153' title='bbox 1581 1546 1902 1590; x_wconf 76' lang='lat' dir='ltr'><strong>necessitatem</strong></span> 
     </span>
     <span class='ocr_line' id='line_1_19' title="bbox 121 1628 1903 1686; baseline -0.001 -13"><span class='ocrx_word' id='word_1_154' title='bbox 121 1630 387 1673; x_wconf 85' lang='lat' dir='ltr'><strong>conferatur</strong></span> <span class='ocrx_word' id='word_1_155' title='bbox 421 1628 562 1683; x_wconf 75' lang='lat' dir='ltr'><strong>domi,</strong></span> <span class='ocrx_word' id='word_1_156' title='bbox 598 1642 655 1672; x_wconf 90' lang='lat' dir='ltr'><strong>an</strong></span> <span class='ocrx_word' id='word_1_157' title='bbox 693 1628 993 1686; x_wconf 85' lang='lat' dir='ltr'><strong>imponantur</strong></span> <span class='ocrx_word' id='word_1_158' title='bbox 1019 1628 1311 1672; x_wconf 82' lang='lat' dir='ltr'><strong>ethnicorum</strong></span> <span class='ocrx_word' id='word_1_159' title='bbox 1348 1628 1553 1683; x_wconf 85' lang='lat' dir='ltr'><strong>nomina,</strong></span> <span class='ocrx_word' id='word_1_160' title='bbox 1589 1644 1647 1673; x_wconf 91' lang='lat' dir='ltr'><strong>an</strong></span> <span class='ocrx_word' id='word_1_161' title='bbox 1685 1642 1903 1686; x_wconf 83' lang='lat' dir='ltr'><strong>personae</strong></span> 
     </span>
     <span class='ocr_line' id='line_1_20' title="bbox 120 1711 1904 1769; baseline 0.001 -12"><span class='ocrx_word' id='word_1_162' title='bbox 120 1711 351 1769; x_wconf 84' lang='lat' dir='ltr'><strong>legitimae</strong></span> <span class='ocrx_word' id='word_1_163' title='bbox 386 1713 428 1755; x_wconf 93' lang='lat' dir='ltr'><strong>in</strong></span> <span class='ocrx_word' id='word_1_164' title='bbox 467 1711 671 1769; x_wconf 86' lang='lat' dir='ltr'><strong>patrinos</strong></span> <span class='ocrx_word' id='word_1_165' title='bbox 704 1712 954 1769; x_wconf 79' lang='lat' dir='ltr'><strong>eligantur3</strong></span> <span class='ocrx_word' id='word_1_166' title='bbox 1010 1712 1130 1756; x_wconf 88' lang='lat' dir='ltr'><strong>circa</strong></span> <span class='ocrx_word' id='word_1_167' title='bbox 1174 1713 1465 1768; x_wconf 79' lang='lat' dir='ltr'><strong>obstetrices,</strong></span> <span class='ocrx_word' id='word_1_168' title='bbox 1506 1728 1563 1757; x_wconf 88' lang='lat' dir='ltr'><strong>an</strong></span> <span class='ocrx_word' id='word_1_169' title='bbox 1611 1713 1904 1758; x_wconf 87' lang='lat' dir='ltr'><strong>examinatae</strong></span> 
     </span>
     <span class='ocr_line' id='line_1_21' title="bbox 121 1794 614 1852; baseline -0.002 -14"><span class='ocrx_word' id='word_1_170' title='bbox 121 1794 212 1839; x_wconf 90' lang='lat' dir='ltr'><strong>sint</strong></span> <span class='ocrx_word' id='word_1_171' title='bbox 244 1800 290 1839; x_wconf 89' lang='lat' dir='ltr'><strong>et</strong></span> <span class='ocrx_word' id='word_1_172' title='bbox 322 1795 614 1852; x_wconf 84' lang='lat' dir='ltr'><strong>approbatae.</strong></span> 
     </span>
    </p>

    <p class='ocr_par' dir='ltr' id='par_1_5' title="bbox 123 1880 1904 2104">
     <span class='ocr_line' id='line_1_22' title="bbox 240 1880 1904 1940; baseline 0 -16"><span class='ocrx_word' id='word_1_173' title='bbox 240 1881 341 1924; x_wconf 72' lang='lat'><strong>294.</strong></span> <span class='ocrx_word' id='word_1_174' title='bbox 379 1880 536 1934; x_wconf 80' lang='lat' dir='ltr'><strong>Quoad</strong></span> <span class='ocrx_word' id='word_1_175' title='bbox 569 1885 912 1925; x_wconf 84' lang='lat' dir='ltr'><strong>sacramentnm</strong></span> <span class='ocrx_word' id='word_1_176' title='bbox 949 1880 1320 1926; x_wconf 75' lang='lat' dir='ltr'><strong>Confirmationis</strong></span> <span class='ocrx_word' id='word_1_177' title='bbox 1354 1881 1680 1940; x_wconf 59' lang='lat' dir='ltr'><strong>inquirendum</strong></span> <span class='ocrx_word' id='word_1_178' title='bbox 1714 1882 1772 1925; x_wconf 90' lang='lat' dir='ltr'><strong>ab</strong></span> <span class='ocrx_word' id='word_1_179' title='bbox 1808 1881 1904 1939; x_wconf 92' lang='lat' dir='ltr'><strong>Epi-</strong></span> 
     </span>
     <span class='ocr_line' id='line_1_23' title="bbox 123 1962 1903 2020; baseline 0.001 -14"><span class='ocrx_word' id='word_1_180' title='bbox 123 1975 256 2019; x_wconf 89' lang='lat' dir='ltr'><strong>scopo</strong></span> <span class='ocrx_word' id='word_1_181' title='bbox 279 1966 363 2017; x_wconf 81' lang='lat' dir='ltr'><strong>est,</strong></span> <span class='ocrx_word' id='word_1_182' title='bbox 400 1976 457 2006; x_wconf 89' lang='lat' dir='ltr'><strong>an</strong></span> <span class='ocrx_word' id='word_1_183' title='bbox 493 1962 547 2006; x_wconf 87' lang='lat' dir='ltr'><strong>ad</strong></span> <span class='ocrx_word' id='word_1_184' title='bbox 582 1977 683 2006; x_wconf 90' lang='lat' dir='ltr'><strong>eam</strong></span> <span class='ocrx_word' id='word_1_185' title='bbox 719 1963 1028 2007; x_wconf 88' lang='lat' dir='ltr'><strong>admittantur</strong></span> <span class='ocrx_word' id='word_1_186' title='bbox 1060 1962 1262 2008; x_wconf 88' lang='lat' dir='ltr'><strong>minores</strong></span> <span class='ocrx_word' id='word_1_187' title='bbox 1294 1963 1535 2020; x_wconf 88' lang='lat' dir='ltr'><strong>septennio</strong></span> <span class='ocrx_word' id='word_1_188' title='bbox 1569 1969 1615 2008; x_wconf 89' lang='lat' dir='ltr'><strong>et</strong></span> <span class='ocrx_word' id='word_1_189' title='bbox 1644 1964 1785 2008; x_wconf 90' lang='lat' dir='ltr'><strong>adulti</strong></span> <span class='ocrx_word' id='word_1_190' title='bbox 1812 1976 1903 2009; x_wconf 88' lang='lat' dir='ltr'><strong>non</strong></span> 
     </span>
     <span class='ocr_line' id='line_1_24' title="bbox 123 2044 1550 2104; baseline 0.001 -16"><span class='ocrx_word' id='word_1_191' title='bbox 123 2044 335 2098; x_wconf 83' lang='lat' dir='ltr'><strong>confessi,</strong></span> <span class='ocrx_word' id='word_1_192' title='bbox 372 2059 429 2089; x_wconf 92' lang='lat' dir='ltr'><strong>an</strong></span> <span class='ocrx_word' id='word_1_193' title='bbox 466 2044 696 2102; x_wconf 84' lang='lat' dir='ltr'><strong>legitimae</strong></span> <span class='ocrx_word' id='word_1_194' title='bbox 733 2059 951 2103; x_wconf 75' lang='lat' dir='ltr'><strong>personae</strong></span> <span class='ocrx_word' id='word_1_195' title='bbox 987 2045 1031 2090; x_wconf 93' lang='lat' dir='ltr'><strong>in</strong></span> <span class='ocrx_word' id='word_1_196' title='bbox 1068 2045 1275 2103; x_wconf 89' lang='lat' dir='ltr'><strong>patrinos</strong></span> <span class='ocrx_word' id='word_1_197' title='bbox 1307 2046 1550 2104; x_wconf 84' lang='lat' dir='ltr'><strong>eligantur.</strong></span> 
     </span>
    </p>

    <p class='ocr_par' dir='ltr' id='par_1_6' title="bbox 123 2129 1908 2687">
     <span class='ocr_line' id='line_1_25' title="bbox 243 2129 1905 2190; baseline 0.002 -18"><span class='ocrx_word' id='word_1_198' title='bbox 243 2129 344 2173; x_wconf 69' lang='lat'><strong>295.</strong></span> <span class='ocrx_word' id='word_1_199' title='bbox 381 2129 538 2182; x_wconf 84' lang='lat' dir='ltr'><strong>Quoad</strong></span> <span class='ocrx_word' id='word_1_200' title='bbox 572 2133 916 2173; x_wconf 86' lang='lat' dir='ltr'><strong>sacramentnm</strong></span> <span class='ocrx_word' id='word_1_201' title='bbox 946 2129 1255 2174; x_wconf 84' lang='lat' dir='ltr'><strong>Eucharistiae</strong></span> <span class='ocrx_word' id='word_1_202' title='bbox 1296 2130 1619 2190; x_wconf 85' lang='lat' dir='ltr'><strong>inquirendum</strong></span> <span class='ocrx_word' id='word_1_203' title='bbox 1655 2131 1776 2175; x_wconf 89' lang='lat' dir='ltr'><strong>circa</strong></span> <span class='ocrx_word' id='word_1_204' title='bbox 1812 2146 1905 2176; x_wconf 90' lang='lat' dir='ltr'><strong>mo-</strong></span> 
     </span>
     <span class='ocr_line' id='line_1_26' title="bbox 123 2212 1905 2271; baseline 0.001 -15"><span class='ocrx_word' id='word_1_205' title='bbox 123 2212 230 2256; x_wconf 91' lang='lat' dir='ltr'><strong>dum</strong></span> <span class='ocrx_word' id='word_1_206' title='bbox 255 2225 344 2270; x_wconf 84' lang='lat' dir='ltr'><strong>quo</strong></span> <span class='ocrx_word' id='word_1_207' title='bbox 368 2216 596 2267; x_wconf 83' lang='lat' dir='ltr'><strong>servatur,</strong></span> <span class='ocrx_word' id='word_1_208' title='bbox 624 2226 682 2256; x_wconf 91' lang='lat' dir='ltr'><strong>an</strong></span> <span class='ocrx_word' id='word_1_209' title='bbox 709 2212 752 2255; x_wconf 93' lang='lat' dir='ltr'><strong>in</strong></span> <span class='ocrx_word' id='word_1_210' title='bbox 778 2212 1093 2267; x_wconf 88' lang='lat' dir='ltr'><strong>tabernaculo,</strong></span> <span class='ocrx_word' id='word_1_211' title='bbox 1119 2213 1238 2271; x_wconf 84' lang='lat' dir='ltr'><strong>quod</strong></span> <span class='ocrx_word' id='word_1_212' title='bbox 1262 2212 1466 2256; x_wconf 88' lang='lat' dir='ltr'><strong>exterius</strong></span> <span class='ocrx_word' id='word_1_213' title='bbox 1488 2213 1546 2257; x_wconf 89' lang='lat' dir='ltr'><strong>sit</strong></span> <span class='ocrx_word' id='word_1_214' title='bbox 1569 2213 1737 2257; x_wconf 90' lang='lat' dir='ltr'><strong>decens</strong></span> <span class='ocrx_word' id='word_1_215' title='bbox 1765 2219 1811 2258; x_wconf 92' lang='lat' dir='ltr'><strong>et</strong></span> <span class='ocrx_word' id='word_1_216' title='bbox 1833 2228 1905 2258; x_wconf 88' lang='lat' dir='ltr'><strong>co-</strong></span> 
     </span>
     <span class='ocr_line' id='line_1_27' title="bbox 127 2295 1906 2355; baseline 0.002 -17"><span class='ocrx_word' id='word_1_217' title='bbox 127 2309 270 2353; x_wconf 89' lang='lat' dir='ltr'><strong>nopeo</strong></span> <span class='ocrx_word' id='word_1_218' title='bbox 303 2299 587 2350; x_wconf 88' lang='lat' dir='ltr'><strong>contectum,</strong></span> <span class='ocrx_word' id='word_1_219' title='bbox 625 2295 794 2353; x_wconf 85' lang='lat' dir='ltr'><strong>pariter</strong></span> <span class='ocrx_word' id='word_1_220' title='bbox 826 2297 1005 2340; x_wconf 89' lang='lat' dir='ltr'><strong>decenti</strong></span> <span class='ocrx_word' id='word_1_221' title='bbox 1041 2296 1295 2355; x_wconf 82' lang='lat' dir='ltr'><strong>colorisque</strong></span> <span class='ocrx_word' id='word_1_222' title='bbox 1330 2296 1436 2340; x_wconf 90' lang='lat' dir='ltr'><strong>ritui</strong></span> <span class='ocrx_word' id='word_1_223' title='bbox 1469 2311 1688 2355; x_wconf 89' lang='lat' dir='ltr'><strong>congruo,</strong></span> <span class='ocrx_word' id='word_1_224' title='bbox 1715 2297 1906 2342; x_wconf 86' lang='lat' dir='ltr'><strong>interius</strong></span> 
     </span>
     <span class='ocr_line' id='line_1_28' title="bbox 124 2378 1907 2438; baseline 0.001 -16"><span class='ocrx_word' id='word_1_225' title='bbox 124 2382 279 2425; x_wconf 84' lang='lat' dir='ltr'><strong>autem</strong></span> <span class='ocrx_word' id='word_1_226' title='bbox 312 2378 457 2422; x_wconf 87' lang='lat' dir='ltr'><strong>serico</strong></span> <span class='ocrx_word' id='word_1_227' title='bbox 490 2392 643 2436; x_wconf 89' lang='lat' dir='ltr'><strong>panno</strong></span> <span class='ocrx_word' id='word_1_228' title='bbox 676 2378 1095 2433; x_wconf 86' lang='lat' dir='ltr'><strong>circumvestitum,</strong></span> <span class='ocrx_word' id='word_1_229' title='bbox 1131 2379 1328 2438; x_wconf 88' lang='lat' dir='ltr'><strong>denique</strong></span> <span class='ocrx_word' id='word_1_230' title='bbox 1360 2379 1522 2424; x_wconf 84' lang='lat' dir='ltr'><strong>ostiolo</strong></span> <span class='ocrx_word' id='word_1_231' title='bbox 1565 2380 1696 2424; x_wconf 85' lang='lat' dir='ltr'><strong>tirmo</strong></span> <span class='ocrx_word' id='word_1_232' title='bbox 1740 2380 1907 2424; x_wconf 90' lang='lat' dir='ltr'><strong>instru-</strong></span> 
     </span>
     <span class='ocr_line' id='line_1_29' title="bbox 125 2462 1905 2521; baseline -0.001 -14"><span class='ocrx_word' id='word_1_233' title='bbox 125 2467 251 2507; x_wconf 88' lang='lat' dir='ltr'><strong>ctum</strong></span> <span class='ocrx_word' id='word_1_234' title='bbox 275 2476 381 2506; x_wconf 90' lang='lat' dir='ltr'><strong>cnm</strong></span> <span class='ocrx_word' id='word_1_235' title='bbox 416 2463 535 2507; x_wconf 91' lang='lat' dir='ltr'><strong>clavi</strong></span> <span class='ocrx_word' id='word_1_236' title='bbox 568 2462 768 2517; x_wconf 88' lang='lat' dir='ltr'><strong>decenti,</strong></span> <span class='ocrx_word' id='word_1_237' title='bbox 805 2477 919 2521; x_wconf 78' lang='lat' dir='ltr'><strong>qnae</strong></span> <span class='ocrx_word' id='word_1_238' title='bbox 952 2462 1196 2520; x_wconf 89' lang='lat' dir='ltr'><strong>diligenter</strong></span> <span class='ocrx_word' id='word_1_239' title='bbox 1231 2477 1369 2520; x_wconf 90' lang='lat' dir='ltr'><strong>penes</strong></span> <span class='ocrx_word' id='word_1_240' title='bbox 1404 2464 1655 2507; x_wconf 83' lang='lat' dir='ltr'><strong>Parochnm</strong></span> <span class='ocrx_word' id='word_1_241' title='bbox 1690 2462 1905 2507; x_wconf 87' lang='lat' dir='ltr'><strong>custodiri</strong></span> 
     </span>
     <span class='ocr_line' id='line_1_30' title="bbox 125 2545 1906 2604; baseline 0 -14"><span class='ocrx_word' id='word_1_242' title='bbox 125 2545 259 2590; x_wconf 90' lang='lat' dir='ltr'><strong>debet</strong></span> <span class='ocrx_word' id='word_1_243' title='bbox 290 2545 326 2589; x_wconf 93' lang='lat' dir='ltr'><strong>si</strong></span> <span class='ocrx_word' id='word_1_244' title='bbox 359 2550 522 2602; x_wconf 87' lang='lat' dir='ltr'><strong>agatur</strong></span> <span class='ocrx_word' id='word_1_245' title='bbox 553 2545 607 2589; x_wconf 89' lang='lat' dir='ltr'><strong>de</strong></span> <span class='ocrx_word' id='word_1_246' title='bbox 636 2546 827 2590; x_wconf 82' lang='lat' dir='ltr'><strong>ecclesia</strong></span> <span class='ocrx_word' id='word_1_247' title='bbox 862 2545 1126 2603; x_wconf 86' lang='lat' dir='ltr'><strong>parochiali,</strong></span> <span class='ocrx_word' id='word_1_248' title='bbox 1162 2545 1196 2590; x_wconf 93' lang='lat' dir='ltr'><strong>si</strong></span> <span class='ocrx_word' id='word_1_249' title='bbox 1231 2546 1285 2590; x_wconf 92' lang='grc'><strong>(16</strong></span> <span class='ocrx_word' id='word_1_250' title='bbox 1321 2546 1609 2601; x_wconf 89' lang='lat' dir='ltr'><strong>monialium,</strong></span> <span class='ocrx_word' id='word_1_251' title='bbox 1637 2559 1775 2604; x_wconf 90' lang='lat' dir='ltr'><strong>penes</strong></span> <span class='ocrx_word' id='word_1_252' title='bbox 1798 2550 1906 2604; x_wconf 90' lang='lat' dir='ltr'><strong>Cap-</strong></span> 
     </span>
     <span class='ocr_line' id='line_1_31' title="bbox 127 2626 1908 2687; baseline -0.001 -15"><span class='ocrx_word' id='word_1_253' title='bbox 127 2627 374 2685; x_wconf 88' lang='lat' dir='ltr'><strong>pellanum,</strong></span> <span class='ocrx_word' id='word_1_254' title='bbox 411 2640 503 2671; x_wconf 92' lang='lat' dir='ltr'><strong>non</strong></span> <span class='ocrx_word' id='word_1_255' title='bbox 538 2640 648 2671; x_wconf 88' lang='lat' dir='ltr'><strong>vero</strong></span> <span class='ocrx_word' id='word_1_256' title='bbox 683 2640 821 2684; x_wconf 89' lang='lat' dir='ltr'><strong>penes</strong></span> <span class='ocrx_word' id='word_1_257' title='bbox 854 2627 986 2685; x_wconf 91' lang='lat' dir='ltr'><strong>ipsas.</strong></span> <span class='ocrx_word' id='word_1_258' title='bbox 1023 2628 1354 2687; x_wconf 81' lang='lat' dir='ltr'><strong>Inquirendum</strong></span> <span class='ocrx_word' id='word_1_259' title='bbox 1389 2633 1641 2686; x_wconf 87' lang='lat' dir='ltr'><strong>praeterea,</strong></span> <span class='ocrx_word' id='word_1_260' title='bbox 1685 2642 1743 2671; x_wconf 92' lang='lat' dir='ltr'><strong>an</strong></span> <span class='ocrx_word' id='word_1_261' title='bbox 1791 2626 1908 2685; x_wconf 90' lang='lat' dir='ltr'><strong>pixis</strong></span> 
     </span>
    </p>
   </div>
   <div class='ocr_carea' id='block_1_4' title="bbox 128 2811 1906 3156">
    <p class='ocr_par' dir='ltr' id='par_1_7' title="bbox 245 2811 920 2873">
     <span class='ocr_line' id='line_1_32' title="bbox 245 2811 920 2873; baseline 0.003 -11"><span class='ocrx_word' id='word_1_262' title='bbox 245 2827 254 2845; x_wconf 95' lang='lat'>¹</span> <span class='ocrx_word' id='word_1_263' title='bbox 284 2811 396 2863; x_wconf 85' lang='lat' dir='ltr'><strong>Conc.</strong></span> <span class='ocrx_word' id='word_1_264' title='bbox 424 2827 522 2863; x_wconf 88' lang='lat' dir='ltr'><strong>Trid.</strong></span> <span class='ocrx_word' id='word_1_265' title='bbox 552 2828 647 2864; x_wconf 78' lang='lat' dir='ltr'><strong>sess.</strong></span> <span class='ocrx_word' id='word_1_266' title='bbox 676 2826 754 2869; x_wconf 92' lang='lat' dir='ltr'><strong>Vll,</strong></span> <span class='ocrx_word' id='word_1_267' title='bbox 782 2837 860 2873; x_wconf 84' lang='lat' dir='ltr'><strong>cap.</strong></span> <span class='ocrx_word' id='word_1_268' title='bbox 890 2828 920 2864; x_wconf 90' lang='lat'><strong>7.</strong></span> 
     </span>
    </p>

    <p class='ocr_par' dir='ltr' id='par_1_8' title="bbox 247 2891 875 2942">
     <span class='ocr_line' id='line_1_33' title="bbox 247 2891 875 2942; baseline 0 -8"><span class='ocrx_word' id='word_1_269' title='bbox 247 2898 258 2916; x_wconf 83' lang='lat'>²</span> <span class='ocrx_word' id='word_1_270' title='bbox 285 2898 395 2935; x_wconf 91' lang='lat' dir='ltr'><strong>Conc.</strong></span> <span class='ocrx_word' id='word_1_271' title='bbox 423 2891 519 2935; x_wconf 84' lang='lat' dir='ltr'><strong>Trid.</strong></span> <span class='ocrx_word' id='word_1_272' title='bbox 549 2899 644 2936; x_wconf 87' lang='lat' dir='ltr'><strong>Sess.</strong></span> <span class='ocrx_word' id='word_1_273' title='bbox 676 2899 732 2942; x_wconf 75' lang='grc'><strong>21,</strong></span> <span class='ocrx_word' id='word_1_274' title='bbox 761 2909 791 2935; x_wconf 78' lang='grc'><strong>6;</strong></span> <span class='ocrx_word' id='word_1_275' title='bbox 822 2899 875 2935; x_wconf 88' lang='grc'><strong>18.</strong></span> 
     </span>
    </p>

    <p class='ocr_par' dir='ltr' id='par_1_9' title="bbox 128 2968 1906 3085">
     <span class='ocr_line' id='line_1_34' title="bbox 246 2968 1906 3016; baseline 0 -11"><span class='ocrx_word' id='word_1_276' title='bbox 246 2968 258 2987; x_wconf 84' lang='lat'><strong>³</strong></span> <span class='ocrx_word' id='word_1_277' title='bbox 284 2969 394 3006; x_wconf 91' lang='lat' dir='ltr'><strong>Conc.</strong></span> <span class='ocrx_word' id='word_1_278' title='bbox 423 2969 522 3006; x_wconf 88' lang='lat' dir='ltr'><strong>Trid.</strong></span> <span class='ocrx_word' id='word_1_279' title='bbox 550 2970 646 3006; x_wconf 88' lang='lat' dir='ltr'><strong>Sess.</strong></span> <span class='ocrx_word' id='word_1_280' title='bbox 674 2969 729 3013; x_wconf 69' lang='lat'><strong>24,</strong></span> <span class='ocrx_word' id='word_1_281' title='bbox 757 2969 843 3014; x_wconf 86' lang='lat' dir='ltr'><strong>c.9;</strong></span> <span class='ocrx_word' id='word_1_282' title='bbox 872 2970 926 3006; x_wconf 79' lang='lat' dir='ltr'><strong>lta</strong></span> <span class='ocrx_word' id='word_1_283' title='bbox 953 2970 1166 3014; x_wconf 71' lang='lat' dir='ltr'><strong>FAGNANUS,</strong></span> <span class='ocrx_word' id='word_1_284' title='bbox 1193 2970 1366 3006; x_wconf 75' lang='lat' dir='ltr'><strong>BARBOSA</strong></span> <span class='ocrx_word' id='word_1_285' title='bbox 1393 2970 1496 3007; x_wconf 82' lang='lat' dir='ltr'><strong>Card.</strong></span> <span class='ocrx_word' id='word_1_286' title='bbox 1525 2970 1653 3006; x_wconf 66' lang='lat' dir='ltr'><strong>Pmnx</strong></span> <span class='ocrx_word' id='word_1_287' title='bbox 1678 2970 1814 3016; x_wconf 85' lang='lat' dir='ltr'><strong>aliique</strong></span> <span class='ocrx_word' id='word_1_288' title='bbox 1834 2980 1906 3006; x_wconf 87' lang='lat' dir='ltr'><strong>ma-</strong></span> 
     </span>
     <span class='ocr_line' id='line_1_35' title="bbox 128 3041 563 3085; baseline -0.007 -9"><span class='ocrx_word' id='word_1_289' title='bbox 128 3048 223 3085; x_wconf 80' lang='lat' dir='ltr'><strong>gnae</strong></span> <span class='ocrx_word' id='word_1_290' title='bbox 248 3044 357 3078; x_wconf 80' lang='lat' dir='ltr'><strong>notae</strong></span> <span class='ocrx_word' id='word_1_291' title='bbox 383 3041 563 3077; x_wconf 88' lang='lat' dir='ltr'><strong>doctores.</strong></span> 
     </span>
    </p>

    <p class='ocr_par' dir='ltr' id='par_1_10' title="bbox 244 3108 1500 3156">
     <span class='ocr_line' id='line_1_36' title="bbox 244 3108 1500 3156; baseline 0.001 -9"><span class='ocrx_word' id='word_1_292' title='bbox 244 3108 259 3130; x_wconf 71' lang='lat'><strong>&#39;⁵</strong></span> <span class='ocrx_word' id='word_1_293' title='bbox 283 3111 394 3149; x_wconf 84' lang='lat' dir='ltr'><strong>Cone.</strong></span> <span class='ocrx_word' id='word_1_294' title='bbox 422 3111 518 3148; x_wconf 87' lang='lat' dir='ltr'><strong>Trid.</strong></span> <span class='ocrx_word' id='word_1_295' title='bbox 546 3111 643 3148; x_wconf 88' lang='lat' dir='ltr'><strong>Sess.</strong></span> <span class='ocrx_word' id='word_1_296' title='bbox 670 3111 767 3156; x_wconf 86' lang='lat' dir='ltr'><strong>VIII,</strong></span> <span class='ocrx_word' id='word_1_297' title='bbox 789 3122 823 3148; x_wconf 87' lang='lat' dir='ltr'><strong>c.</strong></span> <span class='ocrx_word' id='word_1_298' title='bbox 852 3112 890 3154; x_wconf 92' lang='lat'><strong>7;</strong></span> <span class='ocrx_word' id='word_1_299' title='bbox 919 3112 1015 3149; x_wconf 84' lang='lat' dir='ltr'><strong>Sess.</strong></span> <span class='ocrx_word' id='word_1_300' title='bbox 1042 3111 1099 3155; x_wconf 80' lang='lat'><strong>25,</strong></span> <span class='ocrx_word' id='word_1_301' title='bbox 1126 3121 1156 3148; x_wconf 90' lang='grc'><strong>6.</strong></span> <span class='ocrx_word' id='word_1_302' title='bbox 1188 3112 1241 3155; x_wconf 87' lang='grc'><strong>11,</strong></span> <span class='ocrx_word' id='word_1_303' title='bbox 1270 3114 1314 3150; x_wconf 87' lang='grc'><strong>(16</strong></span> <span class='ocrx_word' id='word_1_304' title='bbox 1340 3113 1500 3149; x_wconf 83' lang='lat' dir='ltr'><strong>Reform.</strong></span> 
     </span>
    </p>
   </div>
  </div>
 </body>
</html>
