2176 3386
224 175 304 216 366
866 186 975 216 PARS
1004 187 1029 215 1.
1064 187 1121 216 DE
1149 185 1362 216 Pssnsoms
1388 184 1390 187 ·

221 309 361 356 quam
393 295 449 340 de
481 294 692 340 doctrina
718 312 727 352 ;
763 296 806 349 2)
843 294 898 340 (16
931 308 978 339 ῐ·6
1013 293 1134 339 facili
1167 293 1222 358 de
1254 306 1343 353 qua
1376 293 1498 338 inter
1524 297 1612 338 DD.
1640 293 1816 339 nullum
1841 294 1901 340 sit
1923 293 2008 340 du-

223 377 380 435 bium3
417 378 458 434 5)
495 377 551 423 de
583 391 691 423 casu
723 378 780 422 de
811 391 902 437 quo
941 377 1216 422 mandatum
1259 374 1384 421 Sedis
1433 375 1716 434 Apostolicae
1764 375 2003 421 habeatur.

229 466 294 508 lta
329 463 423 506 fere
458 461 759 506 Bellarminus
790 462 846 505 de
883 461 1099 505 Conciliis
1123 460 1134 482 ¹
1170 459 1246 503 ubi
1279 459 1335 503 ad
1367 459 1479 504 haec
1513 459 1599 503 tria
1621 459 1771 518 capita
1794 463 2009 518 exempta

226 545 389 604 redigit
428 545 627 591 Concilia
671 544 1003 600 provincialia,
1039 557 1156 603 quae
1189 543 1244 587 de
1277 543 1426 587 causis
1457 542 1561 588 fidei
1595 543 1815 588 iudicasse
1850 543 2008 589 dicun·

227 633 304 672 tur
326 627 357 672 ².
398 632 458 672 De
482 628 630 672 causis
652 627 869 684 gravibus
901 625 1218 670 criminalibus
1250 625 1470 670 adversus
1501 625 1700 685 aliquem
1738 626 2006 686 Episcopum

228 710 338 755 item
373 724 506 768 agere
542 724 632 754 non
668 722 813 767 posse,
851 708 931 764 ita,
968 712 1019 752 ut
1052 723 1110 753 ne
1150 707 1496 767 inquisitionem
1542 708 1727 767 quidem
1768 708 2009 753 instituere

227 798 366 854 queat
405 809 458 839 eo
492 794 632 838 etiam
668 794 757 838 line
793 797 843 836 ut
877 806 1139 852 processum
1175 793 1462 838 transmittat
1493 793 1549 837 ad
1592 792 1895 851 Apostolicam
1935 795 2008 838 Sc-

228 879 350 934 dem,
388 877 472 922 nisi
509 877 780 922 mandatum
815 878 872 921 ab
904 876 1065 921 eadem
1099 891 1151 921 ea
1185 876 1240 920 de
1263 889 1311 920 re
1333 876 1491 920 datum
1521 876 1659 920 fuerit
1681 876 1711 920 ⁴⁹².
1753 876 2009 934 Eademque

229 960 481 1019 generatim
516 960 707 1005 dicenda
742 965 852 1004 sunt
891 960 945 1004 de
979 959 1058 1015 iis,
1094 973 1211 1018 quae
1255 959 1461 1004 Pontifici
1507 959 1711 1004 Maximo
1759 962 2010 1018 utcumque

230 1049 557 1097 reservantur,
591 1045 646 1089 de
680 1044 844 1104 quibus
892 1043 1091 1088 conferri
1141 1048 1291 1102 potest
1340 1048 1581 1101 Fagnanus
1615 1043 1647 1088 ⁴.
1700 1043 2010 1101 Indulgentias

228 1143 408 1188 quoque
444 1128 498 1172 iis
532 1127 743 1183 maiores,
793 1141 910 1186 quae
962 1124 1192 1185 Episcopi‘s
1227 1127 1579 1185 permittuntur,
1616 1141 1708 1171 non
1743 1140 1872 1185 posse
1905 1140 2012 1171 con-

229 1212 389 1257 cedere
419 1213 451 1256 ⁵.
493 1217 603 1257 [tem
638 1211 819 1269 negotia
864 1210 1103 1256 indefinita
1154 1224 1244 1255 non
1280 1224 1407 1269 posse
1439 1215 1571 1256 extra
1606 1211 1841 1268 Synodum
1874 1209 2009 1255 alicui

230 1294 486 1350 committi,
525 1295 610 1339 nisi
646 1296 761 1339 forte
798 1298 960 1352 agatur
1004 1294 1058 1338 de
1106 1307 1212 1338 casu
1261 1293 1306 1338 in
1347 1293 1443 1338 iure
1484 1307 1699 1352 expresso
1723 1293 1754 1337 ⁶.
1799 1296 2010 1338 Ceterum
2079 1290 2082 1294 ’

229 1377 504 1422 auctoritate
538 1391 619 1422 sua
651 1391 703 1422 ea
738 1377 993 1434 generatim
1029 1376 1290 1434 complecti,
1325 1389 1441 1435 quae
1477 1375 1708 1433 pertinent
1743 1377 1813 1420 vel
1836 1375 1891 1420 ad
1916 1389 2009 1420 mo-

230 1461 455 1506 derandos
491 1474 656 1515 mores,
692 1461 765 1504 vel
798 1460 852 1504 ad
887 1459 1181 1518 corrigendos
1225 1459 1419 1513 abusus,
1465 1459 1538 1503 vel
1580 1459 1634 1503 ad
1674 1457 2013 1503 controversias

230 1545 572 1604 componendas
596 1545 627 1588 ⁷.
666 1548 713 1588 In
749 1543 899 1602 specie
932 1548 1087 1588 autem
1122 1542 1587 1587 animadvertendum
1622 1548 1706 1597 est,
1745 1542 1788 1586 in
1811 1541 2012 1587 Concilio

234 1626 504 1686 provinciali
550 1627 833 1685 deputandas
881 1640 978 1671 esse
1019 1631 1218 1686 quatuor
1266 1640 1345 1685 per
1386 1626 1587 1684 singulas
1633 1625 1869 1670 Dioeceses
1917 1638 2012 1682 per-

230 1724 382 1766 sonas,
417 1709 581 1770 quibus
613 1710 669 1754 ab
704 1710 959 1768 Apostolica
995 1709 1106 1754 Sede
1139 1723 1303 1754 causae
1327 1708 1555 1754 committi
1582 1713 1679 1754 tuto
1714 1708 1903 1767 possint,
1938 1722 1991 1753 ea

232 1808 425 1853 rumque
476 1793 845 1852 designationem
893 1793 948 1838 ad
1001 1797 1259 1838 Romanum
1320 1791 1584 1837 Pontificem
1633 1805 1730 1837 esse
1781 1792 2012 1836 transmit·

232 1878 420 1922 tendam
456 1882 590 1935 prout
622 1876 830 1935 superius
862 1877 1064 1920 diximus
1087 1876 1116 1920 ⁸.

349 1960 451 2004 467.
500 1959 628 2012 Quod
663 1973 772 2004 vcro
811 1958 1010 2017 pertinet
1053 1960 1109 2002 ad
1151 1959 1374 2013 alterum,
1410 1962 1480 2001 sat
1511 1962 1580 2002 est
1611 1957 2010 2012 animadvertisse,

232 2042 418 2090 Concilii
453 2042 753 2088 l’rovincialis
788 2046 1062 2101 potestatem
1096 2055 1298 2086 cessare:
1345 2042 1382 2098 1)
1421 2041 1463 2085 Si
1489 2040 1865 2100 Archiepiscopus
1900 2045 2012 2085 tam-

232 2141 371 2187 quam
405 2131 642 2185 suspectus
676 2126 839 2171 merito
872 2126 1093 2183 allegatus
1138 2125 1307 2182 fuerit;
1354 2139 1407 2170 eo
1451 2126 1574 2169 enim
1622 2125 1667 2168 in
1706 2124 2012 2182 suspicionem

232 2216 416 2267 vocato,
453 2215 601 2255 totum
636 2209 888 2254 Concilium
923 2214 1188 2266 suspectum
1221 2208 1419 2266 dicitur;
1470 2210 1511 2263 Ξ)
1549 2222 1628 2266 per
1659 2207 2011 2266 appellationem

353 2411 363 2431 ¹
394 2412 472 2448 Lib.
500 2412 533 2455 2,
560 2421 638 2457 cap.
669 2411 723 2447 10.

350 2483 363 2502 ³
391 2483 492 2520 Conf.
520 2483 710 2519 ZACCAmA
736 2482 888 2529 Antifeb.
909 2492 942 2528 p.
966 2482 998 2527 2,
1018 2482 1040 2518 l.
1059 2482 1088 2524 1,
1107 2491 1186 2527 cap.
1205 2481 1237 2524 5,
1252 2485 1287 2517 el
1306 2480 1458 2528 Antifeb.
1478 2482 1646 2518 vindicat.
1666 2482 1808 2519 dissert.
1828 2482 1861 2524 5,
1880 2491 1958 2528 cap.
1980 2483 2014 2519 1.

353 2554 366 2572 ³
393 2554 600 2591 Concilium
627 2554 786 2591 Trident.
815 2554 911 2590 Sess.
932 2553 1065 2595 XXIV,
1091 2553 1177 2599 Cap.
1205 2553 1237 2589 V
1264 2553 1305 2589 de
1323 2553 1501 2599 Reform.,·
1527 2554 1654 2590 PETRA
1674 2553 1695 2590 1.
1712 2563 1755 2598 6.,
1782 2562 1815 2589 n.
1835 2553 1880 2590 82
1905 2557 1941 2589 et
1965 2553 2014 2590 ad

233 2626 352 2663 Gonst.
378 2629 405 2662 2
430 2626 558 2663 Leonis
583 2626 650 2668 IX,
677 2631 764 2662 sect.
794 2626 825 2668 1,
852 2635 888 2661 n.
915 2625 959 2662 24
987 2635 1062 2671 seq.

352 2696 366 2716 ⁸
393 2698 435 2733 In
461 2707 542 2743 cap.
570 2698 808 2734 Perniciosam
834 2698 878 2734 de
906 2696 1002 2734 offic.
1029 2696 1159 2738 ordin„
1186 2706 1222 2732 n.
1240 2696 1287 2732 55
1312 2705 1413 2743 seqq.

354 2769 366 2788 ³
392 2771 521 2806 Parim
547 2769 594 2805 ad
620 2769 742 2805 Const.
770 2769 863 2805 unic.
894 2769 1031 2805 Honor.
1050 2767 1099 2811 II,
1127 2773 1216 2804 sect.
1244 2768 1275 2811 1,
1303 2777 1336 2804 n.
1358 2767 1436 2805 100.

353 2839 366 2859 ⁶
394 2840 598 2877 FAGNANUS
625 2840 661 2876 in
687 2840 773 2885 Cap.
800 2838 846 2875 25
872 2839 916 2875 de
942 2848 1080 2882 accus„
1107 2849 1142 2875 n.
1168 2838 1225 2874 48.

354 2911 367 2930 ⁷
393 2911 492 2949 Trid.
521 2912 616 2955 Sess.
644 2910 777 2954 XXIV,
805 2911 893 2957 Cap.
921 2911 954 2946 II
980 2911 1021 2948 de
1046 2911 1205 2957 Reform.

353 2982 367 3003 ⁸
394 2983 491 3019 Trid.
520 2983 617 3021 Sess.
645 2982 761 3027 XXV,
781 2983 866 3028 Gap.
884 2983 918 3018 X
943 2981 985 3019 de
1010 2982 1171 3029 Reform.
1190 2982 1318 3019 PETRA
1339 2982 1377 3019 in
1401 2980 1522 3019 Gonst.
1539 2981 1636 3018 unio.
1654 2980 1790 3018 Honor.
1808 2980 1858 3024 ΙΙ,
1878 2983 1964 3017 sect.
1985 2979 2021 3030 1,

238 3066 273 3094 n.
300 3056 357 3094 90.
