2176 3386
277 188 357 229 240
642 213 653 221 -
922 202 1032 230 PARS
1062 202 1086 231 1.
1119 202 1176 230 DE
1204 202 1417 232 PEnsoms

399 311 444 355 4.
481 314 532 355 In
567 307 872 368 praeficiendo
905 313 1083 353 rectore
1117 307 1342 364 missioni,
1371 321 1487 367 quae
1521 322 1643 354 nova
1674 307 1865 367 erigitur
1885 323 1967 368 per
1996 308 2062 355 di'-

282 394 510 439 visionem
554 392 787 437 missionis
829 391 902 436 cui
951 392 1181 449 regulares
1214 392 1431 449 praefecti
1465 396 1599 447 sunt,
1634 405 1726 436 non
1761 396 1831 437 est
1867 406 1980 451 opus
2012 399 2062 439 ut

281 476 419 522 iidem
443 475 641 534 religiosi
665 476 840 520 sodales
862 473 1029 519 ceteris
1061 474 1374 519 sacerdotibus
1408 476 1742 533 praeferantur.

401 560 442 605 5.
479 560 637 615 Quoad
672 557 986 603 visitationem
1021 557 1404 602 coemeteriorum
1429 562 1476 602 et
1498 557 1676 616 piorum
1699 559 1922 615 locorum,
1946 573 2063 619 quae

281 646 402 690 intra
435 643 550 688 fines
584 642 854 687 missionum
888 641 973 685 sita
1001 645 1126 696 sunt,
1161 653 1398 685 sacrorum
1431 654 1664 685 canonum
1697 645 1743 686 et
1775 631 2062 687 constitutio-

282 741 394 772 num
429 725 793 784 Apostolicarum
829 724 1108 782 praescripta
1142 723 1369 768 servanda
1402 729 1538 780 sunt;
1589 724 1780 780 scilicet,
1823 725 1861 769 si
1903 730 2066 783 agatur

280 811 335 855 de
369 809 657 855 coemeteriis
690 814 736 853 et
771 808 878 853 locis
913 807 1014 866 piis,
1050 821 1167 867 quae
1201 806 1307 851 solis
1340 807 1561 866 religiosis
1595 807 1778 852 familiis
1826 821 2063 853 reservan-

282 897 373 947 tur,
409 906 462 935 ea
495 892 552 935 ab
587 890 792 949 Episcopi
827 889 1141 934 iurisdictione
1175 894 1222 933 et
1256 889 1442 947 proinde
1476 904 1501 934 a
1546 889 1809 934 visitatione
1848 894 2064 948 exempta

281 980 413 1032 sunt;
450 980 627 1031 contra,
663 974 698 1018 si
733 975 788 1019 de
821 973 935 1018 aliis,

371 1060 411 1103 6.
453 1058 656 1117 Episcopi
693 1058 762 1101 ius
795 1057 967 1101 liabent
1003 1056 1218 1101 visitandi
1251 1056 1429 1101 scholas
1462 1070 1714 1115 pauperum
1746 1056 1794 1100 in
1839 1056 2063 1101 missioni·

283 1141 366 1186 bus
398 1146 443 1185 et
477 1140 700 1200 paroeciis
733 1140 1030 1198 regularibus,
1068 1153 1212 1198 aeque
1246 1153 1298 1184 ac
1335 1140 1381 1183 in
1414 1140 1738 1184 saecularibus.
1775 1140 1932 1194 Quoad
1956 1153 2064 1185 vero

283 1229 461 1269 ceteras
491 1225 669 1270 scholas
702 1230 748 1269 et
781 1225 985 1282 collegia,
1024 1225 1070 1268 in
1104 1225 1267 1283 quibus
1301 1223 1495 1282 religiosi
1534 1225 1618 1268 xiri
1650 1225 1904 1269 secundum
1947 1225 2064 1270 ordi-

284 1308 355 1352 nis
387 1308 455 1352 sui
491 1307 768 1367 praescripta
809 1307 1044 1352 iuventuti
1084 1307 1336 1353 catholicae
1380 1307 1691 1352 instituendae
1733 1321 1919 1366 operam
1958 1308 2065 1352 dare

282 1391 447 1447 solent,
484 1391 616 1436 firma
650 1397 785 1451 atque
819 1394 998 1449 integra
1034 1395 1227 1435 manent
1261 1390 1515 1449 privilegia,
1550 1405 1667 1450 quae
1690 1391 1776 1435 illis
1799 1391 1855 1435 ab
1877 1393 2062 1449 Aposto-

282 1475 367 1519 lica
402 1475 513 1520 Sede
546 1476 710 1519 collata
744 1480 866 1520 sunt.

402 1560 443 1602 7.
482 1559 716 1603 Sodalibus
751 1558 969 1616 religiosis
1003 1573 1095 1602 non
1136 1558 1243 1602 licet
1286 1570 1431 1602 novas
1471 1556 1555 1601 sibi
1596 1557 1723 1601 sedes
1765 1556 2062 1612 constituere,

282 1642 497 1699 erigendo
532 1656 677 1687 novas
709 1642 946 1698 ecclesias,
982 1641 1290 1700 aperiendove
1333 1639 1580 1695 coenobia,
1616 1640 1829 1697 collegia,
1871 1639 2063 1695 scholas,

284 1725 370 1769 nisi
404 1725 592 1770 obtenta
626 1725 752 1783 prius
784 1724 971 1770 licentia
1006 1724 1234 1770 ordinarii
1269 1724 1355 1769 loci
1391 1729 1436 1768 et
1471 1724 1595 1769 Sedis
1630 1723 1926 1782 Apostolicae.

401 1808 443 1852 8.
483 1808 717 1866 Religiosis
750 1808 979 1853 sodalibus
1016 1823 1107 1853 non
1141 1809 1248 1853 licet
1283 1823 1335 1853 ea
1370 1808 1580 1852 instituta
1616 1808 1660 1851 in
1694 1807 1807 1852 alios
1830 1820 1937 1851 usus
1959 1820 2066 1851 con-

284 1895 465 1934 vertere
497 1891 667 1950 absque
700 1904 914 1949 expressa
948 1891 1135 1936 licentia
1170 1890 1294 1935 Sedis
1330 1890 1611 1948 Apostolicae
1635 1895 1680 1934 et
1702 1889 1932 1934 ordinarii
1959 1889 2063 1944 loci,

284 1973 371 2018 nisi
404 1979 566 2033 agatur
598 1975 651 2019 de
685 1974 1007 2030 conversione,
1043 1988 1176 2034 quae,
1212 1974 1352 2019 salvis
1385 1972 1669 2018 fundationis
1710 1973 1906 2030 legibus,
1952 1973 2065 2017 refe-

284 2063 413 2103 ratur
445 2060 690 2103 dumtaxat
721 2058 779 2103 ad
812 2059 1048 2103 internum
1083 2060 1290 2117 regimen
1324 2063 1370 2102 et
1401 2058 1689 2115 disciplinam
1726 2057 1995 2114 regularem.

405 2146 446 2188 9.
484 2144 694 2202 Religiosi
728 2145 919 2200 sodales,
957 2144 1144 2189 redditis
1181 2143 1397 2201 Episcopo
1421 2142 1692 2197 rationibus,
1715 2142 1877 2186 docere
1900 2141 2068 2185 debent

284 2231 339 2276 de
374 2229 566 2288 pecunia
600 2229 773 2273 intuitu
807 2227 1077 2272 missionum
1113 2226 1196 2271 sibi
1219 2226 1373 2281 allata,
1398 2230 1445 2269 et
1466 2229 1691 2284 quantum
1716 2223 1770 2268 de
1793 2237 1863 2279 ea,
1887 2227 1935 2267 et
1955 2235 2067 2282 quos

286 2315 334 2359 in
367 2327 476 2358 usus
507 2311 834 2371 impenderint,
870 2325 1014 2370 aeque
1047 2324 1100 2354 ac
1135 2308 1410 2354 missionarii
1445 2323 1468 2353 e
1501 2309 1622 2352 clero
1661 2307 1896 2352 saeculari.
1952 2306 2067 2361 Quid

286 2412 397 2444 vero
430 2397 606 2442 censeri
641 2396 804 2440 debeat
836 2396 1040 2440 oblatum
1076 2394 1247 2438 intuitu
1281 2393 1570 2447 missionum,
1598 2391 1892 2437 iudicandum
1918 2395 2068 2435 estex

290 2482 465 2526 normis
500 2479 751 2539 praefinitis
785 2479 831 2522 in
866 2478 1049 2536 Synodo
1085 2476 1357 2522 Provinciali
1396 2479 1431 2520 ll
1472 2472 1968 2519 westmonasteriensi.

1011 2669 1243 2700 Ammonos
1278 2670 1333 2700 iv.

811 2779 871 2820 De
908 2776 1235 2832 Episcoporum
1272 2773 1550 2830 Privileyiz‘s.

408 2897 510 2942 276.
531 2899 777 2954 Postquam
801 2893 976 2951 egimus
993 2892 1047 2936 de
1076 2891 1401 2949 Episcoporum
1424 2889 1588 2934 officiis
1604 2901 1855 2947 eorumque
1872 2889 2067 2945 potesta·

290 2985 354 3037 te,
389 2980 580 3038 gradum
614 2978 824 3033 facimuS,
862 2981 912 3020 ut
945 2990 1026 3034 par
1057 2978 1142 3030 est,
1177 2973 1234 3018 ad
1266 2986 1427 3018 eorum
1461 2970 1697 3030 privilegia
1731 2967 2065 3027 investiganda.

291 3067 358 3108 Ex
382 3061 584 3122 pluribus
607 3074 718 3105 vero
740 3058 990 3119 privilegiis
1011 3057 1256 3117 episcopali
1274 3054 1487 3113 dignitati
1513 3067 1592 3111 per
1606 3066 1758 3099 sacros
1780 3063 1982 3098 canones
2001 3052 2068 3095 at-
