2176 3386
269 188 348 228 436
910 198 1020 227 PARS
1049 199 1075 227 1.
1109 199 1166 227 DE
1194 197 1405 227 PERsoms

391 307 490 352 561.
526 308 738 352 Defectus
767 320 876 351 vero
907 304 1242 360 conditionum,
1275 318 1388 364 quas
1425 303 1767 360 recensuimus,
1802 305 2040 364 professio-

271 404 377 434 nem
407 389 601 443 irritam,
637 394 687 434 ut
718 389 935 444 diximus,
963 388 1109 434 reddit
1142 388 1203 433 ita
1226 391 1278 432 ut
1301 389 1527 446 professus
1548 387 1604 432 ad
1626 387 1859 432 saeculum
1894 386 2040 455 redire

269 475 342 519 vel
374 488 399 519 a
423 472 639 531 religione
661 471 830 516 dimitti
866 471 1017 530 possit.
1050 470 1169 516 Olim
1202 469 1385 530 quidem
1420 469 1611 514 liborum
1633 474 1732 515 erat
1752 483 2041 529 quocumque

267 561 474 615 tempore
507 554 764 599 nullitatem
799 554 994 612 allegare
1015 557 1062 598 et
1085 552 1292 612 probare,
1317 557 1364 598 at
1387 553 1570 597 libertas
1602 553 1714 598 haec
1745 552 1922 597 sublata
1956 552 2041 597 fuit

271 653 348 697 per
378 636 630 684 Concilium
666 635 1003 690 Tridentinum,
1037 650 1062 679 a
1094 649 1184 695 quo
1221 639 1444 679 statutum
1478 639 1563 691 est,
1598 638 1648 679 ut
1681 634 1903 679 nullitatis
1934 647 2038 679 cau-
2069 656 2081 668 ³

267 737 364 768 sam
400 724 536 766 Actor
567 721 762 765 deducat
807 733 962 765 coram
996 732 1077 764 suo
1110 719 1348 778 Superiore
1381 723 1427 763 et
1457 718 1714 773 ordinario,
1749 731 1940 776 eamque
1974 716 2036 762 iu-

266 804 491 850 dicialiter
527 817 579 848 ac
614 804 745 862 plene
795 803 952 860 probet
999 803 1117 846 intra
1165 803 1534 862 quinquennium
1569 816 1593 845 a
1627 800 1698 846 die
1747 803 2039 858 nuncupatae

267 887 584 948 professionis,
620 901 708 946 quo
756 887 931 944 elapso,
969 887 1234 931 reclamatio
1283 901 1375 931 non
1409 886 1616 940 auditur,
1649 884 1732 929 etsi
1766 883 1867 943 quis
1914 883 2037 942 igno-

266 970 463 1015 rantiam
515 969 737 1013 nullitatis
768 973 848 1013 aut
881 964 1198 1025 impedimenti
1249 969 1534 1026 praetendat,
1570 967 1642 1012 vel
1689 965 1873 1011 aliunde
1904 979 2037 1023 agere

265 1050 510 1110 impeditus
543 1051 691 1094 fuerit.

385 1137 483 1181 562.
520 1139 730 1182 Ceterum
755 1135 789 1179 si
814 1135 933 1179 intra
959 1135 1251 1194 praefinitum
1277 1140 1455 1192 tempus
1476 1147 1661 1179 causam
1688 1147 1937 1192 proponere
1961 1147 2036 1177 ne-

261 1219 479 1276 quiverit,
514 1219 648 1262 datur
681 1218 721 1262 ei
756 1217 1009 1262 remedium
1044 1216 1346 1262 restitutionis
1379 1217 1424 1261 in
1460 1217 1706 1274 integrum.
1751 1216 1791 1258 Si
1826 1214 1927 1268 quis
1959 1229 2036 1259 au-

262 1305 356 1344 tem
379 1306 541 1359 sponte
575 1299 781 1344 habitum
806 1299 1065 1358 religiosum
1089 1300 1278 1356 dimisit,
1303 1300 1358 1344 ad
1382 1299 1665 1357 allegandam
1698 1311 2036 1358 quamcumque

261 1396 445 1429 causam
483 1374 704 1428 nullitatis
739 1383 1030 1441 professionis
1079 1398 1169 1429 non
1203 1383 1493 1439 admittitur,
1530 1389 1776 1442 antequam
1830 1382 2032 1426 habitum

260 1566 338 1602 Sae.
354 1565 486 1611 Congr.
507 1576 617 1612 super
643 1571 737 1603 statu
768 1567 893 1612 Regni.
921 1568 1048 1604 statuit
1068 1574 1117 1610 ut,
1137 1568 1264 1604 litteris
1291 1568 1505 1613 apostolicis
1525 1568 1635 1604 Clem.
1656 1567 1740 1603 VIII
1767 1568 1923 1613 aliisque
1948 1578 2034 1604 con-

259 1637 378 1673 trariis
405 1637 701 1683 quibuscumque
729 1647 805 1674 non
831 1639 1075 1681 obstantibus,
1104 1639 1259 1685 professi
1287 1645 1452 1676 votorum
1481 1640 1705 1686 simplicium
1733 1640 1830 1676 licite
1856 1646 1891 1677 et
1918 1641 2032 1677 libere

260 1708 526 1753 professionem
565 1713 733 1745 votorum
773 1709 994 1745 solemnium
1023 1720 1089 1746 suo
1118 1714 1278 1756 tempore
1315 1711 1480 1746 emittere
1520 1711 1660 1756 possint
1688 1711 1723 1747 in
1750 1711 1941 1748 Conventu
1967 1723 2031 1750 seu

258 1780 368 1816 domo
396 1781 434 1816 in
461 1790 534 1826 qua
559 1782 810 1826 reperiuntur,
838 1782 993 1818 servatis
1021 1786 1143 1818 tamen
1181 1782 1264 1818 aliis
1289 1783 1333 1818 de
1360 1783 1438 1819 iure
1476 1783 1678 1819 servandis.
1709 1804 1749 1807 —
1777 1783 1813 1827 4)
1839 1783 2033 1828 Archiepi-

259 1859 397 1896 scopus
435 1851 649 1887 Mexicanus
688 1853 880 1897 sequentia
916 1853 1030 1889 dubia
1056 1853 1135 1889 Sac.
1162 1852 1293 1898 Congr.
1320 1850 1393 1888 ΕΕ.
1419 1857 1454 1888 et
1480 1853 1553 1889 ΒΗ.
1582 1854 1793 1899 proposuit:
1822 1854 1848 1890 I.
1874 1854 2032 1891 Possunt

258 1932 304 1958 ne
330 1922 472 1964 novitii,
500 1928 583 1967 post
619 1923 753 1958 emissa
781 1927 865 1959 vota
891 1923 1084 1970 simplicia,
1112 1929 1196 1959 ante
1223 1924 1461 1960 emissionem
1497 1923 1728 1967 solemnium,
1752 1924 1798 1960 ad
1825 1934 1948 1961 sacros
1974 1936 2033 1961 or·

256 1993 360 2029 dines
387 1994 593 2038 promoveri
614 1993 718 2030 titulo
746 1993 1004 2040 paupertatis?
1030 1995 1073 2030 Il.
1092 1995 1251 2031 Possunt
1269 1995 1519 2030 Provinciales
1544 1994 1756 2040 dispensare
1780 2004 1863 2031 cum
1883 1996 2033 2031 novitiis

259 2063 399 2100 defectu
427 2064 606 2100 natalium
634 2064 888 2102 laborantibus
914 2071 997 2101 ante
1023 2065 1261 2102 emissionem
1289 2069 1456 2102 votorum
1496 2065 1715 2101 solemnium
1742 2065 1788 2102 ad
1815 2066 1883 2102 hoc
1912 2070 1950 2103 ut
1976 2067 2032 2104 liis

257 2135 403 2170 ordines
422 2133 687 2171 conferantur?
714 2135 776 2172 ΙΙΙ.
797 2136 865 2179 Qui
894 2136 983 2172 forte
1003 2136 1170 2172 habitum
1198 2136 1388 2182 religionis
1415 2136 1609 2178 induerint,
1629 2136 1786 2172 maiores
1814 2136 1885 2172 iam
1904 2137 1949 2173 25
1968 2146 2030 2173 an-

255 2215 398 2250 norum,
426 2210 488 2242 aut
515 2207 600 2243 huic
627 2207 783 2252 proximi
816 2207 938 2249 aetati,
967 2211 1131 2252 possunt,
1158 2207 1304 2252 expleto
1334 2207 1405 2243 iam
1432 2206 1628 2243 novitiatus
1654 2216 1763 2249 anno,
1790 2207 1836 2243 ad
1863 2211 1948 2243 vota
1973 2218 2032 2244 so-

256 2277 393 2313 lemnia
419 2281 454 2312 et
482 2277 744 2323 professionem
773 2278 914 2314 admitti
942 2287 989 2314 an
1016 2279 1126 2315 etiam
1153 2288 1238 2314 eum
1265 2278 1447 2315 similibus
1473 2278 1742 2324 expectandum
1769 2283 1824 2314 est
1844 2278 2031 2316 ulterioris

256 2349 486 2394 probationis
512 2347 741 2385 triennium?
768 2349 829 2385 tv.
845 2349 880 2386 Si
907 2349 1047 2392 novitii,
1076 2354 1157 2394 post
1182 2350 1318 2386 emissa
1343 2354 1428 2385 vota
1453 2349 1637 2395 simplicia
1670 2355 1733 2386 aut
1757 2350 1987 2387 dimittantur
2012 2362 2031 2387 e

255 2419 447 2466 religione,
465 2424 527 2456 aut
554 2420 643 2456 haec
671 2420 717 2456 ab
745 2420 835 2465 ipsis
861 2420 1064 2456 mobilitate
1091 2421 1203 2456 animi
1230 2420 1469 2466 relinquatur,
1488 2421 1576 2466 quid
1602 2430 1685 2456 cum
1711 2421 1764 2457 eis
1787 2430 1897 2466 agere
1923 2421 2031 2458 debet

257 2492 471 2530 Ordinarius
505 2493 534 2530 si
562 2497 624 2530 aut
653 2494 698 2529 ad
725 2503 850 2529 sacros
888 2493 1035 2529 ordines
1061 2498 1123 2529 aut
1160 2493 1205 2529 ad
1232 2493 1507 2530 matrimonium
1546 2494 1697 2530 forsitan
1733 2493 1950 2540 adspirent?
1975 2495 2030 2531 Ex

255 2564 338 2600 aud.
368 2563 468 2600 SSffii
496 2564 555 2600 die
581 2563 627 2600 20
652 2566 723 2600 ian.
752 2563 843 2600 1860
870 2564 1003 2601 SSffius
1029 2564 1075 2600 ad
1102 2565 1291 2610 proposita
1327 2564 1440 2601 dubia
1467 2564 1741 2601 rescribendum
1775 2564 1963 2602 mandavit
1991 2569 2029 2602 ut
2092 2555 2126 2612 μ’
2149 2578 2162 2622 ¹,

255 2634 440 2680 sequitur:
470 2634 526 2670 Ad
553 2634 581 2671 Ι.
607 2635 776 2680 negative
814 2634 937 2681 quoad
963 2635 1110 2671 ordines
1145 2644 1281 2672 sacros.
1308 2635 1365 2671 Ad
1393 2636 1435 2671 ΙΙ.
1463 2635 1680 2672 affirmative
1717 2645 1782 2681 pro
1807 2636 1925 2681 prima
1950 2639 2027 2672 ton-

254 2714 341 2742 sura
366 2709 402 2741 et
428 2705 619 2742 ordinibus
659 2705 877 2748 minoribus,
904 2709 1086 2751 quatenus
1113 2706 1362 2743 Provinciales
1387 2716 1433 2742 ex
1458 2706 1661 2751 apostolico
1687 2706 1827 2742 indulto
1867 2706 2027 2752 legitime

254 2775 441 2820 gaudeant
467 2775 638 2812 facultate
665 2775 902 2821 dispensandi
928 2775 1155 2822 superdicta
1180 2776 1458 2822 irregularitate,
1475 2786 1592 2823 caque
1618 2781 1789 2814 revocata
1814 2786 1890 2813 non
1908 2777 2026 2814 fuerit.
2059 2767 2069 2782 ‘
2102 2775 2106 2778 ’
2156 2784 2159 2786 ’

251 2846 310 2883 Ad
337 2846 398 2883 111.
423 2846 600 2892 Negative
627 2847 672 2883 ad
700 2848 756 2883 1ΙΠ
786 2857 830 2893 p.‚
855 2847 1073 2884 affirmative
1099 2847 1145 2883 ad
1171 2847 1240 2884 2¹1¹.
1267 2847 1324 2884 Ad
1350 2848 1411 2886 IV.
1439 2849 1476 2885 Si
1503 2848 1656 2894 professi
1683 2853 1851 2886 votorum
1886 2849 2026 2896 simpli·

253 2918 364 2961 cium,
391 2918 469 2955 sive
507 2928 573 2964 per
607 2918 862 2955 dimissionem
899 2918 947 2954 ab
973 2918 1118 2961 Ordine,
1145 2919 1222 2955 sive
1259 2929 1326 2965 per
1353 2920 1593 2966 apostolicam
1632 2920 1942 2968 dispensationem
1979 2919 2025 2958 ab
2086 2944 2087 2947 =

252 2990 399 3026 emissis
426 2989 523 3025 votis
549 2989 659 3027 soluti
695 2990 841 3033 fuerint,
868 3000 906 3026 se
932 2993 1034 3036 gerat
1059 2999 1143 3026 cum
1170 2989 1242 3026 illis
1267 2995 1377 3036 prout
1412 3001 1497 3028 cum
1523 2993 1655 3029 ceteris
1692 2992 1770 3029 suis
1796 2991 2023 3029 dioecesanis

252 3069 334 3097 sese
362 3070 488 3106 gerere
514 3060 633 3097 debet.
