2176 3386
170 159 247 188 VIII
940 155 1202 186 PROOEMIUM

170 267 360 319 fertur.
402 270 618 319 Naevos
645 269 789 318 enim
828 268 922 330 qui
948 267 1361 330 typothetarum
1402 266 1610 316 incuria
1642 266 1813 329 priori
1841 266 1948 317 edi·
1993 244 1998 251 ’

170 366 302 416 tioni
340 365 682 427 irrepserant
721 363 963 426 diligenti
1002 374 1235 413 censura
1275 361 1486 425 sustuli,
1527 361 1632 412 alia
1669 373 1776 411 non
1815 362 1948 412 satis

171 459 406 510 dilucide
445 458 726 522 proposita
767 457 1072 508 distinctius
1112 458 1395 524 exposui3¹
1425 455 1598 506 adieci
1639 455 1763 505 hinc
1809 454 1951 506 illinc
2022 504 2026 507 .

171 567 313 605 nova
364 555 655 605 sacrarum
716 552 1214 616 Congregationum
1271 563 1566 615 responsa,
1620 563 1682 601 ac
1732 549 1951 605 duobus

171 651 400 713 integris
439 650 601 700 etiam
641 648 911 711 capitibus
950 648 1250 698 auctiorem
1290 659 1410 697 eam
1438 647 1672 710 reddidi,
1714 659 1950 710 quorum

176 746 411 796 alterum
452 746 534 795 est
580 745 648 794 de
690 745 938 795 Romano
987 743 1268 806 pontifice,
1310 742 1378 793 de
1424 742 1659 793 Concilio
1710 754 1952 792 oecume-

175 843 322 906 nico,
364 842 542 904 deque
588 841 635 891 S.
677 841 743 891 R.
788 841 843 889 Ε.
886 838 1270 890 Cardinalibus
1322 839 1374 888 et
1426 839 1666 901 Legatis:
1718 837 1950 888 alterum

174 939 285 1001 agit
324 937 392 988 de
431 935 948 999 congregationibus
994 934 1266 998 religiosis
1304 935 1556 984 votorum
1607 933 1969 996 simplicium,-

176 1035 354 1097 deque
390 1034 657 1096 potestate
685 1031 1105 1082 ordinariorum
1137 1031 1188 1080 in
1224 1030 1491 1080 eiusmodi
1521 1030 1779 1080 instItuta.
1822 1031 1952 1079 Tan-

177 1130 303 1180 dem
339 1128 778 1191 supplementum
820 1126 1005 1176 addidi
1035 1137 1143 1187 quo
1172 1125 1503 1175 recentiores
1543 1136 1683 1186 quae
1711 1136 1741 1173 a
1772 1125 1950 1174 Sacris

177 1222 705 1288 Congregationibus
734 1222 910 1272 editae
939 1223 1066 1271 sunt
1095 1221 1398 1271 decisiones
1425 1220 1782 1282 continentur,
1811 1231 1948 1281 quas

177 1322 229 1370 in
258 1320 443 1383 operis
470 1319 707 1369 decursu
738 1319 983 1368 inserere
1010 1316 1172 1378 nolui⁷
1201 1328 1269 1365 ne
1295 1316 1653 1378 praestitutus
1681 1315 1819 1365 ordo
1845 1315 1954 1364 tur-

180 1415 421 1466 baretur.
464 1416 789 1464 Extremum
830 1415 910 1463 est
950 1425 1012 1462 ac
1052 1412 1291 1461 maxime
1332 1410 1713 1473 expetendum,
1755 1412 1814 1459 ut
1855 1410 1955 1460 noc

179 1524 318 1575 opus
345 1514 457 1561 Deo
487 1510 624 1561 bene
654 1510 875 1559 iuvante
906 1510 957 1558 in
987 1508 1293 1558 animarum
1325 1506 1555 1557 salutem
1591 1505 1760 1567 cedat,
1791 1516 1953 1567 quem

181 1608 342 1658 finem
384 1609 433 1656 in
475 1618 538 1656 eo
579 1605 949 1655 concinnando
990 1604 1120 1653 mini
1161 1603 1563 1666 potissmimum
1603 1600 1882 1664 proposui.

1481 1794 1532 1841 Z.
1573 1793 1808 1841 ZITELLI.
