2176 3386
817 215 947 246 LlssER
976 215 1001 243 1.
1031 215 1088 245 DE
1118 213 1314 243 cnssmffls
1882 201 1960 241 341

291 324 424 368 Anno
461 323 574 369 1844
609 324 881 382 rescriptum
915 327 986 368 est
1016 337 1042 368 a
1075 324 1117 368 S.
1143 325 1188 367 C.
1229 326 1356 380 Prop.
1385 321 1506 366 Fidei
1536 335 1659 371 aion,
1683 322 1825 369 licere
1858 322 1965 365 Mis-

169 407 626 468 sionariisdnduere
656 412 798 451 vestes
843 420 875 451 a.
917 405 1239 451 Sacerdotibus
1277 408 1424 450 Lama
1458 403 1695 450 adhibitas
1726 417 1875 462 neque
1913 409 1966 447 ut

171 489 365 547 facilius
396 491 522 533 inter
557 492 782 534 Tartaros
803 489 926 547 fides
962 488 1193 533 cathole'ca
1228 493 1585 545 propayarecur
1617 500 1724 531 eum
1758 493 1808 530 uc
1837 492 1966 543 patet

172 573 276 619 illae
309 577 463 619 vestes
494 574 677 631 signum
711 577 866 618 essent
898 572 1038 618 falsae
1072 570 1305 629 religionis
1329 572 1360 615 ¹.

294 659 425 701 Anno
462 657 572 702 1869
607 658 648 700 S.
674 658 721 701 C.
748 659 880 715 l'rop.
919 654 1039 703 Fidei
1074 654 1130 698 ad
1167 653 1368 698 Vicarios
1403 654 1684 711 Apostolicos
1722 654 1959 698 Indiarum

174 740 385 785 bortatur
416 739 605 784 clericos
638 744 688 783 ut
720 740 881 783 saltem
918 738 964 782 in
1001 737 1180 796 publico
1215 741 1368 783 vestes
1406 738 1574 782 talares
1615 750 1694 783 seu
1743 737 1843 792 albi*
1881 751 1960 783 seu

174 822 290 880 nigri
324 821 488 867 coloris
520 822 647 867 iuxta
683 821 920 880 regionum
956 821 1315 866 consuetudines
1363 821 1590 865 deferant.
1648 821 1775 875 Quod
1810 820 1847 866 si
1881 835 1959 867 ne-

172 905 384 951 cessitate
418 909 610 962 cogente
642 910 688 949 et
721 918 858 950 causa
895 903 1071 948 itineris
1104 917 1181 949 eas
1212 918 1383 949 exuere
1421 907 1661 962 cogantur,
1702 907 1852 948 vestes
1894 908 1960 948 ta-

173 1002 279 1032 men
312 987 561 1032 vadhibeant
593 988 922 1033 sacerdotalem
959 987 1229 1032 modestiam
1281 988 1643 1046 praeseferentes
1675 988 1706 1031 ².
1763 990 1828 1031 Ex
1862 987 1959 1046 qui-

174 1070 258 1115 bus
289 1070 595 1116 decisionibus
627 1071 805 1116 eruitur
841 1072 878 1126 l)
916 1071 1076 1116 Sedem
1114 1070 1419 1128 Apostolicam
1465 1070 1710 1129 aliquando
1746 1071 1864 1116 iusta
1900 1070 1964 1115 in-

172 1153 463 1198 terveniente
497 1167 633 1198 causa
668 1154 920 1198 concedere
944 1157 994 1197 ut
1017 1153 1170 1197 clerici
1198 1157 1348 1197 vestes
1371 1152 1512 1197 etiam
1538 1152 1720 1197 laicales
1745 1152 1957 1209 induant;

174 1238 218 1293 2)
253 1236 377 1280 Sedis
412 1237 695 1294 Apostolicae
731 1237 1017 1281 voluntatem
1054 1249 1151 1280 csse
1184 1240 1341 1280 tamen
1377 1241 1426 1279 ut
1458 1250 1547 1295 quo
1572 1236 1666 1280 lieri
1693 1235 1831 1293 possit
1856 1236 1956 1280 uni·
2007 1274 2010 1275 .

177 1320 388 1364 formitas
420 1324 655 1376 svrvetur3
692 1320 733 1375 5)
772 1333 1024 1378 numquam
1070 1332 1180 1363 vero
1231 1318 1495 1376 permittere
1542 1321 1591 1361 ut
1624 1317 1775 1362 clerici
1804 1322 1957 1363 vestes

176 1403 370 1447 induant
403 1417 519 1461 quae
555 1403 625 1447 vel
659 1402 1002 1461 superstitiosae
1036 1402 1295 1446 habeantur
1329 1401 1400 1445 vel
1445 1401 1538 1445 sint
1586 1400 1769 1458 signum
1820 1401 1959 1445 falsae

176 1486 422 1544 religionis.

295 1574 340 1614 [n
374 1569 576 1614 Concilio
612 1574 666 1614 lll
703 1568 1018 1613 Baltimorensi
1050 1572 1291 1627 postquam
1330 1571 1486 1613 Patres
1522 1573 1806 1612 monuerunt
1843 1567 1963 1626 quod

174 1652 444 1698 clericorum
488 1653 670 1696 babitus
715 1650 960 1696 conciliare
1007 1651 1143 1695 debet
1191 1650 1404 1708 dignitati
1437 1654 1585 1695 status
1619 1651 1953 1706 reverentiam,

175 1734 462 1794 praecipiunt
495 1739 543 1778 ut
576 1734 730 1780 clerici
764 1733 863 1779 sive
896 1734 1019 1778 domi
1054 1734 1151 1778 sive
1188 1733 1231 1778 in
1268 1735 1437 1792 templo
1472 1738 1599 1778 veste
1644 1734 1779 1778 talari
1823 1738 1957 1778 utan-

173 1822 263 1863 tur.
301 1822 413 1863 Cum
448 1819 568 1862 foras
602 1817 828 1876 prodeunt
861 1817 1066 1862 muneris
1103 1815 1173 1861 vel
1207 1816 1350 1861 animi
1386 1816 1623 1861 recreandi
1647 1830 1787 1861 causa
1814 1818 1884 1861 vel
1914 1817 1958 1861 in

174 1900 338 1945 itinere
372 1900 570 1945 breviori
604 1901 802 1959 quadam
838 1904 966 1944 veste
1000 1899 1126 1944 indui
1161 1899 1266 1944 licet
1298 1913 1414 1959 quae
1448 1904 1605 1943 tamen
1641 1900 1756 1957 nigri
1794 1899 1853 1944 sit
1886 1914 1961 1944 co-

172 1983 279 2028 loris
311 1988 357 2027 et
389 1984 444 2027 ad
477 1997 627 2041 genua
662 1983 939 2040 producatur
971 1982 1032 2027 ita
1059 1988 1109 2026 ut
1131 1997 1155 2027 a
1180 1982 1307 2027 laicis
1330 1968 1547 2041 distingui
1573 1983 1763 2041 possint.
1792 1983 1961 2028 Stricto

174 2070 416 2125 praecepto
450 2065 641 2110 ulterius
674 2065 932 2124 iniungitur
964 2070 1014 2110 ut
1047 2066 1170 2110 domi
1204 2071 1250 2110 et
1283 2066 1393 2110 foris
1435 2067 1602 2111 collare
1645 2066 1765 2125 quod
1811 2080 1960 2111 roma-

174 2162 286 2193 num
322 2152 516 2193 vocatur
547 2153 724 2204 gerant.
761 2148 934 2202 Quibus
968 2148 1135 2206 regulis
1170 2153 1389 2193 tenentur
1421 2154 1467 2193 et
1501 2150 1732 2207 regulares
1781 2150 1963 2209 quoties

173 2232 369 2289 seposito
405 2230 562 2276 babitu
595 2231 662 2275 sui
697 2231 870 2276 ordinis
905 2233 1024 2276 foras
1057 2232 1284 2291 prodeunt
1316 2232 1346 2277 ³.

260 2315 362 2359 451.
407 2314 591 2360 Clericis
642 2316 837 2360 vetitum
880 2319 950 2360 est
987 2329 1167 2361 comam
1219 2315 1463 2361 immodice
1511 2318 1722 2362 excolere
1755 2316 1960 2376 alioquin

174 2398 313 2444 etiam
347 2398 552 2443 censuris
586 2399 734 2457 puniri
773 2404 975 2458 possunt.
1034 2403 1127 2445 Nec
1159 2400 1225 2444 e1s
1258 2404 1326 2444 est
1359 2400 1536 2445 licitum
1581 2401 1760 2445 deferre
1806 2414 1962 2445 comas

173 2480 424 2525 adscititias
478 2481 523 2525 in
582 2481 743 2526 missae
796 2482 1106 2527 celebratione
1160 2482 1330 2542 absque
1384 2483 1509 2527 Sedis
1559 2483 1844 2541 Apostolicae
1894 2483 1961 2526 in-

173 2563 300 2609 dulto
334 2563 366 2608 ⁴.

293 2771 303 2790 ¹
331 2771 483 2809 Colleot.
511 2773 622 2820 Prop.
652 2774 693 2810 F.
722 2783 758 2810 n.
788 2773 870 2810 522.

293 2843 306 2862 ¹
331 2843 480 2881 Collect.
509 2844 621 2890 Prop.
649 2844 688 2880 F.
718 2854 753 2882 n.
780 2844 861 2881 526.

296 2913 309 2933 ⁸
335 2914 448 2951 Cone.
476 2915 621 2952 Baltim.
649 2925 687 2950 n.
715 2915 772 2952 77.

291 2984 305 3005 ⁸
330 2986 369 3023 S.
396 2987 440 3024 R.
466 2986 600 3033 Congr.
631 2986 674 3022 21
715 2986 862 3023 Ianuar.
891 2985 994 3022 1626.
1035 2986 1174 3024 Bened.
1213 2985 1312 3030 XIV,
1352 2986 1439 3023 Inst.
1467 2985 1524 3029 54,
1559 2990 1595 3022 et
1626 2986 1684 3029 96,
1716 2991 1751 3024 et
1789 2987 1833 3023 de
1871 2987 1959 3033 Syn.

174 3054 255 3092 Lib.
283 3056 346 3100 XI,
373 3067 457 3104 cap.
483 3058 551 3094 IX.
