2176 3386
538 219 667 248 Lmen
695 219 720 247 1.
750 218 808 247 DE
837 217 974 248 REBUS
1004 217 1240 247 EchEsmE
1269 218 1596 247 smmrmmeus
1880 209 1957 249 241

179 340 286 372 cum
321 325 564 372 haereticis
605 326 660 371 de
694 325 911 384 religione
959 325 1209 383 disputent.
1261 325 1378 371 Hinc
1424 326 1586 386 eadem
1635 329 1756 373 Sacr.
1793 331 1955 387 Congr.

179 410 251 456 die
284 412 338 456 27
373 410 481 456 maii
519 411 631 455 1644
661 409 1092 468 reprehendendum
1140 409 1321 454 censuit
1367 413 1587 455 Ioannem
1624 411 1820 456 [udischi
1854 412 1959 458 Mis-

179 493 428 539 sionarium
463 495 584 553 quod
614 496 863 551 susceperit
894 507 1012 537 onus
1043 494 1333 538 convocandi
1354 494 1528 538 dietam
1551 503 1828 540 conventum
1860 500 1961 541 sine

179 578 308 622 Sedis
339 578 621 634 Apostolicae
651 577 843 634 speciali
878 577 1117 620 mandato.

303 662 428 706 1155.
464 665 600 705 Porro
632 674 739 705 cum
775 660 1031 720 Apostolica
1066 660 1201 705 Sedes
1235 660 1495 706 huiusmodi
1541 668 1826 709 conventum
1863 681 1959 724 per-

182 743 325 788 mittit
371 750 465 789 tres
511 743 801 802 potissimum
850 747 959 788 sunt
1006 744 1291 790 necessariae
1339 746 1628 792 conditiones
1661 753 1711 792 ut
1743 749 1828 794 rite
1862 749 1955 795 fiat.

186 829 223 884 1)
261 829 317 871 Ut
349 827 568 872 haeretici
602 841 695 872 non
729 827 902 872 iudices
934 832 980 872 et
1012 842 1117 872 cum
1152 828 1250 873 iure
1294 829 1495 886 suffragii
1537 831 1847 888 conveniant,
1882 834 1960 878 sed

183 915 232 954 ut
263 909 554 955 instruantur
577 915 623 954 et
646 916 984 955 convertantur
1006 911 1063 955 ab
1086 924 1239 956 errore
1262 925 1316 956 ac
1339 912 1650 970 corrigantur,
1687 916 1728 970 2)
1765 928 1823 959 ne
1848 916 1960 960 liant

180 1006 333 1037 coram
368 993 519 1051 plebe,
556 993 633 1038 sed
678 1007 831 1038 coram
877 993 1054 1049 doctis,
1101 998 1142 1050 o)
1181 1007 1238 1038 ne
1272 995 1461 1039 sedeant
1505 1002 1742 1056 tamquam
1789 997 1960 1043 iudices

179 1075 297 1131 laid,
333 1076 513 1121 etiamsi
547 1076 639 1121 sint
671 1076 915 1135 principes.

936 1296 1115 1339 CAPUT
1149 1299 1201 1339 ll.

724 1439 785 1474 DE
814 1438 1154 1476 SOCIETATIBUS
1182 1439 1417 1478 SECRETIS.

301 1578 426 1621 1154.
464 1580 638 1635 Operae
672 1577 869 1635 pretium
904 1583 973 1623 est
1008 1582 1057 1622 ut
1089 1578 1240 1638 aliqua
1274 1580 1542 1625 summatim
1577 1582 1818 1639 perstricta
1858 1583 1959 1627 heic

177 1660 399 1705 addamus
432 1660 486 1705 de
519 1660 815 1705 societatibus
847 1661 1052 1717 secretis,
1088 1676 1201 1721 quas
1228 1663 1425 1708 Ecclesia
1449 1664 1670 1709 damnare
1706 1679 1957 1725 numquam

177 1743 352 1788 destitit
384 1748 542 1801 utpote
576 1743 630 1788 ad
666 1743 731 1788 rei
768 1748 861 1788 tum
904 1757 1092 1799 sacrae,
1127 1749 1226 1789 tum
1260 1745 1466 1803 publicae
1510 1746 1705 1792 exitium
1754 1753 1954 1793 exortas.

179 1830 295 1872 Sane
327 1831 487 1872 contra
523 1826 782 1872 huiusmodi
818 1828 1067 1873 Societates
1100 1842 1390 1888 quocumque
1433 1830 1621 1875 nomine
1662 1836 1955 1887 censeantur,

177 1910 536 1956 Constitutiones
582 1911 824 1955 ediderunt
868 1911 1042 1956 Summi
1086 1912 1329 1958 Pontifices
1376 1914 1586 1958 Clemens
1626 1917 1701 1959 ΧΠ
1739 1915 1768 1969 ²,
1821 1918 1958 1959 Bene·

176 1993 284 2038 dict.
312 1997 407 2038 xlv
427 1993 459 2049 ²,
498 1993 599 2038 Pius
635 1997 710 2038 Vll
735 1994 767 2050 ³,
804 1999 890 2039 Leo
925 1999 1001 2039 ΧΗ
1026 1995 1058 2051 ⁴,
1095 1995 1200 2041 Pius
1234 2000 1287 2040 lx
1315 1997 1346 2039 ⁵.
1383 2001 1554 2041 Horum
1584 2003 1741 2042 autem
1774 1998 1957 2043 decreta

177 2079 247 2122 SS.
289 2081 338 2121 D.
375 2081 428 2121 N.
468 2082 554 2122 Leo
587 2082 685 2124 thl
720 2078 981 2136 nuperrime
1025 2079 1273 2124 innovavit
1310 2085 1357 2126 et
1394 2080 1690 2126 confirmavit
1714 2081 1744 2125 ⁶.
1793 2083 1848 2125 Ut
1879 2096 1957 2127 au-

176 2164 270 2204 tem
305 2173 460 2206 sacrae
495 2161 725 2219 religionis
774 2162 971 2208 ministri
1011 2164 1160 2209 sciant
1191 2179 1279 2223 qua
1314 2165 1493 2210 ratione
1543 2179 1649 2210 cum
1699 2166 1958 2211 huiusmodi

178 2241 417 2287 hominum
437 2257 603 2301 genere
627 2258 674 2289 se
697 2259 855 2303 gerere
878 2246 1091 2302 debeant,
1118 2250 1222 2306 Sup.
1252 2248 1388 2292 [niv.
1418 2252 1513 2307 lnq.
1541 2248 1612 2293 die
1643 2249 1691 2292 10
1711 2248 1818 2293 maii
1847 2249 1958 2294 1884

179 2325 536 2371 instructionem
567 2326 724 2383 edidit,
759 2342 847 2388 qua
881 2335 986 2387 apte
1020 2336 1340 2388 proponuntur
1372 2345 1488 2390 quae
1528 2332 1702 2389 agenda
1739 2331 1845 2390 ipsis
1882 2336 1957 2376 Pa-

176 2407 374 2453 storibus
405 2409 498 2454 sint
529 2411 586 2455 ad
619 2411 739 2456 hanc
771 2412 1023 2470 perniciem
1057 2415 1425 2471 cognoscendam
1459 2419 1506 2459 et
1537 2415 1862 2460 amoliendam.

302 2492 426 2537 1155.
464 2497 600 2538 Porro
644 2493 690 2538 in
736 2498 887 2540 Const.
926 2497 1205 2553 Apostolc'cae
1249 2498 1378 2542 Sedis
1423 2498 1954 2544 excommunicationem

176 2573 295 2619 latae
327 2575 585 2620 sententiae
621 2580 826 2623 Romano
861 2578 1069 2624 Pontifici
1103 2579 1371 2638 simpliciter
1403 2588 1688 2625 reservatam
1711 2581 1958 2627 incurrunt

298 2729 305 2747 ¹
335 2729 458 2766 Const.
486 2730 529 2766 In
555 2732 733 2769 eminenti.

293 2800 306 2818 ³
332 2800 458 2837 Const.
487 2802 672 2839 Providus.

295 2871 309 2892 ²
335 2872 458 2910 Const.
485 2874 695 2911 Ecclesiam.

296 2942 310 2962 ¹·
336 2943 460 2981 Const.
489 2945 566 2988 Quo
591 2947 778 2992 oraviora.

293 3016 306 3035 ⁸
331 3016 481 3063 Encyc'l.
510 3018 579 3061 Qui
601 3019 782 3065 pluribus.

293 3088 306 3108 ⁶
333 3089 375 3125 In
399 3090 556 3136 epistola
581 3092 772 3138 encyclica
798 3093 1011 3130 Humanum
1029 3104 1155 3140 yenus.

296 3169 607 3204 erELu-Somsm.
638 3190 674 3195 —
699 3173 741 3205 ΙΙ
743 3198 750 3205 .
1793 3178 1832 3209 16
