2176 3386
259 175 338 216 260
902 184 1012 213 PARS
1041 185 1065 212 1.
1101 183 1158 212 DE
1186 183 1398 212 PERSOle

259 292 318 336 sit
349 295 565 350 argentea
600 296 681 336 aut
712 305 771 336 ex
802 289 890 335 alio
924 289 1110 334 metallo
1142 289 1324 334 decenti
1356 294 1495 348 atque
1527 288 1652 334 intus
1685 288 1897 334 inaurata
1919 288 2040 333 debi-

260 381 398 435 toque
429 376 643 434 operculo
676 379 722 419 et
753 387 958 431 conopeo
991 376 1227 429 contecta3
1264 386 1322 417 an
1359 376 1541 430 praeter
1564 371 1766 430 pixidem
1790 370 1899 431 quid
1920 371 2040 416 aliud

261 460 369 505 licet
399 472 581 504 sacrum
615 457 661 502 in
696 457 993 501 tabernaculo
1026 460 1263 500 servetur:
1298 454 1417 514 quod
1451 453 1487 499 si
1522 453 1770 512 reperitur,
1814 453 1932 498 illico
1974 468 2041 498 re-

262 542 544 587 movendum
578 546 661 586 est.
700 539 1028 599 inquirendum
1070 552 1129 583 an
1174 537 1405 596 lampades
1438 542 1548 582 ante
1581 537 1725 582 altare
1758 536 2042 582 tabernaculi

261 626 337 670 diu
372 630 603 684 noctuque
635 624 910 677 colluceant,
945 636 1004 667 an
1041 622 1292 681 particulae
1326 626 1621 666 consecratae
1654 622 1806 666 hieme
1854 621 2044 681 quinde-

262 709 371 763 cim,
407 712 581 752 aestate
614 711 717 752 octo
749 706 1003 765 quibusque
1035 705 1193 750 diebus
1218 710 1516 750 renoventur.
1554 703 1882 763 Inquirendum
1907 718 1966 748 an
1997 703 2044 749 in

263 791 476 836 Ecclesiis
509 790 749 844 ruralibus,
786 789 832 833 in
866 788 1030 847 quibus
1063 791 1135 832 SS.
1172 791 1523 833 Sacramentum
1556 792 1837 843 asservatur,
1861 787 2045 846 Cappel-

263 874 394 918 lanus
429 873 623 918 resideat
654 877 700 916 et
731 871 934 931 quotidie
970 871 1154 915 missam
1189 871 1403 926 celebret,
1439 869 1588 914 teneri
1621 870 1746 914 enim
1780 870 1835 914 ad
1870 874 2044 914 utrum-

263 972 350 1017 que
385 958 455 1001 vel
492 971 569 1014 per
601 969 664 1011 se,
703 955 775 998 vel
809 968 887 1012 per
919 953 1077 1009 alium,
1113 953 1366 998 declaravit
1387 954 1412 995 ².
1447 956 1661 998 Ceterum
1689 953 1935 1011 Episcopus
1968 967 2047 1012 per

263 1041 410 1084 edicta
447 1040 490 1083 in
525 1037 730 1083 sacristia
764 1037 986 1095 affigenda
1022 1049 1192 1095 poenas
1225 1051 1305 1095 pro
1339 1036 1542 1095 qualibet
1573 1036 1705 1094 culpa
1751 1035 1799 1080 in
1841 1049 2046 1081 asserva-

266 1124 389 1169 tione
427 1121 737 1168 Eucharistiae
769 1120 1015 1165 commissa
1048 1119 1328 1164 constituere
1362 1120 1497 1164 debet
1530 1120 1576 1162 in
1610 1132 1704 1174 eos,
1741 1119 1818 1178 qui
1851 1119 1907 1163 ad
1929 1119 2046 1163 eius-

265 1209 386 1253 modi
411 1206 667 1252 custodiam
691 1210 934 1261 tenentur3
967 1209 1012 1249 et
1036 1204 1329 1249 Antistitibus
1351 1205 1436 1248 hac
1462 1205 1506 1248 in
1542 1218 1588 1248 re
1614 1203 1858 1248 facultates
1880 1204 2048 1248 dantur

265 1290 536 1351 procedendi
570 1294 732 1334 contra
766 1290 996 1347 regulares
1037 1293 1083 1332 et
1130 1292 1370 1346 exemptos
1416 1286 1700 1332 cumulative
1741 1300 1847 1330 cum
1886 1300 2046 1331 eorum

264 1374 577 1433 Superioribus
610 1372 946 1431 generalibus2.
983 1372 1110 1417 Circa
1145 1371 1331 1416 modum
1365 1384 1455 1430 quo
1499 1370 1721 1427 recipitur
1762 1374 1808 1415 et
1845 1370 2050 1414 defertur

270 1460 570 1513 Eucharistia‚
607 1457 808 1516 inquiret
843 1456 1086 1515 Episcopus
1119 1470 1177 1500 an
1204 1455 1247 1499 in
1275 1456 1492 1500 Pascbate
1516 1468 1677 1499 omnes
1700 1454 2048 1499 communicent

267 1548 311 1587 et
344 1556 401 1586 an
436 1541 511 1600 qui
548 1540 837 1598 neglexerint
872 1539 1035 1584 moniti
1071 1539 1258 1595 fuerint,
1293 1553 1353 1583 an
1399 1538 1613 1583 mulieres
1651 1537 1833 1582 decenti
1877 1535 2047 1581 vestitu

266 1626 505 1680 accedant,
540 1639 599 1668 an
633 1624 689 1668 ad
724 1623 930 1667 infirmos
963 1622 1239 1680 tempestive
1271 1623 1505 1666 deferatur
1536 1626 1583 1666 et
1604 1621 1756 1665 debita
1790 1634 1896 1664 cum
1930 1633 2049 1664 asso-

267 1709 465 1754 ciatione
500 1709 746 1762 luminum,
782 1722 841 1752 an
875 1712 921 1751 et
953 1707 1133 1766 quoties
1164 1705 1476 1763 expositiones
1510 1704 1715 1763 publicae
1740 1703 1852 1749 fiant
1876 1708 1921 1748 et
1950 1717 2049 1762 pro·

268 1792 497 1837 cessiones
519 1806 624 1836 cum
649 1791 878 1835 delatione
905 1789 1230 1834 Eucharistiae.
1270 1787 1531 1832 Benedictio
1555 1790 1625 1832 SS.
1654 1787 1938 1832 Sacramenti
1966 1786 2048 1832 im-

271 1874 425 1932 pertiri
461 1889 551 1918 non
589 1878 736 1932 potest
767 1873 866 1917 sine
903 1872 1107 1931 Episcopi
1131 1871 1332 1916 licentia.
1372 1875 1486 1916 [tem
1514 1870 1842 1929 processiones,
1871 1875 2051 1930 praeter

268 1971 344 2002 eas
376 1971 493 2016 quae
525 1971 549 2001 a
585 1956 777 2001 rubricis
811 1955 1201 2014 praescribuntur,
1238 1955 1311 1999 vel
1351 1954 1575 2011 expositio
1622 1954 1840 1999 solemnis
1883 1957 1954 2000 SS.
1982 1957 2054 2000 Sa·

270 2040 495 2084 cramenti
529 2053 606 2084 seu
641 2054 757 2098 quae
791 2038 841 2083 fit
877 2053 956 2097 per
987 2038 1312 2093 ostensorium‚
1350 2037 1504 2082 haberi
1541 2042 1795 2097 nequeunt,
1832 2037 1918 2081 nisi
1945 2051 2050 2083 cum

269 2123 472 2167 eiusdem
508 2123 822 2181 permissione.
865 2123 1114 2181 Expositio‚
1151 2122 1305 2166 minus
1337 2122 1556 2167 solemnis
1588 2136 1704 2181 quae
1741 2121 1793 2166 fit
1827 2136 1905 2180 per
1938 2122 2050 2181 pixi-

270 2206 391 2260 dem,
430 2220 519 2250 non
556 2205 748 2264 requirit
780 2205 1040 2250 huiusmodi
1074 2206 1347 2263 permissum
1367 2205 1396 2249 ⁸.
1434 2205 1562 2250 Circa
1591 2205 1756 2250 missae
1787 2205 2051 2251 celebratio-

272 2303 378 2333 nem
415 2289 740 2348 inquirendum
773 2294 843 2333 est
873 2303 932 2333 an
967 2289 1162 2334 calicum
1195 2294 1241 2333 et
1274 2293 1547 2347 patenarum
1581 2302 1746 2333 aurum
1795 2303 1884 2348 quo
1929 2289 2053 2334 intus

270 2372 432 2416 obduci
466 2373 635 2416 debent
667 2374 926 2427 evanuerit,
961 2386 1020 2416 an
1055 2372 1264 2430 planetae
1298 2372 1503 2432 aliaeque
1541 2376 1690 2416 vestes
1726 2376 1773 2416 et
1805 2376 1957 2417 cetera
1986 2372 2052 2417 in·

271 2459 530 2500 strumenta
563 2455 656 2500 sint
687 2456 845 2501 attrita
869 2460 948 2501 aut
972 2456 1226 2501 immunda.
1265 2455 1595 2515 inquirendum
1621 2459 1778 2500 utrum
1815 2455 1962 2500 exteri
1986 2469 2054 2500 sa-

273 2540 480 2583 cerdotes
511 2540 679 2598 absque
713 2539 878 2584 litteris
910 2539 1179 2584 dimissoriis
1210 2538 1267 2583 ab
1293 2539 1511 2597 Episcopo
1536 2539 1783 2596 recognitis
1806 2539 2054 2584 admittan-

274 2625 348 2663 tur
379 2620 435 2664 ad
468 2633 650 2664 sacrum
684 2620 974 2677 faciendum,
1011 2625 1166 2665 utrum
1199 2621 1337 2680 aliqui
1371 2621 1465 2665 sint
1496 2621 1573 2680 qui
1597 2620 1766 2680 absque
1789 2625 1977 2666 tonsura
2000 2634 2053 2665 ac

274 2707 401 2746 veste
435 2702 632 2747 clericali
665 2703 864 2759 decenti,
890 2708 970 2748 aut
993 2718 1180 2761 propere
1205 2709 1285 2748 aut
1307 2704 1617 2749 irreverenter
1639 2703 1799 2749 missas
1822 2704 2054 2748 celebrent

394 2837 401 2854 ¹
433 2837 467 2872 S.
495 2838 563 2873 Rit.
591 2838 723 2883 Congr.
750 2838 787 2873 in
815 2839 990 2875 Firmano
1017 2838 1075 2875 die
1104 2838 1148 2875 16
1173 2839 1296 2875 Martii
1318 2838 1419 2874 1855.

394 2908 405 2926 ²
433 2909 466 2945 S.
494 2908 626 2954 Congr.
654 2910 745 2956 Epp.
773 2915 808 2945 et
835 2911 923 2955 Reg.
951 2909 1175 2956 lilt.encycl.
1203 2910 1224 2946 9
1253 2910 1358 2946 Febr.
1388 2909 1493 2946 1751.

393 2979 406 2999 ³
432 2980 546 3016 Prout
571 2985 716 3018 constat
740 2991 787 3017 ex
812 2982 926 3027 Epist.
953 2981 1087 3018 Bened.
1114 2981 1201 3018 XlV
1227 2981 1274 3017 ad
1302 2982 1528 3027 Episcopum
1547 2979 1772 3017 Warmiens.
1795 2978 1836 3015 17
1857 2978 1944 3024 Apr.
1964 2975 2055 3013 1746

275 3063 344 3090 nec
370 3063 444 3090 non
469 3064 516 3090 ex
541 3053 615 3090 alia
640 3054 686 3090 ad
712 3054 817 3091 Card.
847 3053 954 3091 Urbis
981 3053 1060 3090 Vic.
1089 3052 1132 3090 27
1160 3052 1245 3089 Iulii
1272 3051 1374 3089 1755.

2119 2930 2146 3035 Α-”,
