2176 3386
201 197 281 237 278
874 207 987 236 PARS
1016 207 1056 235 11.
1087 207 1143 235 DE
1174 206 1312 236 nenos

325 314 453 360 1242.
492 318 627 359 Porro
659 313 898 372 hospitalia
930 314 1017 359 'alia
1049 318 1158 359 sunt
1190 314 1384 359 laicalt‘a
1421 313 1508 359 alia
1530 301 1852 360 ecelesiastica}
1890 313 1983 359 Lai·

204 398 336 454 calia‚
370 398 407 443 si
439 382 592 443 erecta
625 397 718 442 sint
749 398 919 457 absque
950 396 1226 443 auctoritate
1259 396 1488 456 Episcopi,
1526 392 1832 443 ecclesiastica
1868 411 1984 456 quae

206 480 412 539 Episcopi
437 481 712 526 auctoritate
743 485 852 525 sunt
873 480 1077 525 fundata.
1114 479 1201 525 Piis
1229 479 1340 525 locis
1361 479 1685 525 ecclesiasticis
1716 484 1986 539 competunt

206 565 431 625 quaedam
467 564 702 623 privilegia
745 563 1085 620 immunitatis,
1120 563 1365 622 sepeliendi
1393 599 1402 621 ,
1437 562 1790 608 administrandi
1836 577 1983 608 sacra-

207 654 387 706 menta,
422 663 539 709 quae
572 663 664 693 non
698 653 968 707 competunt
1008 647 1307 706 hospitalibus
1338 647 1492 703 laici8‚
1528 652 1721 704 excepta
1761 646 1983 691 electione

207 732 324 787 fori,
361 731 664 790 omnibusque
706 730 805 775 aliis
848 729 1126 788 privilegiis,
1160 744 1276 790 quae
1310 744 1335 775 a
1370 729 1467 775 iure
1508 729 1657 775 causis
1697 728 1782 788 piis
1823 743 1984 775 conce-

207 814 395 858 duntur.
934 803 939 807 ’

332 899 458 943 1245.
497 901 633 942 Porro
666 911 826 942 ornnes
857 897 1081 942 eiusmodi
1104 898 1343 942 domorum
1381 898 1609 957 praesides
1650 903 1696 943 et
1727 898 1985 944 administri

208 980 563 1026 constitutiones
583 981 638 1025 ad
673 982 850 1039 piorum
886 981 1090 1025 locorum
1127 981 1328 1039 regimen
1365 987 1501 1041 atque
1539 981 1982 1026 administrationem

208 1065 494 1123 pertinentes
539 1064 729 1109 omnino
772 1069 990 1118 servent,
1028 1069 1168 1123 utque
1216 1069 1462 1109 serventur
1509 1064 1735 1122 efficiant,
1770 1065 1985 1124 quemad-

210 1148 395 1192 modum
431 1147 476 1191 in
511 1148 724 1192 Conciliis
759 1147 1005 1193 Viennensi
1039 1162 1092 1193 ac
1125 1148 1429 1193 Tridentino¹
1467 1149 1697 1193 sancitum
1731 1151 1815 1192 est.

332 1231 458 1275 1244.
497 1235 734 1275 Praeterea
770 1231 815 1274 in
849 1230 978 1276 bonis
1011 1231 1303 1289 hospitalium
1337 1231 1751 1276 ecclesiasticorum
1784 1230 1986 1275 alienan-

209 1313 276 1357 dis
307 1313 510 1357 adhiberi
544 1313 714 1358 debent
745 1314 1060 1359 solemnitates
1094 1314 1337 1374 requisitae
1371 1315 1416 1358 in
1450 1315 1728 1359 alienatione
1761 1314 1985 1359 bonorum

209 1397 642 1452 ecclesiasticorum,
668 1411 798 1442 set-us
821 1397 866 1441 in
892 1398 1022 1443 bonis
1054 1398 1281 1443 laicalium
1307 1398 1576 1443 alienandis.
1616 1402 1828 1445 Ceterum
1851 1412 1985 1458 quae-

210 1480 280 1525 vis
313 1481 383 1539 pia
419 1482 545 1536 loca,
582 1481 680 1525 sive
713 1482 887 1526 laicaIIa
921 1482 1044 1537 sint,
1079 1482 1177 1526 sive
1210 1482 1554 1537 ecclesiastica,
1588 1482 1802 1541 quamtis
1834 1495 1988 1525 exem·

211 1563 378 1622 ptionis
413 1564 647 1621 privilegio
671 1565 915 1621 gaudeant,
941 1566 1146 1623 exceptis
1171 1565 1239 1619 iis,
1265 1579 1381 1625 quae
1415 1566 1498 1610 sub
1534 1579 1688 1623 regum
1723 1564 1989 1609 immediata

211 1647 494 1704 protectione
527 1652 666 1703 sunt,
702 1648 955 1708 quibusque
1004 1649 1125 1707 regia
1162 1648 1382 1707 protectio
1423 1649 1467 1693 in
1503 1649 1661 1693 limine
1708 1647 1990 1693 fundationis

209 1730 463 1786 accessit²‚
499 1731 694 1775 subsunt
735 1731 1034 1777 iurisdictioni
1083 1732 1311 1791 Episcopi:
1367 1734 1405 1789 1)
1442 1732 1486 1776 in
1528 1747 1580 1777 eo
1613 1732 1733 1791 quod
1785 1730 1988 1790 Episcopi

212 1819 401 1873 possunt
433 1829 484 1859 ea
522 1815 707 1860 visitare
742 1817 787 1859 in
822 1815 876 1860 iis
909 1815 1139 1872 omnibus,
1175 1830 1290 1876 quae
1329 1816 1403 1859 Dei
1439 1816 1614 1860 cultum
1649 1820 1694 1859 et
1725 1815 1986 1860 animarum

209 1898 403 1942 salutem
439 1898 713 1956 respiciunt5
766 1901 807 1954 2)
845 1900 889 1942 in
924 1913 1008 1954 eo,
1045 1899 1163 1958 quod
1207 1899 1319 1943 ratio
1352 1899 1763 1944 administrationis
1799 1898 1988 1956 singulis

210 1982 344 2024 annis
391 1981 525 2026 debet
572 1982 695 2025 reddi
749 1982 964 2040 Episcopo
1014 1988 1111 2026 tum
1144 1982 1189 2026 in
1227 1982 1525 2038 visitatione,
1561 1987 1659 2027 tum
1692 1987 1823 2027 extra
1857 1996 1986 2038 eam,

210 2062 359 2122 aliqua
393 2064 447 2108 de
470 2078 623 2119 causa,
650 2065 755 2109 licet
778 2066 823 2109 in
847 2066 1093 2110 adxersum
1116 2065 1209 2110 sint
1231 2066 1593 2111 consuetudines
1625 2071 1671 2110 et
1695 2065 1930 2124 privilegia
1953 2065 1985 2122 ³5

211 2153 256 2191 et
288 2147 323 2192 si
357 2163 413 2192 ex
449 2148 711 2206 particulari
754 2151 1086 2194 consuetudine
1125 2150 1194 2194 vel
1227 2149 1465 2208 privilegio
1513 2150 1628 2195 ratio
1662 2150 1889 2194 reddenda
1922 2155 1991 2194 est

210 2230 325 2286 aliis,
353 2245 441 2275 una
465 2245 571 2276 cum
596 2231 649 2275 iis
670 2232 873 2276 adhiberi
897 2237 1076 2290 oportet
1102 2232 1361 2291 Episcopus,
1388 2238 1434 2278 et
1464 2233 1673 2278 liberatio
1705 2233 1838 2278 aliter
1870 2233 1989 2277 facta

210 2314 690 2370 administratoribus,
727 2315 839 2359 nihil
874 2316 1097 2373 proderit3
1147 2316 1239 2361 imo
1275 2321 1464 2374 possunt
1496 2316 1725 2362 ordinarii
1761 2317 1990 2361 rationum

211 2398 515 2443 redditionem
547 2397 747 2455 exigere,
782 2398 963 2444 etiamsi
997 2403 1189 2444 testator
1222 2412 1300 2444 seu
1337 2400 1555 2444 fundator
1578 2399 1857 2458 id'expresse
1892 2413 1989 2458 pro-

211 2480 426 2536 hibuerit,
461 2486 507 2526 et
539 2482 721 2526 etiamsi
755 2481 1049 2541 disposuisset
1080 2482 1198 2542 quod
1234 2482 1434 2541 legatum
1474 2483 1533 2528 sit
1565 2483 1774 2539 nullum,
1809 2483 1990 2542 quando

331 2626 339 2644 ¹
371 2626 466 2662 Sess.
494 2626 572 2668 VII,
601 2626 686 2672 Cap.
715 2627 795 2671 XV,
822 2626 864 2664 de
888 2628 965 2674 Res.

329 2698 341 2717 ’
368 2698 405 2735 Si
432 2698 619 2735 dubitatur
644 2707 691 2734 an
718 2698 820 2735 locus
847 2699 931 2744 pius
957 2699 1026 2736 sub
1053 2700 1155 2745 regia
1182 2703 1364 2745 potestate
1393 2699 1451 2742 sit,
1467 2699 1632 2745 cognitio
1650 2708 1694 2735 ac
1712 2699 1879 2736 definitio
1906 2708 1990 2736 cau-

212 2780 273 2806 sae
299 2769 345 2806 ad
371 2770 597 2816 Episcopum
626 2770 793 2815 pertinet.
820 2770 870 2807 Cf.
898 2771 1034 2807 MARTA
1059 2771 1101 2806 de
1125 2771 1253 2807 iurisd.
1281 2774 1371 2817 part.
1399 2770 1431 2814 2,
1458 2780 1488 2807 c.
1520 2770 1572 2813 18,
1600 2780 1635 2807 n.
1662 2771 1695 2808 5.

331 2841 344 2860 ³
370 2842 469 2878 Loca
496 2843 556 2887 pia
583 2842 722 2887 privata
757 2842 803 2878 ad
840 2842 999 2888 privatos
1039 2842 1260 2888 pertinentia
1296 2842 1343 2879 ab
1371 2842 1559 2889 Episcopo
1586 2841 1724 2879 visitari
1761 2846 1915 2888 possunt
1953 2841 1991 2877 in

212 2913 361 2950 casibus
388 2923 410 2949 a
435 2913 513 2950 iure
531 2914 729 2956 concessis,
750 2913 820 2950 nisi
850 2914 1053 2959 Episcopus
1072 2913 1110 2949 in
1128 2913 1344 2950 fundatione
1364 2923 1540 2960 expresse
1561 2914 1667 2950 tuerit
1685 2912 1871 2956 exclusus
1897 2922 1992 2959 quae

211 2984 377 3021 exclusio
404 2985 450 3021 ad
477 2985 659 3022 rationum
688 2985 932 3022 redditionem
951 2995 1024 3021 non
1043 2984 1263 3022 extenditur.
1292 2985 1397 3022 Unde
1415 2985 1575 3030 amplior
1591 2988 1647 3020 est
1673 2984 1770 3020 circa
1795 2984 1887 3021 haec
1910 2982 1993 3021 loca

211 3056 483 3102 Episcoporum
509 3061 672 3102 potestas
700 3057 737 3093 in
762 3058 947 3094 rationum
974 3057 1191 3100 redditione,
1219 3066 1329 3103 quam
1358 3057 1398 3093 in
1423 3056 1646 3093 visitatione.
