2176 3386
580 0 678 23 sss-s
755 0 841 18 ⁷2:2-
884 0 1146 20 ⁸³5·'-.-f†·-·:·-
1200 0 1240 5 ‘⁷
1279 2 1282 4 ·
1331 6 1349 16 n
1449 0 1547 20 JV*
1595 3 1609 14 s
1666 0 1699 8 ‘—
1751 0 1774 18 z‘
1822 6 1858 13 .-

802 218 933 247 Llssssn
961 219 984 247 1.
1020 218 1077 247 DE
1106 219 1298 248 CLEmcls
1869 209 1946 249 187

246 326 347 372 248.
371 327 522 372 Altera
545 327 835 387 episcopatus
860 332 1077 386 potestas,
1098 327 1154 372 de
1177 341 1266 386 qua
1290 327 1422 372 nobis
1444 328 1672 383 agendum
1697 332 1782 384 est,
1806 342 1946 388 quae-

156 424 244 469 que
277 409 606 455 iurisdictionis
637 410 837 465 dicitur,
872 414 1052 469 spectat
1088 410 1145 455 ad
1192 414 1436 454 externam
1470 410 1692 455 dioecesis
1737 410 1945 466 politiam

158 505 238 538 seu
261 493 731 548 administrationem,
757 499 803 536 et
826 493 883 537 ab
919 493 1137 551 Episcopo
1162 507 1241 550 per
1267 495 1510 537 Summum
1544 492 1813 538 Pontificem
1838 506 1946 537 con-

161 576 358 631 firmato,
384 577 599 636 quamvis
624 576 829 621 nonduin
854 580 1140 631 consecrato,
1166 575 1374 620 exerceri
1408 580 1571 634 potest.
1610 580 1731 620 Haec
1755 575 1801 620 in
1835 576 1947 620 duas

156 659 329 718 species
361 658 648 717 dispescitur,
684 659 729 702 in
763 660 1065 704 ordinariam
1092 663 1138 702 et
1161 658 1207 702 in
1231 659 1513 716 (leleqacam.
1540 658 1800 714 ordinaria,
1826 672 1945 718 quae

156 743 370 788 cohaeret
403 742 567 798 officio,
603 742 788 800 prolluit
819 756 878 786 ex
912 742 1007 798 lege
1043 742 1114 786 vel
1148 741 1500 796 consuetudine,
1546 747 1592 785 et
1639 755 1809 786 munus
1843 756 1942 799 pro-

159 826 306 885 prium
341 829 426 881 est,
461 825 674 885 quocirca
710 826 918 870 mandari
942 826 1074 870 alteri
1099 829 1263 883 potest,
1300 825 1386 869 nisi
1410 826 1484 870 lex
1511 828 1653 881 vetet,
1679 828 1726 869 et
1750 825 1822 869 vel
1847 825 1946 870 uni-

158 923 290 954 versa
326 909 533 954 mandari
557 913 703 968 potest
725 910 739 932 ¹
772 909 1021 953 dummodo
1043 908 1088 952 in
1113 909 1261 953 ollicio
1294 922 1376 952 suo
1395 909 1537 952 alium
1562 922 1654 952 non
1678 907 1944 964 substituat,

156 992 242 1038 nisi
275 993 392 1037 forte
424 992 670 1037 substituat
702 993 758 1036 ad
792 993 1024 1037 modicum
1061 997 1241 1050 tempus
1274 992 1317 1036 id
1342 987 1487 1036 estad
1510 992 1623 1036 duas
1656 995 1809 1036 tresve
1834 992 1942 1036 heb-

154 1076 421 1121 domadas².
462 1076 669 1121 Diximus
703 1076 788 1120 nisi
823 1076 896 1120 lex
933 1080 1075 1131 vetet,
1111 1080 1162 1120 ut
1197 1075 1329 1120 bodie
1365 1075 1577 1120 Parocliis
1612 1075 1942 1120 vetatiurisdi—

156 1159 357 1204 ctionem
392 1159 599 1217 delegare
631 1160 687 1204 ad
721 1158 1033 1204 confessiones
1056 1158 1415 1204 sacramentales
1437 1158 1748 1217 excipiendas.
1775 1184 1836 1192 —
1862 1164 1944 1204 De·

155 1243 300 1301 legata
334 1243 391 1287 ab
413 1257 466 1288 eo
501 1244 747 1288 mandatur
778 1243 855 1303 qui
889 1243 1169 1288 ordinariam
1204 1243 1356 1299 habet,
1393 1248 1439 1288 et
1481 1243 1616 1288 datur
1657 1244 1714 1287 ab
1755 1245 1943 1290 homine

155 1340 209 1371 ac
240 1326 522 1384 subdelegari
557 1328 730 1386 nequit.

273 1410 565 1455 Ordinariam
603 1410 806 1469 Episcopi
843 1415 1117 1468 potestatem
1168 1411 1378 1455 nonnulli
1428 1424 1519 1454 una
1555 1410 1754 1468 generali
1792 1412 1944 1469 regula

156 1494 573 1552 comprehendunt,
609 1494 786 1539 aientes
822 1508 949 1552 posse
1002 1493 1242 1552 Episcopos
1276 1493 1320 1537 in
1368 1507 1448 1538 sua
1482 1493 1678 1538 dioecesi
1725 1493 1944 1553 quidquid

157 1580 371 1623 Summus
404 1577 617 1622 Pontifex
653 1580 801 1635 potest
836 1577 880 1621 in
918 1581 1010 1621 tota
1049 1576 1265 1632 Ecclesia,
1300 1576 1354 1621 iis
1386 1577 1609 1635 exceptis⁷
1645 1591 1761 1635 quae
1796 1577 1943 1622 eidem

156 1674 370 1719 expresse
404 1666 637 1705 reservata
673 1667 794 1705 sunt.
834 1662 898 1705 Ab
931 1660 1153 1705 eiusmodi
1188 1665 1346 1704 tamen
1382 1660 1534 1718 regula
1560 1660 1821 1705 cavendum
1848 1673 1944 1706 esse

156 1749 279 1790 recte
311 1746 445 1790 docet
478 1745 750 1790 Benedictus
787 1748 882 1789 XlV
916 1746 972 1789 cle
1005 1747 1116 1804 Syn.
1154 1746 1292 1789 dioec.
1332 1749 1373 1789 L.
1412 1748 1483 1800 lx,
1520 1759 1617 1804 cap.
1652 1748 1694 1802 13
1740 1745 1942 1804 quando-

154 1828 337 1888 quidem
373 1829 503 1887 plura
537 1834 662 1885 sunt,
698 1842 814 1888 quae
853 1832 1059 1873 Romano
1094 1827 1303 1872 Pontifici
1337 1842 1429 1872 non
1464 1833 1572 1872 sunt
1627 1833 1861 1873 reservata
1897 1834 1944 1873 et

158 1916 311 1957 tamen
349 1914 419 1957 vel
445 1917 609 1957 natura
636 1925 732 1967 sua,
760 1926 867 1956 cum
891 1925 1152 1970 supremam
1179 1911 1372 1968 exigunt
1397 1914 1689 1968 potestatem,
1719 1911 1791 1955 vel
1823 1911 1944 1970 quod

155 1996 212 2040 ab
236 2010 289 2040 eo
322 1995 572 2040 constituta
606 2000 731 2050 sunt,
768 1994 838 2040 cui
863 1994 1070 2053 superior
1093 2000 1159 2038 est
1184 1994 1450 2048 auctoritas,
1480 1993 1671 2038 minime
1692 1993 1943 2038 subiiciun-

154 2085 230 2124 tur
264 2081 587 2138 Episcoporum
613 2077 915 2123 iurisdictioni
942 2077 970 2122 ³.
1011 2080 1176 2122 Verum
1200 2077 1286 2121 dici
1315 2081 1462 2134 potest
1490 2076 1761 2134 Episropum
1786 2076 1941 2121 omnia

155 2176 283 2221 posse
315 2163 463 2222 quoad
496 2175 603 2207 suae
637 2162 896 2206 dioeceseos
920 2160 1302 2218 gubernationem
1337 2159 1391 2204 iis
1424 2160 1630 2217 exceptis
1663 2173 1797 2218 quae,
1844 2159 1943 2203 iure

155 2247 372 2305 superiori
409 2246 721 2304 prohibentur.
755 2250 904 2300 Quare
937 2245 1104 2290 omissa
1138 2244 1361 2288 eiusmodi
1396 2244 1566 2301 regula,
1593 2243 1852 2289 ordinariae
1877 2245 1943 2288 iu-

157 2330 434 2376 risdictionis
466 2330 639 2388 species
671 2329 1021 2387 distinguendae
1054 2334 1180 2384 sunt,
1216 2343 1269 2373 ac
1305 2330 1487 2386 regulae
1518 2328 1572 2372 de
1598 2328 1650 2372 iis
1674 2328 1939 2373 tradendae.

284 2414 536 2459 lui-isdictio
570 2413 897 2468 ecclesiastica,
933 2413 1033 2457 sive
1075 2412 1306 2457 ordinaria
1344 2411 1442 2456 sive
1481 2412 1703 2469 delegata,
1743 2426 1820 2469 pro
1864 2412 1943 2455 du-

156 2497 258 2556 plici
301 2503 507 2555 respectu
542 2496 759 2554 distingui
792 2496 943 2551 debet,
969 2494 1143 2540 scilicet
1179 2495 1354 2539 ratione
1397 2494 1507 2551 fori,
1554 2495 1676 2538 unde
1719 2494 1944 2538 dividitur

156 2581 202 2625 in
237 2579 598 2625 iurisdictionem
634 2579 732 2636 fori
771 2581 962 2632 interni,
1002 2593 1119 2638 quae
1154 2577 1198 2622 in
1233 2578 1523 2622 confessione
1557 2578 1881 2622 sacramentali
1906 2578 1939 2634 ¹⁸,

155 2668 202 2709 et
234 2663 277 2707 in
314 2662 676 2708 iurisdictionem
710 2662 807 2719 fori
839 2664 1044 2717 externi,
1081 2675 1197 2720 quae
1241 2664 1374 2705 extra
1417 2665 1762 2706 sacramentum
1811 2674 1941 2705 exer-

277 2807 287 2826 ¹
316 2808 352 2844 S.
378 2807 512 2852 Congr.
539 2807 649 2844 Conc.
677 2809 723 2843 12
749 2809 841 2853 Sept.
873 2805 988 2843 1874.

272 2879 285 2897 ¹
311 2879 362 2915 Cf.
389 2880 430 2916 R.
457 2879 496 2916 P.
524 2880 564 2915 D.
593 2878 725 2915 losapn
753 2878 994 2915 D'ANMBALE
1023 2878 1214 2914 summula
1245 2877 1365 2913 Theol.
1391 2877 1484 2913 Mor.
1511 2877 1553 2912 P.
1580 2876 1605 2912 I.
1634 2886 1667 2922 p.
1694 2876 1752 2912 55.

270 2949 283 2968 ³
309 2949 360 2986 Cf.
386 2950 431 2987 cl.
459 2950 592 2987 [ossen
620 2950 863 2986 D’Amvmxm
890 2951 988 2986 Sum.
1020 2950 1138 2986 Theol.
1166 2949 1259 2986 Mor.
1287 2949 1326 2985 P.
1354 2948 1380 2989 l,
1409 2958 1442 2993 p.
1470 2947 1526 2984 69.

271 3023 285 3041 ⁸
311 3022 440 3060 Melius
469 3023 671 3060 iurisdictio
699 3022 766 3059 fori
794 3022 927 3058 interni
957 3022 1020 3058 illa
1045 3027 1099 3058 est
1126 3031 1198 3067 que
1236 3021 1283 3057 ad
1312 3020 1449 3057 bonum
1483 3020 1760 3057 individuorum
1802 3019 1940 3056 directe

156 3092 362 3137 ordinatur;
390 3093 456 3130 lori
482 3093 623 3130 externi
651 3102 746 3139 quae
773 3093 893 3139 primo
923 3093 1062 3129 bonum
1089 3092 1279 3138 publicum
1305 3095 1491 3138 procurat.
