2176 3386
211 164 263 203 92
859 178 968 207 PARS
997 179 1022 207 1.
1056 179 1113 207 DE
1142 179 1354 209 PERSONIS

209 298 302 330 sese
333 286 542 342 obliyare
573 287 645 330 vel
680 299 728 331 se
760 300 785 331 a
819 286 930 344 legis
961 274 1081 332 latae
1114 286 1390 345 obligatione
1414 281 1617 333 liberare
1651 289 1879 346 intendat,
1905 306 1995 351 quo

210 368 256 412 in
291 382 397 413 casu
441 369 725 413 consuetudo
764 369 932 414 dicitur
975 369 1124 427 potius
1156 370 1421 415 dissuetudo
1456 371 1486 414 ¹.
1535 371 1718 417 Etenim
1757 373 1842 418 etsi
1887 374 1995 419 obli-

208 453 330 510 gatio
364 452 555 497 iuridica
589 452 912 497 consuetudini
953 467 1010 497 ex
1044 452 1268 510 Principis
1314 467 1540 498 consensu
1582 455 1799 510 accedat,
1835 461 1992 501 tamen

211 535 425 594 Princeps
457 534 503 579 in
538 535 922 580 consuetudinem
957 539 1182 580 consentit
1212 539 1370 592 prouti
1400 543 1487 580 est.-
1523 537 1628 581 binc
1651 537 1686 581 si
1711 539 1993 583 consuetudo

209 632 301 662 non
336 618 394 662 sit
427 619 481 662 ad
516 617 840 674 obligationem
875 617 1201 672 inducendam,
1239 633 1388 678 neque
1423 619 1643 678 Principis
1676 633 1889 664 assensus
1918 621 1993 664 ob-

207 700 475 758 ligationem
510 701 700 745 inducit.

328 788 427 829 Non
463 790 527 829 est
564 790 719 829 autem
754 784 1000 828 dicendum
1026 785 1410 830 communitatem
1432 799 1511 830 sua
1539 786 1872 831 consuetudine
1896 799 1993 831 sese

209 866 423 924 obligare,
460 873 540 911 ant
572 881 618 912 se
653 868 709 912 ab
742 868 1018 924 obligatione
1052 868 1244 913 liberare
1284 867 1534 914 intendisse
1577 869 1663 913 nisi
1717 870 1762 924 a)
1802 882 1990 914 consue-

208 950 317 993 tudo
351 964 379 994 a
417 953 589 995 nzaiori
621 964 675 994 ac
706 954 891 995 saniori
921 957 1058 1007 parte
1090 954 1440 996 communitatis
1478 952 1723 997 inducatur
1770 966 1886 1011 quae
1921 965 1992 995 ca-

210 1046 298 1090 pax
331 1034 388 1076 sit
436 1034 681 1091 recipiendi
727 1035 889 1091 legem;
941 1035 1143 1093 alioquin
1191 1038 1541 1080 communitatis
1588 1036 1867 1080 consuetudo
1905 1034 1992 1079 dici

210 1130 303 1160 non
341 1121 490 1174 posset
514 1118 554 1172 ²3
592 1118 630 1166 bl
670 1117 755 1161 nisi
789 1132 874 1174 per
907 1124 1038 1162 actus
1070 1118 1231 1162 liberos
1265 1124 1306 1162 et
1339 1131 1432 1161 non
1470 1121 1758 1175 interruptos
1790 1131 1875 1162 nec
1907 1117 1993 1161 dis-

208 1199 380 1243 similes
414 1201 698 1244 consuetudo
733 1200 886 1257 vigeat
921 1201 933 1222 ³
970 1215 1075 1244 nam
1113 1215 1191 1258 per
1223 1205 1354 1245 actus
1388 1215 1479 1245 non
1524 1200 1690 1245 liberos
1737 1200 1993 1245 communi-

211 1283 316 1326 tatis
355 1284 567 1327 voluntas
601 1297 691 1327 non
730 1283 1079 1338 manifestatur,
1117 1298 1196 1341 per
1229 1288 1358 1328 actus
1393 1289 1551 1328 autem
1597 1286 1883 1340 interruptos
1914 1287 1993 1326 aut
2052 1338 2056 1343 ἱ

207 1366 453 1411 dissimiles
486 1366 715 1411 contraria
752 1367 967 1411 voluntas
1000 1366 1272 1411 ostenditur.

331 1451 428 1493 12¹2.
471 1453 533 1493 Ex
568 1449 732 1508 quibus
767 1449 909 1508 liquet
941 1450 1172 1508 quomodo
1206 1450 1489 1494 consuetudo
1524 1449 1584 1493 sit
1608 1450 1680 1493 leae
1711 1451 1901 1506 proprie
1924 1449 1990 1492 di-

207 1538 281 1576 cta
317 1546 433 1591 quae
476 1547 565 1576 non
604 1533 997 1590 promulgatione,
1034 1533 1111 1577 sed
1144 1533 1386 1576 diuturnis
1420 1532 1573 1591 populi
1616 1533 1817 1576 moribus
1850 1534 1990 1577 intro—

206 1615 403 1660 ducitur.
442 1620 679 1669 Quatenus
712 1622 778 1660 est
817 1615 890 1660 lex
924 1629 1028 1659 cum
1064 1616 1160 1673 lege
1193 1614 1415 1659 convenit
1447 1615 1595 1674 quoad
1623 1614 1835 1673 requisita
1872 1628 1990 1671 quae

206 1712 231 1742 a
265 1700 644 1756 promedqatione
674 1700 1018 1756 praescindunt
1050 1712 1256 1757 quaeque
1299 1698 1345 1742 in
1388 1698 1760 1742 rationabilitate
1807 1698 1989 1741 conclu-

207 1783 395 1836 duntur,
435 1782 581 1840 prouti
618 1784 761 1839 legem
797 1783 1000 1826 diximus
1023 1795 1120 1826 esse
1146 1781 1336 1825 rationis
1360 1780 1700 1825 ordinationem
1725 1780 1781 1824 ad
1815 1779 1986 1824 honum

207 1880 469 1911 commune.
504 1871 740 1920 Quatenus
773 1865 1056 1910 consuetudo
1091 1870 1137 1909 et
1169 1866 1242 1908 lex
1267 1865 1447 1908 diverso
1472 1854 1609 1907 ‘modo
1632 1863 1990 1907 introducuntur

209 1950 387 2008 propria
424 1949 640 2009 requisita
675 1963 977 2008 unaquaeque
1011 1949 1163 2002 habet3
1200 1953 1247 1992 at
1282 1947 1498 2006 requisita
1535 1947 1671 1991 unius
1693 1946 1987 2005 aequivalent

210 2032 438 2091 requisitis
469 2032 680 2087 alterius,
716 2031 820 2090 quia
855 2031 1009 2075 omnia
1055 2032 1110 2075 ad
1152 2032 1235 2076 lioc
1278 2032 1562 2075 reducuntur
1605 2032 1651 2087 a)
1685 2036 1736 2074 ut
1775 2031 1846 2073 Iex
1883 2044 1987 2073 con·

204 2129 341 2159 sensu
379 2118 615 2172 Principis
647 2116 879 2174 firmetur,
915 2116 954 2170 b)
995 2121 1042 2158 ut
1075 2115 1146 2158 lew
1179 2116 1508 2158 communitati
1541 2116 1830 2170 imponatur.

661 2259 676 2302 ξ
705 2259 736 2293 4.
764 2258 822 2293 De
850 2258 1147 2293 consuetudinis
1184 2259 1323 2304 effectu
1351 2258 1533 2294 iuridico.

334 2364 426 2407 125.
466 2367 621 2422 Itaque
655 2363 1004 2407 consuetudinis
1036 2363 1226 2408 effectus
1259 2363 1307 2406 in
1341 2376 1507 2419 genere
1540 2365 1609 2406 est
1643 2364 1714 2405 ius
1746 2362 1899 2405 dicere
1934 2364 1984 2405 in

206 2449 554 2501 communitate,
590 2451 669 2490 aut
704 2460 873 2491 novam
910 2446 1053 2504 legem
1090 2446 1350 2490 inducendo
1373 2450 1453 2489 aut
1493 2446 1637 2503 legem
1673 2445 1822 2490 latam
1857 2444 1985 2488 abro-

207 2529 368 2587 gando.
406 2529 535 2582 Quod
569 2530 602 2572 si
647 2529 701 2573 de
743 2529 934 2585 singulis
976 2529 1389 2573 consuetudinibus
1421 2531 1556 2574 iuxta
1591 2529 1760 2585 teyem,
1793 2533 1985 2584 praeter

206 2613 367 2669 tepent,
404 2617 449 2656 et
481 2618 647 2657 contra
681 2612 825 2669 legem
861 2625 1124 2656 sermonem
1160 2612 1474 2667 instituamus;
1511 2610 1660 2670 quoad
1691 2609 1985 2655 consuetudi-

209 2709 314 2739 nem
367 2698 497 2739 iuoeta
546 2696 692 2752 teyem
736 2695 988 2739 dicendum
1023 2699 1091 2739 est
1125 2696 1244 2740 banc
1278 2709 1375 2740 esse
1408 2693 1789 2739 consuetudinem
1836 2684 1985 2751 potius

326 2894 333 2912 ¹
365 2895 451 2940 Arg.
479 2905 524 2930 ex
552 2894 572 2931 l.
600 2894 645 2930 52
673 2893 706 2933 ff.
734 2895 779 2931 de
807 2895 874 2930 LL.

325 2966 338 2983 ³
363 2966 401 3003 L.
429 2966 486 3008 52,
513 2966 559 3001 55
585 2966 629 3002 de
659 2966 804 3012 legibus
830 2966 866 3001 ff.

323 3037 335 3055 ³
362 3038 400 3075 L.
430 3038 446 3073 1
476 3037 622 3074 Codicis
649 3047 743 3083 quae
770 3038 817 3074 sit
842 3038 942 3084 long.
969 3043 1135 3076 consuet.
1163 3039 1200 3076 L.
1228 3039 1274 3075 58
1300 3040 1345 3075 de
1372 3040 1516 3086 legibus
1543 3039 1577 3077 ff.
