2176 3386
243 176 322 216 292
887 186 1009 216 PARS·
1027 188 1051 215 1.
1087 187 1143 215 DE
1173 187 1383 216 pensoms

246 298 399 339 autem
435 309 457 339 a
484 294 663 339 Vicario
687 287 897 340 Generali
933 295 1120 339 nomine
1153 287 1332 352 proprio
1355 294 1461 354 quia
1494 309 1636 340 unam
1666 295 1906 342 iuridicam
1928 310 2026 355 per-

245 390 405 422 sonam
441 391 546 422 cum
583 376 800 436 Episcopo
834 375 1089 420 constituit.
1136 380 1286 429 Quare
1328 377 1509 421 etiamsi
1545 377 1713 435 passim
1752 377 1798 422 in
1831 377 1930 422 iure
1961 378 2027 423 di·

246 465 377 506 catur
403 459 631 505 Vicarinm
658 460 930 505 Generalem
955 459 1317 504 iurisdictionem
1351 459 1537 504 nomine
1566 460 1766 519 Episcopi
1792 474 2025 518 exercere,

246 548 451 588 attamen
503 544 587 588 hoc
634 543 849 600 singulari
903 542 1035 587 modo
1085 542 1436 600 intelligendum
1473 545 1553 597 {est
1593 548 1821 602 quatenus
1863 558 2028 602 nempe

249 641 387 671 unam
425 627 661 671 iuridicam
712 639 951 683 personam
987 639 1092 669 cum
1131 625 1347 684 Episcopo
1381 625 1475 683 ipse
1516 625 1787 682 constituit,
1822 629 1941 685 quod
1973 626 2028 672 de

248 711 453 766 delegato
486 708 755 767 simpliciter
779 723 869 753 non
905 708 1184 753 verificatur.
1231 714 1379 763 Quare
1424 723 1515 753 non
1558 709 1921 754 iurisdictionem
1955 710 2028 754 Vi-

249 793 398 838 carius
443 792 678 838 Generalis
717 792 773 836 ab
810 792 1026 850 Episcopo
1074 792 1279 850 accipere
1331 792 1551 836 dicendus
1583 797 1652 837 est
1700 793 1775 838 sed
1810 793 2026 850 officium,

251 878 397 935 prouti
437 878 678 935 Episcopus
712 891 803 922 non
840 875 1202 921 iurisdictionem
1236 891 1258 919 a
1284 876 1468 921 VicarIO
1496 876 1706 922 Generali
1742 881 1930 922 revocat
1952 878 2030 922 sed

249 960 464 1004 officium.
501 965 742 1006 Caeterum
775 961 840 1004 ait
874 959 1052 1004 Berardi
1086 960 1292 1018 quaestio
1327 964 1395 1003 est
1429 959 1577 1016 potius
1610 960 1664 1004 de
1698 959 1873 1015 verbis;
1922 974 2029 1004 nam

249 1043 612 1086 substantialiter
643 1042 792 1100 quoad
834 1056 887 1086 ea
926 1056 1042 1101 qnae
1075 1042 1388 1086 determinant
1433 1046 1704 1099 potestatem
1741 1041 1904 1086 Vicarii
1949 1044 2030 1087 Ge-

252 1126 417 1170 neralis
451 1139 611 1170 omnes
643 1125 947 1171 conveniunt.

369 1210 469 1254 540.
510 1214 686 1253 [nterea
719 1223 777 1253 ex
811 1209 1058 1253 enunciata
1095 1210 1246 1266 regula
1280 1208 1579 1268 consequitur
1617 1209 1653 1265 l)
1689 1209 1808 1267 quod
1829 1207 2033 1252 Vicarius

252 1293 485 1338 Generalis
512 1307 603 1336 non
634 1296 781 1350 potest
804 1306 937 1337 suum
962 1293 1162 1336 officium
1191 1292 1234 1335 in
1266 1292 1405 1336 alium
1432 1292 1681 1336 transferre
1707 1295 1789 1336 etsi
1814 1291 1955 1349 possit
1977 1292 2032 1336 ad

253 1377 524 1434 particulare
564 1376 798 1434 negotium
837 1376 1044 1433 delegare
1079 1377 1120 1431 2)
1148 1375 1193 1419 in
1234 1375 1287 1419 iis
1325 1389 1441 1434 quae
1475 1374 1515 1418 ei
1549 1374 1818 1431 delegantur
1850 1374 2031 1431 speciali

254 1459 471 1502 mandato
496 1472 586 1501 non
611 1458 703 1514 agit
727 1472 805 1515 per
827 1471 872 1501 se
897 1458 959 1501 uti
989 1458 1194 1501 Vicarius
1213 1456 1463 1511 Generalis,
1489 1457 1565 1500 sed
1593 1456 1659 1499 uti
1695 1455 1884 1515 quilibet
1915 1456 2030 1499 dele-

253 1547 382 1599 gatus
405 1542 516 1586 adeo
551 1547 600 1585 nt
632 1542 688 1586 al)
720 1541 817 1585 eius
849 1541 1079 1585 sententia
1113 1541 1167 1583 ad
1207 1540 1475 1599 Episcopum
1510 1541 1764 1599 appellatur
1798 1540 1882 1584 nisi
1917 1541 2033 1584 forte

253 1626 296 1670 in
332 1626 492 1670 eodem
529 1626 745 1669 mandato
778 1625 956 1670 dicatur
997 1624 1219 1668 vicariam
1256 1624 1398 1682 ipsam
1436 1627 1706 1681 potestatem
1733 1623 1955 1681 ampliari.

375 1715 438 1754 Ex
474 1725 526 1755 eo
570 1710 689 1769 quod
725 1708 930 1754 Vicarius
970 1706 1205 1753 Generalis
1240 1709 1389 1751 vicem
1437 1706 1552 1763 gerit
1597 1705 1922 1750 iurisdictionis
1964 1720 2032 1750 or-

253 1795 456 1839 dinariae
494 1793 697 1851 Episcopi
733 1793 793 1836 ita
829 1798 878 1836 ut
913 1793 957 1836 in
994 1791 1046 1835 iis
1079 1805 1194 1850 qnae
1229 1791 1282 1835 ad
1316 1805 1416 1835 eam
1455 1790 1688 1849 pertinent
1715 1803 1857 1833 unum
1892 1789 2032 1834 tribu-

257 1879 328 1922 nal
363 1892 467 1921 cum
507 1877 721 1935 Episcopo
754 1877 1022 1930 constituat,
1058 1875 1355 1934 consequitur
1396 1875 1433 1930 l)
1467 1873 1670 1917 vicarius
1704 1872 1936 1918 Generalis
1970 1873 2032 1917 nil

255 1964 404 2018 potest
438 1961 577 2004 relate
609 1960 663 2003 ad
697 1973 749 2003 ea
782 1972 898 2017 quae
936 1957 1179 2016 Episcopus
1210 1956 1252 2000 vi
1287 1956 1524 2014 potestatis
1555 1956 1788 2009 delegatae
1820 1961 2030 2013 exercet3

255 2044 295 2099 2)
334 2042 396 2087 nil
446 2046 593 2100 potest
643 2043 781 2086 relate
828 2042 884 2086 ad
917 2056 968 2085 ea
1002 2056 1117 2100 quae
1163 2040 1217 2085 ad
1262 2044 1535 2098 potestatem
1585 2039 1757 2083 ordinis
1803 2039 2035 2097 pertinent

254 2125 431 2170 etiamsi
469 2126 644 2169 ratione
677 2124 978 2169 ordinationis
1005 2116 1248 2182 Episcopus
1281 2123 1335 2167 sit
1371 2122 1583 2167 titularis.
1623 2124 1804 2167 Etenim
1832 2122 2034 2166 vicarius

255 2208 489 2254 Generalis
522 2209 722 2253 vicarius
762 2213 830 2253 est
870 2208 1197 2252 iurisdictionis
1243 2221 1360 2267 quae
1394 2206 1512 2251 circa
1551 2205 1722 2250 ordinis
1762 2210 2034 2264 potestatem

255 2296 510 2334 exercetur.
549 2294 687 2334 Secus
718 2295 873 2334 antem
908 2290 1153 2335 dicendum
1188 2291 1221 2334 si
1260 2290 1359 2334 talis
1394 2294 1592 2348 potestas
1620 2288 1661 2333 ei
1684 2301 1896 2346 expresse
1929 2301 2035 2332 con-

256 2373 445 2417 cedatur
476 2372 608 2417 sicuti
642 2373 807 2417 accidit
839 2373 893 2417 de
930 2372 1119 2417 Vicariis
1151 2372 1448 2418 Generalibus
1484 2371 1711 2429 Episcopis
1752 2369 2032 2426 auxiliariis;

258 2459 299 2514 5)
335 2471 361 2502 a
393 2458 635 2502 sententiis
668 2458 953 2503 iudicialibus
989 2456 1152 2502 Vicarii
1186 2457 1424 2502 Generalis
1457 2470 1549 2500 non
1583 2455 1838 2514 appellatur
1859 2455 1911 2498 ad
1941 2453 2036 2512 Epi-

258 2556 459 2600 scopum.

376 2627 477 2671 541.
516 2631 564 2671 ln
592 2630 816 2684 potestate
839 2640 976 2685 quam
1003 2624 1208 2669 Vicarius
1231 2622 1466 2670 Generalis
1490 2623 1687 2681 generali
1721 2621 1938 2666 mandato
1961 2621 2037 2664 ha-

258 2711 334 2755 bet
356 2725 407 2755 ea
427 2726 518 2756 non
543 2712 915 2769 complectuntur
931 2724 1047 2769 quae
1071 2709 1134 2753 uti
1160 2709 1370 2766 graviora
1395 2707 1637 2752 habentur.
1665 2714 1813 2759 Quare
1833 2704 2038 2749 Vicarius

259 2796 493 2843 Generalis
521 2810 614 2841 non
652 2799 799 2854 potest
822 2794 1057 2852 Synodum
1087 2807 1265 2850 cogere,
1291 2791 1653 2837 constitutiones
1675 2789 1917 2847 synodales
1941 2801 2038 2832 mu-

258 2886 373 2935 tare,
404 2878 649 2924 dioecesim
686 2878 888 2932 visitare,
914 2877 1090 2922 litteras
1122 2876 1402 2921 dimissorias
1437 2875 1490 2919 ad
1514 2873 1696 2919 ordines
1730 2871 2040 2930 suscipiendos

259 2961 527 3016 concedere,
547 2974 707 3006 causas
724 2960 1089 3006 matrimoniales
1111 2959 1374 3013 decernere,
1397 2971 1593 3016 poenam
1615 2955 1886 3014 privationis
1902 2955 2036 2999 bene-

260 3045 367 3101 ficii,
396 3044 552 3101 officii,
587 3043 1002 3089 administrationis
1035 3042 1221 3098 inferre,
1257 3053 1418 3086 causas
1450 3040 1714 3086 criminales
1747 3030 2035 3097 cognoscere,

261 3130 499 3176 absolvere
520 3143 546 3174 a
569 3128 749 3174 casibus
781 3126 1000 3188 Episcopo
1023 3125 1285 3182 reservatis,
1311 3123 1534 3170 beneficia
1567 3122 1759 3181 erigere,
1782 3123 1836 3167 de
1859 3135 1952 3167 una
1982 3120 2040 3166 ad

2086 3171 2176 3386 ii
