2176 3386
233 170 287 211 66
878 182 989 212 PARS
1017 184 1043 212 1.
1077 183 1134 212 DE
1164 182 1375 212 PERSOle

236 288 294 333 tis
334 289 371 347 ¹3
409 289 515 333 hinc
549 290 623 333 lex
656 293 708 333 ut
738 289 803 333 ait
834 289 991 334 Cicero
1023 293 1094 334 est
1129 310 1148 329 α
1177 296 1374 344 natura,
1400 292 1482 346 vis,
1510 304 1640 335 mens
1670 297 1712 336 et
1744 294 1867 336 ratio
1902 306 2016 350 pru-

235 371 386 416 dentis
412 390 431 410 n
470 371 501 414 ².
546 376 622 416 Est
654 371 727 416 lex
760 370 988 415 ordinatio
1021 370 1213 416 rationis
1245 386 1302 415 ear
1330 378 1469 428 parte
1499 373 1814 429 subditorum,
1849 374 1926 434 qui
1958 375 2014 419 ad

235 452 375 498 finem
413 453 606 513 propriis
638 453 832 508 actibus,
868 467 922 498 ac
954 454 1081 498 salva
1116 454 1317 498 humana
1351 453 1562 499 libertate
1585 455 1796 514 compelli
1818 457 2012 515 debent;

236 536 545 582 humanorum
579 542 736 582 autem
769 542 958 581 actuum
997 538 1149 594 regula
1183 542 1229 581 et
1262 551 1479 582 mensura
1501 542 1571 582 est
1594 538 1711 583 ratio
1731 542 1943 596 primum
1967 540 2013 585 in

233 619 422 676 agendis
450 622 758 677 principiam.

353 704 594 749 obiectum
630 703 765 748 huius
799 703 1035 748 rationalis
1067 703 1372 749 ordinationis
1410 709 1479 749 est
1511 706 1620 764 linis
1650 706 1848 760 sociatis,
1895 705 2014 750 ideo-

234 801 322 847 que
354 788 524 830 bonnm
558 800 805 830 commune
847 785 890 830 id
934 791 1003 831 est
1045 786 1406 831 communitatis,
1462 791 1660 832 Eatenus
1692 801 1904 846 suprema
1937 802 2015 832 au-

235 871 424 915 ctoritas
459 871 528 914 ius
560 870 698 915 habet
731 869 908 928 regulas
941 875 986 914 et
1020 883 1206 914 normas
1239 870 1354 914 idest
1388 871 1508 928 leges
1547 871 1817 929 imponendi
1857 877 2014 930 quate-

235 967 322 998 nus
356 955 440 998 hae
474 955 753 997 necessitatis
785 957 863 997 aut
897 953 1112 997 utilitatis
1144 952 1353 997 ordinem
1405 953 1604 997 habeant
1645 954 1701 998 ad
1743 953 1898 998 finem.
1943 959 2017 999 lus

235 1037 357 1082 enini
411 1051 651 1094 supremae
703 1036 992 1081 auctoritatis
1043 1035 1270 1081 sociorum
1322 1036 1646 1094 obligationem
1698 1039 2013 1096 consequitur,

235 1121 383 1179 prouti
417 1120 636 1175 diximus,
672 1120 862 1178 ideoque
899 1133 989 1164 non
1026 1119 1413 1177 praetergreditur
1445 1119 1583 1164 finem
1619 1119 1649 1162 ³.
1699 1119 1820 1165 Finis
1857 1124 2013 1165 autem

233 1204 413 1249 socialis
445 1208 512 1248 est
545 1204 716 1247 bonnm
750 1205 885 1247 totins
926 1205 1289 1256 communitati&
1316 1208 1413 1247 tum
1447 1202 1552 1262 quia
1603 1217 1695 1247 non
1747 1203 2017 1261 intelligitur

234 1287 430 1332 societas
462 1287 593 1332 cuius
626 1286 729 1331 linis
762 1286 821 1331 sit
855 1287 1049 1340 iliatam,
1090 1290 1186 1330 tum
1220 1285 1325 1344 quia
1362 1285 1547 1330 nonnisi
1581 1286 1665 1330 sub
1698 1287 1876 1331 ratione
1907 1286 2012 1330 boni

234 1371 341 1416 socii
379 1371 432 1415 ad
467 1370 606 1415 finem
645 1373 856 1424 tendunt,
894 1384 998 1413 cum
1038 1369 1289 1414 voluntatis
1322 1369 1552 1414 obiectum
1588 1369 1646 1414 sit
1689 1371 1878 1425 bonum,
1915 1375 2014 1414 tum

234 1455 340 1515 quia
375 1455 478 1500 linis
510 1455 690 1499 socialis
723 1468 886 1498 omnes
919 1454 1066 1498 socios
1099 1452 1248 1511 tangit
1282 1454 1314 1497 ⁴.
1353 1457 1564 1499 Ceterum
1600 1454 1672 1498 lex
1704 1467 1790 1510 pro
1812 1467 2015 1498 eommu-

235 1542 382 1584 nitate
417 1541 576 1593 lertur,
609 1552 715 1595 ergo
749 1538 868 1582 illius
902 1538 1072 1582 bonum
1109 1553 1190 1596 per
1222 1551 1268 1582 se
1303 1537 1450 1595 primo
1483 1551 1644 1581 curare
1676 1537 1809 1581 debet
1844 1537 1873 1579 ⁵.

356 1626 544 1679 Insuper
577 1622 689 1666 haec
723 1621 912 1665 rationis
945 1620 1173 1665 ordinatio
1206 1622 1262 1664 ad
1295 1620 1466 1665 bonum
1502 1633 1750 1664 commune
1784 1620 1847 1663 ad
1881 1620 2013 1663 ittam

232 1712 405 1763 spectat
437 1707 518 1764 qai
548 1707 897 1749 communitatis
938 1719 1095 1749 curam
1139 1703 1292 1758 habet,
1340 1718 1504 1761 nempe
1546 1703 1620 1762 qui
1671 1716 1932 1760 supremam
1967 1701 2012 1746 in

234 1788 571 1833 communitate
607 1791 879 1845 potestatem
915 1786 1067 1830 habet.
1109 1786 1291 1831 Etenim
1338 1789 1383 1840 a)
1422 1786 1532 1829 haec
1581 1785 1807 1830 ordinatio
1854 1789 1923 1829 est
1958 1784 2014 1828 ad

234 1871 374 1916 finem
408 1871 623 1915 socialem
658 1870 1051 1928 consequendum,
1087 1874 1134 1913 at
1167 1868 1379 1914 ordinare
1425 1869 1481 1912 ad
1526 1868 1666 1913 finem
1701 1881 1792 1912 non
1826 1872 1894 1911 est
1927 1866 2014 1911 nisi

233 1957 331 1998 eius
362 1956 494 1998 enias
526 1960 588 1997 est
620 1955 742 2012 finis,
770 1967 936 2011 nempe
959 1953 1035 2012 qui
1059 1958 1128 1998 est
1149 1967 1296 2010 snpra
1321 1955 1478 2012 finem,
1505 1951 1559 1996 ad
1584 1965 1718 2010 quem
1744 1950 1855 1995 alios
1876 1950 2013 2007 cogit,

234 2043 314 2083 aut
341 2041 541 2095 propria.
574 2042 654 2082 aut
687 2039 847 2083 atiena
881 2037 1170 2082 auctoritate.
1213 2040 1265 2080 Et
1296 2049 1405 2080 sane
1438 2034 1648 2079 ordinare
1681 2033 1898 2078 adfinem
1919 2047 2010 2078 non

234 2125 319 2176 est,
355 2120 442 2164 nisi
478 2123 663 2178 eoet'yere
696 2135 725 2165 a
758 2123 889 2165 sociis
910 2121 1184 2164 solutionem
1207 2120 1514 2176 obliqationis,
1541 2130 1628 2176 qua
1652 2116 1760 2161 socii
1784 2116 1839 2160 ad
1873 2116 2012 2160 finem

234 2204 610 2262 consequendum
645 2208 880 2248 tenentur.
918 2204 994 2247 1116
1027 2206 1184 2248 autem
1227 2203 1375 2246 solum
1421 2205 1570 2259 potest
1611 2200 1796 2258 exigere
1834 2199 2017 2244 solutio-

235 2301 341 2334 nem
376 2286 667 2344 obligationis
699 2287 754 2331 ad
789 2285 927 2331 finem
954 2285 1045 2345 qui,
1071 2293 1304 2344 quatenns
1338 2285 1458 2334 talis
1486 2283 1750 2341 obligationi
1786 2297 1877 2327 non
1911 2282 2013 2326 sub·

234 2369 402 2415 iicitur.
442 2371 559 2415 'ralis
589 2371 635 2415 in
659 2371 879 2414 societate
904 2374 972 2414 est
1005 2382 1245 2427 supremus
1283 2369 1512 2426 legislator
1542 2367 1588 2411 in
1613 2381 1730 2426 quo,
1766 2366 1830 2410 uti
1862 2365 1907 2410 in
1942 2378 2014 2409 su·

235 2467 391 2511 prema
415 2453 567 2498 sociali
593 2452 884 2507 auctoritate,
911 2455 1073 2497 omnia
1094 2454 1322 2497 societatis
1345 2451 1439 2495 iura
1466 2455 1702 2509 tamquam
1736 2449 1783 2493 in
1807 2448 2016 2492 subiecto

354 2619 363 2638 ¹
394 2620 549 2663 SUAREZ,
579 2620 597 2656 l.
629 2621 658 2662 1,
685 2629 764 2665 cap.
791 2619 823 2661 4,
850 2630 885 2655 n.
912 2619 968 2654 67.

354 2691 366 2710 ²
395 2692 424 2728 1.
453 2692 498 2728 de
524 2691 693 2736 legibus;
721 2691 884 2727 Isidorus
910 2690 956 2726 25
985 2690 1140 2735 Etymol.
1167 2700 1198 2726 6.
1229 2689 1281 2726 10.

353 2763 366 2782 ³
392 2764 443 2800 Cf.
473 2773 567 2808 quae
596 2764 632 2799 in
660 2768 749 2809 pari.
780 2764 809 2798 1.
837 2763 881 2799 (le
910 2763 977 2799 iur.
1006 2762 1089 2806 pub.
1117 2771 1170 2797 66.
1198 2762 1295 2798 dicta
1321 2765 1407 2798 sunt
1432 2761 1454 2797 l.
1482 2760 1514 2805 2,
1542 2765 1565 2797 t.
1595 2761 1625 2802 1,
1652 2770 1733 2806 cap.
1759 2760 1792 2796 2.

353 2834 366 2854 ⁸
393 2836 432 2872 D.
460 2835 590 2871 Thom.
618 2835 660 2870 13ι
687 2834 750 2869 Ξᾶθ
779 2845 812 2880 q.
839 2834 894 2870 90.
935 2834 985 2870 ibi
1021 2834 1131 2869 Caiet.
1165 2833 1203 2869 L.
1233 2833 1271 2877 1,
1299 2831 1337 2875 2,
1365 2832 1400 2868 ff.
1426 2832 1469 2868 de
1503 2832 1574 2878 leg.
1602 2832 1689 2868 Cod.
1715 2831 1737 2867 l.
1764 2831 1797 2874 5,
1826 2831 1882 2868 1().
1908 2831 2015 2867 Decr.

235 2916 314 2952 cap.
341 2906 373 2942 6.
401 2906 527 2942 Cicero
556 2906 576 2942 l.
604 2905 636 2941 5.
663 2906 708 2942 de
734 2905 804 2951 leg.

355 2977 367 2996 ³
394 2977 444 3013 Cf.
471 2977 615 3013 SuAnEz
641 2977 685 3012 de
712 2976 782 3021 leg.
810 2976 871 3012 lib.
901 2976 955 3018 15,
982 2985 1062 3021 cap.
1082 2975 1103 3012 6
1129 2979 1163 3011 et
1189 2984 1269 3021 cap.
1297 2975 1328 3018 7;
1355 2973 1390 3010 ff.
1417 2974 1439 3012 l.
1464 2973 1497 3010 8.
1526 2973 1570 3010 de
1597 2973 1668 3018 leg.
1695 2973 1799 3010 Decr.
1826 2981 1906 3018 cap.
1929 2970 2017 3016 4,2,

235 3050 258 3086 l.
287 3050 317 3094 1,
344 3059 423 3095 cap.
449 3048 482 3094 2,
509 3049 591 3086 (list.
618 3048 650 3084 4.

2157 2767 2176 2940 mma*
2165 2727 2176 2743 ιι
2164 2695 2170 2702 'v
