2176 3386
178 182 258 223 296
851 194 961 223 PARS
990 195 1030 223 11.
1061 195 1118 223 DE
1148 194 1286 224 nanus

180 301 217 347 si
253 300 471 358 regularis
504 301 693 346 uniatur
725 302 945 348 saeculari
980 303 1059 347 liat
1089 301 1352 357 saecularis,
1387 307 1434 347 et
1467 302 1685 348 xicissim.
1722 302 1958 349 Prohibuit

180 390 335 430 autem
370 388 504 430 Conc.
538 385 658 430 Trid.
686 386 700 409 ²
735 399 792 430 ne
824 386 1039 444 deinceps
1072 386 1354 444 parochiales
1397 385 1616 430 ecclesiae
1649 385 1957 442 monasteriis,

181 468 496 528 dignitatibus,
532 474 578 514 et
612 469 880 528 praebendis
912 469 1186 515 cathedralis
1217 473 1298 514 aut
1330 468 1610 527 collegiatae,
1636 483 1722 514 nec
1755 483 1845 515 non
1881 470 1959 515 ho·

182 551 420 610 spitalibus
453 551 689 596 uniantur.

305 635 431 679 1281.
470 639 606 679 Porro
648 634 978 693 amplissimam
1027 634 1215 679 uniendi
1260 634 1468 679 beneficii
1513 638 1785 692 potestatem
1825 635 1962 680 habet

186 722 419 762 Romanus
468 717 711 773 Pontifex,
749 732 839 762 non
875 723 1031 762 tamen
1066 717 1108 762 id
1145 719 1293 764 facere
1326 717 1363 763 is
1395 718 1510 764 solet
1553 718 1721 777 absque
1759 717 1961 776 Episcopi

182 815 426 848 consensu.
467 802 749 860 Regulariter
781 802 912 846 unire
947 801 1018 846 illa
1053 802 1192 847 etiam
1229 806 1376 860 potest
1415 802 1672 861 Episcopus,
1708 802 1745 847 si
1776 803 1834 848 ab
1866 802 1962 847 eius

183 884 498 930 iurisdictione
530 889 745 942 exempta
781 899 871 929 non
907 885 1013 929 sint.

307 968 434 1012 1282.
471 969 528 1010 rt
562 966 671 1010 nnio
705 966 907 1024 legitime
940 981 993 1012 ac
1028 966 1176 1011 valide
1210 967 1288 1011 fiat
1319 968 1376 1011 31)
1408 981 1461 1012 eo
1484 967 1559 1026 qui
1597 971 1801 1012 Romano
1853 971 1964 1012 Pon-

184 1050 305 1095 tiflce
338 1049 529 1094 inferior
561 1055 645 1105 est,
684 1048 930 1108 requiritur
966 1050 1081 1094 iusta
1116 1063 1268 1094 causa.
1311 1050 1438 1094 'Pales
1470 1054 1625 1094 autem
1660 1063 1824 1094 causae
1857 1054 1964 1094 sunt

185 1134 376 1179 evidens
420 1133 639 1178 ecclesiae
685 1132 935 1177 necessitas
970 1133 1041 1177 vel
1076 1147 1238 1190 magna
1289 1133 1507 1178 ecclesiae
1541 1133 1730 1178 utilitas.
1784 1138 1967 1178 Praeter

186 1218 353 1262 iustam
389 1231 591 1271 causam,
629 1230 787 1261 eorum
824 1229 1075 1261 consensus
1110 1216 1375 1275 requiritur,
1410 1231 1604 1274 quorum
1642 1217 1846 1262 interest.

309 1302 435 1346 1285.
474 1305 611 1345 Porro
644 1300 677 1345 si
715 1300 906 1345 ecclesia
930 1304 1010 1344 aut
1032 1300 1307 1345 beneficium
1344 1302 1622 1346 monasterio
1645 1306 1724 1346 aut
1747 1302 1965 1347 ecclesiae

185 1385 433 1431 cathedrali
470 1385 542 1429 vel
576 1384 842 1442 collegiatae
876 1384 1220 1442 incorporatum
1254 1386 1329 1440 sit,
1366 1398 1456 1428 non
1491 1389 1647 1429 tamen
1684 1385 1816 1443 pleno
1850 1385 1964 1441 iure,

186 1471 261 1515 sed
295 1471 449 1530 quoad
483 1470 762 1527 temporalia
786 1473 987 1522 tantum,
1020 1468 1350 1513 monasterium
1386 1472 1432 1512 et
1454 1468 1710 1526 Capitulum
1739 1468 1848 1512 nibil
1874 1470 1967 1514 fere

187 1553 297 1597 iuris
332 1553 502 1598 babent
535 1552 580 1597 in
607 1551 865 1597 beneficiati
900 1564 1141 1609 personam
1166 1560 1210 1595 et
1234 1550 1495 1595 animarum
1529 1565 1704 1596 curam.
1743 1551 1783 1594 Si
1809 1556 1966 1596 tamen

190 1636 520 1681 monasterium
555 1640 635 1679 aut
667 1635 925 1693 Capitulum
961 1633 1030 1679 ius
1065 1637 1333 1691 patronatus
1367 1634 1555 1678 liaberet
1590 1633 1636 1678 in
1669 1633 1858 1679 00010813
1903 1634 1966 1678 810

186 1721 334 1777 unita,
372 1725 557 1778 possent
588 1734 611 1764 a
649 1724 825 1764 rectore
858 1718 1041 1776 exigere
1074 1717 1488 1781 administrationis
1535 1717 1736 1762 rationes
1774 1718 1819 1762 in
1854 1721 1967 1762 tem-

188 1804 416 1864 poralibus
463 1803 682 1847 ccclesiae
730 1801 1101 1846 obvenientibus.
1159 1799 1202 1846 Si
1243 1806 1398 1846 autem
1449 1800 1639 1845 ecclesia
1685 1801 1820 1857 pleno
1867 1803 1971 1845 iure

188 1886 295 1946 ipsis
326 1887 385 1932 sit
420 1888 726 1945 incorporata,
763 1899 929 1944 nempe
963 1885 1103 1928 ctiam
1138 1885 1285 1944 quoad
1319 1883 1597 1942 spiritualia,
1633 1882 1695 1928 ita
1731 1889 1885 1928 tamen
1921 1887 1971 1926 ut

188 1970 379 2029 populus
413 1975 600 2014 maneat
626 1969 841 2027 Episcopo
874 1968 1121 2022 subiectus,
1149 1971 1259 2013 tunc
1293 1971 1482 2025 possunt
1506 1965 1720 2011 idoneum
1747 1965 1969 2010 vicarium

190 2054 410 2113 Episcopo
443 2057 737 2112 praesentare
769 2052 826 2097 ab
860 2051 955 2110 ipso
987 2050 1350 2097 examinandum
1382 2055 1427 2094 et
1450 2049 1783 2094 instituendum
1818 2048 1865 2092 in
1899 2062 1970 2093 ec-

189 2137 324 2183 clesia
358 2137 422 2181 sic
456 2135 601 2180 unita.
660 2139 817 2195 Neque
850 2135 897 2179 in
933 2135 1018 2179 11οο
1067 2135 1205 2179 refert
1237 2147 1295 2177 an
1331 2132 1661 2177 monasterium
1701 2135 1969 2189 exemptum

189 2222 248 2268 sit
281 2223 355 2267 vel
390 2236 500 2276 non,
535 2220 712 2278 eritque
747 2218 946 2264 vicarius
980 2218 1070 2273 ille,
1105 2217 1245 2262 etiam
1283 2216 1516 2274 religiosus
1549 2214 1720 2260 ordinis
1750 2214 1968 2272 exempti,

189 2306 338 2367 quoad
371 2319 423 2350 ca
461 2318 578 2364 quae
611 2318 768 2348 curam
805 2302 1064 2346 animarum
1101 2307 1147 2345 et
1178 2305 1574 2345 sacramentorum
1615 2296 1972 2343 administratio-

194 2404 301 2435 nem
336 2392 565 2447 spcctant,
604 2386 808 2445 Episcopl
844 2384 1142 2430 iurisdictioni
1173 2383 1421 2438 subiectus,
1447 2383 1507 2426 ita
1543 2387 1593 2426 ut
1624 2382 1681 2426 ab
1712 2395 1766 2426 eo
1800 2379 1973 2425 visitari

190 2478 236 2517 et
267 2471 432 2530 corrigi
467 2469 619 2529 possit.
673 2469 876 2528 Denique
909 2468 944 2511 si
979 2466 1170 2512 00010813
1203 2467 1470 2524 plenissimo
1512 2468 1618 2510 iure
1658 2464 1861 2509 subiecta
1906 2467 1975 2508 est

191 2557 397 2616 Capitulo
419 2560 500 2600 aut
525 2553 819 2608 monasterio,
847 2553 908 2597 ita
938 2556 987 2595 nt
1019 2551 1159 2596 etiam
1195 2539 1466 2610 populus'ab
1493 2549 1710 2607 Episcopo
1733 2548 1791 2592 sit
1817 2561 1974 2592 exem·

193 2645 296 2700 ptus
329 2644 375 2684 et
406 2639 453 2683 in
489 2637 799 2697 spiritualibus
828 2636 966 2681 ctiam
1002 2635 1235 2680 subiectus
1269 2634 1473 2678 Praelato
1509 2632 1774 2678 monasterii
1799 2632 1871 2676 vel
1902 2644 1975 2675 ca-

195 2722 340 2782 pituli,
377 2727 476 2767 tum
511 2720 678 2780 poterit
712 2719 943 2764 Praelatus
974 2723 1056 2763 aut
1087 2717 1345 2776 Capitulum
1383 2715 1578 2761 xicarios
1610 2715 1656 2760 in
1688 2714 1878 2759 ecclesia
1911 2713 1976 2759 sic

194 2807 322 2852 unita
355 2805 720 2863 independenter
751 2803 808 2847 ab
834 2802 1050 2861 Episcopo
1082 2801 1342 2856 instituere,
1377 2800 1643 2855 destituere,
1668 2812 1745 2843 cos
1768 2796 1974 2852 visitare,

196 2891 397 2937 rationes
414 2890 471 2934 ab
489 2889 543 2934 iis
560 2889 760 2946 exigere..
781 2887 960 2945 aliaque
979 2887 1130 2931 facere
1147 2899 1263 2945 quae
1283 2885 1337 2929 ad
1355 2883 1524 2929 Ordina
1534 2882 1584 2927 rii
1602 2883 1700 2927 iura
1724 2881 1973 2941 pertinent.

316 3077 324 3096 ¹
355 3077 452 3114 Sess.
480 3075 614 3118 xxiv.
642 3084 720 3120 cap.
749 3073 851 3110 Xlll.
