2176 3386
806 229 936 259 LIBER
964 231 988 259 1.
1023 230 1081 258 nr:
1110 229 1303 258 emmas
1872 216 1952 256 205

704 391 721 437 g
747 391 780 428 3.
806 412 854 415 —
878 391 938 427 De
958 392 1156 438 potestate
1182 390 1363 426 coactiva
1385 390 1406 426 ¹.

287 505 389 549 266.
427 503 584 558 Quoad
608 506 886 561 potestatem
910 501 1170 546 coactivam
1198 500 1460 559 Episcopus,
1485 501 1741 559 generatim
1766 502 1953 560 loquen-

166 589 240 643 do,
273 601 325 632 ea
359 586 514 631 omnia
549 590 698 645 potest
720 586 767 630 in
791 585 952 630 ordine
984 585 1040 629 ad
1075 584 1214 629 tinem
1239 583 1620 639 ecclesiasticum,
1645 598 1763 644 quae
1787 583 1833 628 in
1857 584 1956 630 eius

167 670 407 729 potestatis
430 668 620 714 notione
642 667 958 713 continentur.
997 667 1114 712 Hinc
1134 672 1314 726 praeter
1335 668 1531 712 crimina
1553 667 1784 726 quaelibet
1804 669 1955 728 quoad

167 754 372 808 clericOS,
408 756 557 810 potest
588 751 729 796 etiam
765 751 996 811 inquirere
1029 756 1075 795 et
1108 751 1270 808 punire
1304 750 1499 795 crimina
1522 751 1671 810 quoad
1696 749 1851 807 laicos,
1876 753 1954 797 sed

169 837 398 897 privative
432 851 484 881 ea
517 837 664 880 solum
697 849 815 894 quae
838 840 946 880 sunt
968 835 1297 890 ecclesiastica,
1324 840 1375 879 ut
1399 835 1615 890 haeresis,
1641 834 1836 879 simonia
1861 840 1951 880 etc.
1980 863 1982 865 ν

127 972 129 974 ,
168 925 322 966 Potest
355 921 450 964 iure
485 919 831 978 praeventionis
873 918 1105 978 inquirere
1144 923 1191 963 et
1233 917 1395 976 punire
1435 917 1631 963 crimina
1673 918 1806 963 mixti
1850 919 1953 974 fori,

168 1003 421 1048 cuiusmodi
456 1008 565 1047 sunt
596 1002 761 1047 delicta
807 989 1024 1057 venerea,
1066 1015 1203 1046 usura
1246 1007 1333 1046 etc.
1383 1006 1534 1046 Potest
1577 1003 1747 1046 inferre
1786 1017 1956 1060 poenas

168 1085 540 1146 delinquentibus
574 1100 664 1130 non
710 1086 844 1130 modo
887 1084 1243 1141 ecclesiasticas,
1292 1100 1453 1130 verum
1495 1087 1634 1131 etiam
1678 1088 1953 1145 corporales,

168 1174 360 1227 excepta
393 1168 630 1226 sanguinis
663 1182 827 1226 poena,
855 1167 1071 1213 invocata
1105 1169 1139 1213 si
1165 1182 1278 1227 opus
1301 1169 1439 1214 fuerit
1464 1175 1689 1229 potestate
1713 1171 1952 1215 saeculari.

286 1251 571 1297 Nominatim
606 1265 716 1296 vero
750 1251 952 1296 indicere
990 1256 1137 1309 potest
1172 1252 1311 1297 etiam
1347 1253 1567 1298 adversus
1603 1255 1828 1300 Par-ochos
1860 1269 1955 1301 sus-

171 1335 440 1393 pensionem
472 1349 526 1379 eoe
560 1335 826 1391 informata,
867 1338 1150 1379 conscientia
1191 1335 1248 1379 ab
1290 1336 1526 1381 ordinibus
1570 1337 1657 1381 iam
1703 1339 1953 1398 susceptis,

169 1434 303 1466 causa
338 1419 544 1464 criminis
577 1418 744 1464 occulti
781 1419 972 1464 minime
1005 1419 1205 1464 indicata
1232 1421 1261 1463 ².
1310 1422 1365 1464 Ut
1397 1426 1552 1465 autem
1597 1421 1643 1465 in
1685 1423 1844 1467 eadem
1890 1423 1955 1467 in-

169 1503 363 1559 fligenda
397 1516 502 1547 cum
538 1503 698 1547 maiori
732 1517 820 1562 qua
857 1507 1006 1560 potest
1037 1504 1215 1548 cautela
1250 1509 1295 1547 et
1328 1504 1575 1549 securitate
1602 1506 1850 1562 procedant
1873 1510 1953 1551 Or·

168 1586 332 1631 dinarii
366 1586 697 1631 catholicarum
734 1586 1022 1641 missionum,
1059 1587 1099 1629 S.
1138 1591 1300 1644 Congr.
1341 1591 1468 1645 Prop.
1496 1588 1589 1632 Fid.
1620 1603 1698 1646 per
1724 1593 1855 1633 lustr.
1883 1591 1955 1635 die

170 1672 225 1716 20
257 1672 404 1716 octob.
448 1670 559 1714 1884
592 1670 761 1714 editam
785 1669 1024 1729 sequentia
1048 1670 1234 1714 statuit:

291 1755 328 1798 1.
368 1753 610 1812 Suspensio
644 1768 701 1796 ex
738 1754 984 1797 informata
1019 1754 1319 1809 conscientia,
1358 1769 1450 1799 non
1484 1769 1615 1800 secus
1637 1770 1690 1800 ac
1718 1755 1810 1811 illa,
1836 1772 1953 1817 quae

171 1852 248 1896 per
281 1837 539 1882 iudicialem
573 1837 853 1881 sententiam
889 1836 1126 1895 infligitur,
1164 1851 1406 1895 personam
1431 1839 1788 1884 ecclesiasticam
1815 1855 1838 1885 a
1862 1842 1956 1887 suis

171 1921 428 1975 ordinibus,
464 1934 542 1964 seu
577 1920 811 1978 gradibus,
860 1921 930 1964 vel
974 1920 1274 1978 dignitatibus
1317 1922 1639 1967 ecclesiasticis
1684 1925 1956 1970 exercendis

172 2003 421 2048 interdicit.

290 2089 330 2131 2.
371 2092 418 2132 ln
453 2089 538 2132 hoc
570 2088 813 2146 praecipue
857 2087 950 2144 ipsa
994 2088 1147 2133 dilt'ert
1180 2102 1205 2132 a
1238 2089 1439 2133 iudiciali
1473 2092 1802 2148 suspensione,
1837 2091 1956 2150 quod

173 2170 415 2215 adhibetur
448 2175 686 2230 tamquam
719 2171 1140 2216 extraordinarium
1178 2173 1432 2217 remedium
1467 2173 1513 2217 in
1550 2187 1746 2231 poenam
1771 2174 1957 2219 admissi

174 2253 396 2310 criminis;
433 2254 624 2313 ideoque
658 2255 711 2299 ad
746 2254 950 2299 eiusdem
997 2254 1337 2312 impositionem
1388 2270 1480 2300 non
1527 2257 1825 2316 requiruntur
1872 2272 1958 2303 nec

174 2338 349 2382 formae
384 2337 632 2392 iudiciales·‚
670 2352 754 2382 nec
788 2337 1040 2382 canonicae
1072 2339 1428 2384 admonitiones.
1476 2340 1592 2384 Satis
1625 2340 1713 2384 erit
1746 2341 1954 2399 proinde,

173 2419 210 2464 si
245 2421 476 2464 Praelatus
509 2420 627 2465 banc
660 2434 856 2479 poenam
891 2420 1120 2478 infligens,
1155 2421 1350 2480 simplici
1386 2427 1544 2466 utatur
1579 2428 1838 2482 praecepto,
1864 2438 1954 2483 quo

175 2502 375 2547 declaret
406 2516 453 2547 se
486 2504 836 2561 suspensionem
869 2505 926 2548 ab
958 2503 1181 2549 exercitio
1215 2518 1451 2549 sacrorum
1475 2506 1748 2561 officiorum,
1776 2507 1850 2551 vel
1884 2521 1954 2551 ec-

176 2587 536 2631 clesiasticorum
574 2587 785 2631 munium
820 2585 1039 2633 indicere.

293 2671 335 2715 5.
372 2670 641 2714 Huiusmodi
675 2676 972 2728 praeceptum
1006 2684 1188 2730 semper
1230 2671 1275 2715 in
1310 2670 1492 2730 scriptis
1520 2671 1832 2716 intimandum
1868 2676 1955 2726 est,

296 2874 302 2892 ¹
336 2874 384 2909 De
410 2878 588 2920 potestate
617 2875 781 2911 coactiva
810 2875 925 2912 fusius
961 2876 998 2911 in
1039 2880 1193 2912 tractatu
1232 2876 1276 2912 de
1313 2876 1456 2912 delictis
1483 2882 1519 2912 et
1545 2877 1675 2922 poenis
1708 2876 1818 2913 nobis
1845 2885 1957 2921 agen-

177 2944 263 2982 dum
290 2946 369 2982 erit.

295 3018 308 3036 ¹
335 3018 541 3056 Concilium
567 3020 727 3056 Trident.
755 3020 852 3056 Sess.
879 3019 976 3062 XIV,
1002 3019 1088 3065 Cap.
1116 3019 1128 3054 1
1157 3019 1198 3055 de
1223 3020 1384 3066 Reform.
1405 3020 1626 3056 Benedictus
1645 3020 1731 3057 XIV
1759 3020 1882 3056 Const.
1902 3018 1958 3055 Ad

177 3089 366 3126 militantis
391 3090 412 3126 5
439 3090 558 3126 martii
587 3090 689 3135 1742,
715 3094 730 3131 ἐ
756 3090 813 3127 25.

1971 0 2019 9 mv
2041 0 2176 23 ,ᾖξεν-,Ρ

2131 27 2149 34 ,-
2172 33 2176 41 ,
