2176 3386
0 0 155 97 ''mr''
186 0 307 17 ...nu-3
330 0 396 17 Γ,
421 0 442 3 Ἣ
489 3 498 6 ⁴.
531 3 534 6 .
573 0 584 7 ,

515 211 644 240 Lim-:n
672 211 697 239 1.
727 210 785 239 DE
814 208 952 239 aecus
980 206 1217 236 ECCLESIAE
1245 204 1574 234 SPIRITUALIBUS
1858 191 1938 231 207

270 415 288 462 ἓ
315 416 347 451 1.
374 435 421 439 ——
446 414 480 451 A
508 425 586 461 quo
611 413 927 460 dispensationes
952 409 1275 447 matrimoniales
1301 408 1530 445 executioni
1555 407 1813 444 mandentur.

277 570 403 614 1065.
439 571 624 614 Certum
658 568 705 612 in
740 567 837 612 iure
870 571 940 612 est
970 567 1089 626 quod
1137 564 1352 612 executio
1401 565 1676 610 Litterarum
1718 563 1938 622 Apostoli-

153 665 313 698 carnm
337 651 395 697 ab
415 650 504 696 alio
528 652 665 706 iacta,
690 664 828 710 quam
863 650 921 694 ab
954 664 1003 694 eo
1025 651 1102 694 cui
1128 649 1186 693 ab
1209 647 1467 705 Apostolica
1500 648 1611 692 Sede
1645 646 1937 706 dispensandi

155 740 354 794 potestas
389 737 538 780 fuerat
570 733 837 789 commissa,
871 746 1056 792 prorsus
1088 732 1216 777 irrita
1251 731 1407 777 haberi
1441 732 1590 777 debet.

277 820 404 864 1064.
441 822 542 863 Non
575 818 690 862 solet
721 821 876 862 autem
902 817 948 861 in
975 817 1216 862 mandatis
1249 816 1313 860 ad
1334 815 1708 873 dispensandum
1742 815 1937 873 exprimi

149 904 399 959 proprium
434 904 688 946 executoris
721 914 891 944 nomen
926 914 983 944 ne
1016 899 1296 957 dispensatio
1330 899 1544 943 videatur
1576 899 1822 943 commissa
1872 899 1939 943 in-

153 984 355 1028 dustriae
380 997 617 1043 personae,
642 997 731 1042 qua
765 987 873 1027 ante
908 981 1026 1027 illius
1047 981 1373 1028 executionem
1406 981 1623 1026 defuncta
1658 980 1939 1039 dispensatio

153 1067 251 1112 sine
284 1067 559 1112 executione
594 1071 820 1121 maneret,
846 1066 924 1110 sed
947 1065 1143 1124 exprimi
1179 1065 1328 1110 solent
1358 1078 1589 1122 personae
1621 1064 1833 1121 diynitas
1864 1065 1938 1109 vel

153 1148 362 1208 officium
396 1163 486 1208 quo
519 1148 569 1194 fit
602 1153 653 1192 ut
675 1147 711 1192 si
736 1148 849 1194 haec
885 1162 1079 1207 persona
1101 1152 1209 1192 ante
1243 1146 1568 1192 executionem
1599 1145 1840 1202 moriatur,
1867 1146 1940 1190 vel

153 1233 211 1278 ab
242 1233 390 1278 officio
413 1238 458 1277 et
479 1232 702 1290 dignitate
735 1232 935 1287 excidat,
961 1231 1059 1277 eius
1081 1245 1317 1277 successor
1348 1231 1514 1290 exequi
1549 1230 1939 1289 dispensationem

155 1316 309 1374 possit.

278 1399 405 1444 1065.
444 1402 658 1444 Summus
701 1399 914 1444 Pontifex
959 1403 1046 1444 Leo
1089 1402 1186 1444 xm
1230 1399 1442 1456 probavit
1484 1398 1556 1443 die
1599 1400 1645 1443 11
1683 1413 1787 1456 aug.
1829 1398 1938 1443 1887

155 1483 240 1527 hoc
275 1487 317 1527 S.
363 1487 492 1542 Inqu.
528 1483 764 1527 decretum
816 1485 862 1540 a)
896 1483 1261 1541 dispensationes
1294 1482 1661 1527 matrimoniales
1698 1496 1860 1527 omnes
1892 1481 1940 1526 in

157 1570 388 1624 posterum
421 1566 782 1611 committendae
816 1571 923 1611 sunt
958 1567 1029 1611 vel
1064 1571 1298 1611 oratorum
1334 1566 1577 1611 Ordinario
1598 1566 1671 1611 vel
1697 1565 1940 1611 Ordinario

155 1649 264 1705 loci;
299 1650 338 1703 b)
377 1650 690 1706 appellatione
712 1649 940 1694 Ordinarii
967 1649 1164 1694 veniunt
1193 1651 1402 1706 Episcopi
1424 1649 1840 1694 Administratores
1861 1662 1940 1693 seu

168 1734 337 1776 Vicarii
368 1733 621 1790 Apostolici,
659 1733 873 1777 Praelati
902 1746 981 1776 seu
1020 1731 1292 1788 Praefectus
1323 1731 1540 1776 habentes
1571 1732 1940 1776 iurisdictionem

155 1828 259 1858 cum
306 1817 540 1859 territorio
572 1821 791 1871 separato
823 1829 1075 1874 eorumque
1123 1814 1339 1859 officiales
1382 1827 1484 1858 seuv
1509 1817 1679 1858 Vicarii
1722 1816 1771 1858 in
1804 1816 1941 1871 spiri-

155 1898 358 1943 tualibus
388 1899 646 1955 9enerales,
683 1902 730 1942 et
761 1898 865 1942 sede
899 1903 1098 1943 vacante
1132 1898 1341 1943 Vicarius
1373 1898 1644 1956 Capitularis
1680 1897 1751 1941 vel
1797 1896 1941 1954 legiti-

158 1994 259 2025 mus
290 1980 657 2038 administrator3
692 1983 731 2038 c)
767 1983 1299 2039 Vicat-ius'Capitutaris
1339 1995 1418 2026 seu
1467 1980 1824 2026 Administrator
1865 1993 1942 2024 eas

155 2079 336 2124 quoque
378 2065 743 2123 dispensationes
791 2080 862 2124 ap.
900 2065 1064 2124 exequi
1114 2069 1261 2124 potest
1308 2079 1425 2124 quae
1474 2067 1697 2109 remissae
1744 2062 1942 2120 fuerant

162 2151 376 2206 Episcopo
400 2155 483 2193 aut
511 2151 688 2194 Vicario
717 2149 941 2194 Generali
960 2149 1030 2193 vel
1058 2148 1266 2208 officiali
1288 2150 1502 2192 nondum
1526 2149 1787 2192 executioni
1808 2160 1943 2191 man-

157 2233 321 2286 datae,
357 2244 436 2276 seu
470 2231 514 2275 hi
551 2231 649 2276 illos
681 2233 846 2290 exequi
896 2231 1134 2290 ceperint,
1170 2231 1268 2276 sive
1305 2245 1424 2287 non;
1461 2235 1506 2275 et
1541 2229 1745 2275 vicissim
1794 2232 1945 2287 potest

162 2315 305 2374 Episc.
332 2316 402 2359 vel
426 2314 523 2359 eius
546 2315 696 2360 Vicar.
723 2314 959 2360 Generalis
982 2314 1028 2359 in
1053 2315 1365 2373 spiritualibus
1387 2314 1554 2374 exequi
1577 2313 1944 2371 dispensationes

162 2397 338 2442 vicario
371 2397 616 2456 Capitulari
650 2399 920 2443 commissas
942 2398 1040 2443 sixe
1064 2398 1137 2443 hic
1165 2398 1262 2443 illas
1285 2397 1451 2457 exequi
1484 2398 1657 2456 ceperit
1694 2397 1792 2442 sive
1829 2411 1941 2454 non;

158 2483 203 2538 tt)
237 2481 600 2540 dispensationes
633 2481 836 2526 matrim.
879 2483 1138 2527 Ordinario
1176 2488 1420 2526 oratorum
1467 2483 1739 2525 commissae
1777 2481 1833 2525 ab
1867 2481 1945 2524 illo

163 2567 422 2609 ordinario
454 2565 619 2625 exequi
651 2565 821 2610 debent
852 2569 934 2623 qui
963 2567 1088 2611 dedit
1120 2567 1282 2611 literas
1314 2566 1658 2620 testimoniales,
1686 2564 1758 2608 vel
1787 2577 1945 2623 preces

157 2648 414 2693 transmisit
445 2649 500 2693 ad
534 2649 693 2694 Sedem
731 2650 809 2707 Ap.
845 2649 944 2694 sive
976 2649 1050 2694 hic
1083 2649 1142 2694 sit
1173 2650 1454 2695 ordinarius
1484 2649 1698 2705 oriyinis,
1735 2647 1833 2691 sive
1866 2648 1942 2691 clo·

159 2730 335 2784 micitia)
362 2730 460 2775 sive
483 2733 725 2790 utriusque
744 2734 915 2788 sponsi,
939 2731 1037 2776 sive
1061 2732 1339 2777 alterutrius
1370 2745 1548 2786 eorum,
1574 2731 1755 2776 etiamsi
1789 2733 1946 2788 sponsi

157 2827 245 2871 quo
278 2819 481 2871 tempore
511 2816 771 2858 eaeecutioni
802 2815 967 2859 danda
1000 2821 1104 2859 erat
1135 2817 1434 2872 (tispensatiO,
1473 2813 1630 2860 relicto
1664 2814 1785 2858 illius
1823 2813 1943 2859 dioe-

159 2897 275 2942 cesis
306 2896 537 2942 domicilio
570 2897 617 2942 in
650 2897 786 2943 aliam
821 2897 1068 2943 dioecesim
1102 2898 1396 2943 discesserint
1431 2912 1523 2943 non
1556 2898 1753 2957 amplius
1786 2911 1939 2942 rever-

159 2978 271 3032 suri,
308 2979 484 3024 monito
522 2983 706 3036 tamen,
741 2980 776 3025 si
812 2980 855 3025 id
888 2981 1138 3039 expediens
1180 2980 1516 3036 iudicaverint,
1557 2981 1818 3025 ordinario
1860 2980 1948 3024 loci

161 3065 212 3106 in
244 3076 332 3121 quo
375 3065 734 3108 matrimonium
773 3070 836 3108 est
876 3063 1269 3108 contrahendum.
1317 3063 1362 3122 e)
1399 3063 1660 3109 ordinario
1704 3063 1948 3120 praedicto
