2176 3386
233 143 287 184 96
878 157 987 187 PARS
1015 158 1040 186 1.
1075 158 1133 186 DE
1161 157 1373 187 PERSONIS

233 264 367 307 cuius
397 264 804 320 supplicationem,
828 266 901 310 vel
935 262 1228 322 relutionem,
1264 266 1335 310 vel
1365 267 1753 312 consultationem
1785 270 1914 312 eirca
1945 270 2019 313 ius

238 347 596 404 intelligendum
626 349 656 392 ¹.
694 348 836 393 Aliter
870 353 1064 395 vocatur
1096 350 1287 406 epistola
1322 348 1368 393 in
1387 348 1512 394 civili
1537 348 1635 394 iure
1659 364 1957 396 romanorum
1980 352 2014 409 “·’,

238 430 310 474 vel
345 429 392 474 in
427 430 523 475 iure
556 431 781 477 canonico
819 432 1010 488 epistola
1038 432 1298 476 decretalis.
1336 431 1643 490 Rescriptum,
1679 437 1810 478 notat
1842 433 2013 479 clariss.

237 514 504 572 Sanguineti
525 515 557 569 ³,
586 514 769 574 quando
802 513 901 558 sine
925 514 1079 558 addito
1115 515 1400 569 nominatur,
1436 514 1708 572 intelligitur
1744 529 1841 560 esse
1867 516 2017 561 Ponti-

237 596 348 643 ficis.
385 601 445 642 De
478 597 700 642 eiusmodi
733 596 965 654 rescriptis
1002 596 1250 641 Pontificiis
1282 596 1357 642 hic
1388 610 1539 642 sermo
1571 601 1657 654 est,
1678 598 1876 654 etiamsi,
1902 600 2018 645 datu

233 683 549 738 proportione,
573 694 690 739 quae
716 681 770 724 de
795 679 864 745 bis
897 680 1159 734 traduntur,
1186 684 1232 723 et
1257 680 1488 738 rescriptis
1524 680 1848 740 Episcoporum
1872 681 2018 740 aptari

237 765 427 822 possint.
468 767 637 807 Verum
671 766 887 807 Summus
924 762 1134 807 Pontifex
1170 766 1317 819 potest
1359 763 1607 819 dupliciter
1639 764 1911 833 interrogari
1945 765 2020 810 vel

237 847 502 891 obtineatur
534 846 793 901 consilium,
832 846 905 890 vel
941 850 990 889 ut
1022 844 1287 889 obtineatur
1319 847 1549 890 sententia
1572 850 1809 906 tamqnam
1833 861 1857 891 a
1893 847 2018 892 Prin-

238 930 337 988 cipe
370 930 601 975 societatis
633 929 984 974 ecclesiasticae.
1039 929 1178 974 Primi
1212 930 1391 987 generis
1430 930 1648 989 rescripta
1682 932 1801 988 apud
1841 938 2020 977 veteres

238 1027 376 1072 quam
422 1014 670 1072 plurimum
715 1018 987 1057 cernuntur.
1044 1016 1151 1056 Erat
1184 1012 1309 1057 enim
1343 1013 1581 1058 laudabilis
1621 1014 1800 1059 illorum
1844 1015 2018 1072 Episco-

238 1110 399 1154 porum
442 1096 726 1141 consuetudo
761 1100 812 1139 ut
854 1094 899 1139 in
945 1095 1079 1140 rebus
1121 1095 1404 1153 gravissimis
1446 1110 1538 1140 non
1580 1097 1714 1141 modo
1747 1112 1770 1141 a
1814 1101 2020 1142 Romano

239 1178 475 1233 Pontffice,
501 1179 578 1223 sed
601 1180 741 1223 etiam
776 1179 830 1223 ad
855 1178 1065 1223 invicem
1100 1179 1288 1224 consilia
1325 1183 1592 1223 mutuarent
1610 1180 1642 1224 ⁶.
1680 1174 1753 1225 Sic*
1774 1194 1817 1224 v.
1841 1194 1906 1237 gr.
1933 1184 2021 1224 Leo

241 1265 433 1319 Magnus
470 1262 795 1306 paschasinum
823 1262 1060 1319 Lilybeum
1099 1262 1369 1320 Episcopum
1404 1262 1458 1306 de
1506 1263 1637 1320 cyclo
1672 1263 1873 1307 Paschal‘i
1914 1277 2020 1307 con-

239 1344 380 1388 suluit
404 1345 434 1389 ⁵.
472 1348 687 1390 Attamen
712 1345 826 1391 haec
850 1345 1069 1403 rescripta
1106 1346 1281 1390 nullam
1316 1345 1504 1403 legalem
1533 1347 1625 1390 xim
1654 1360 1800 1405 neque
1824 1346 2022 1405 particu-

239 1428 382 1472 larem
408 1442 555 1487 neque
580 1428 892 1472 universalem
919 1429 1088 1472 habere
1123 1433 1328 1486 possunt,
1355 1443 1462 1473 cum
1495 1429 1710 1485 obligatio
1733 1443 1812 1488 per
1835 1430 2019 1474 modum

240 1511 417 1557 consilii
453 1511 627 1570 imponi
665 1526 755 1556 non
794 1510 946 1569 possit.
993 1512 1139 1557 Maior
1172 1511 1311 1569 igitur
1345 1512 1461 1556 ratio
1502 1512 1710 1557 habenda
1753 1516 1822 1556 est
1864 1511 2019 1556 rescri-

242 1600 423 1652 ptorum
465 1596 660 1639 secundi
697 1598 918 1652 ‚qeneris;
969 1595 1133 1654 quibus
1181 1610 1346 1653 nempe
1395 1598 1610 1640 Summus
1658 1595 1869 1640 Pontifex
1916 1595 2022 1654 quia

241 1679 521 1722 sententiam
549 1680 735 1735 profert,
775 1679 843 1723 ius
869 1679 994 1723 dicit.

365 1762 462 1805 1⁹28.
508 1763 793 1821 Rescriptum
840 1763 1047 1820 petitioni
1101 1763 1361 1821 respondet.
1414 1763 1576 1808 l'etitio
1624 1763 1791 1822 triplici
1843 1767 2024 1808 constat

243 1848 371 1902 parte
409 1846 446 1900 1)
476 1859 640 1903 nempe
675 1849 932 1891 narrativu
965 1861 1053 1905 qua
1091 1847 1197 1892 facti
1231 1846 1459 1905 expositio
1500 1846 1769 1903 exhibetur;
1806 1847 1847 1902 2)
1871 1852 2023 1903 postu-

241 1927 389 1971 lutiva
413 1941 529 1986 quae
552 1928 859 1972 substantiam
886 1929 1136 1974 instantiae
1169 1929 1415 1987 exprimit3
1453 1930 1494 1985 5)
1514 1932 1790 1986 persuasivu
1816 1943 1933 1988 quae
1957 1943 2024 1973 ra-

242 2010 422 2055 tionum
459 2017 694 2055 momenta
728 2012 906 2057 evolvit
937 2013 993 2057 ad
1029 2011 1248 2071 principis
1270 2012 1479 2056 animum
1512 2012 1809 2056 movendum.
1849 2011 2023 2056 Rescri-

244 2096 374 2150 ptum
409 2094 597 2151 proinde
631 2095 798 2152 triplici
833 2095 944 2140 item
971 2101 1098 2153 parte
1122 2095 1436 2153 distinguitur,
1464 2109 1628 2153 nempe
1655 2097 1910 2140 narrative,
1936 2108 2024 2153 qua

243 2177 418 2220 factum
452 2178 716 2235 exponitur,
753 2179 1021 2236 dispositiva
1055 2193 1143 2238 qua
1177 2179 1410 2223 l'ontilicis
1445 2179 1658 2223 voluntas
1683 2178 2022 2234 manifestatur,

240 2263 519 2316 persuasiva
553 2275 631 2305 seu
655 2266 929 2307 exornaiix‘a
953 2277 1041 2321 qua
1069 2263 1283 2321 Princeps
1306 2261 1512 2320 rescripti
1536 2265 1817 2321 aequitatem
1847 2261 2021 2306 suadet.

764 2418 805 2460 b)
835 2437 875 2441 —
903 2418 963 2453 De
990 2418 1277 2464 rescriptorum
1306 2418 1510 2454 divisione.

370 2510 467 2554 129.
491 2509 725 2568 Rescripta
748 2509 987 2566 tripliciter
1009 2510 1358 2567 distinguuntur
1383 2509 1596 2554 videlicet
1620 2510 1760 2554 relate
1789 2511 1826 2566 l)
1849 2510 1903 2553 ad
1926 2510 2026 2553 sub-

250 2596 429 2649 iectum,
467 2594 608 2638 relate
651 2595 692 2649 2)
730 2593 786 2638 ad
818 2594 1055 2648 obiectum,
1094 2590 1235 2638 r‘elate
1264 2595 1313 2650 5)
1351 2594 1405 2638 ad
1441 2596 1511 2638 ius
1547 2607 1806 2638 commune.
1860 2595 1904 2650 a)
1943 2597 2024 2638 Re-

369 2736 377 2755 ¹
407 2738 459 2772 De
487 2737 685 2782 rescriptis.
712 2737 763 2772 Cf.
792 2737 887 2772 Trid.
915 2747 1006 2774 sess.
1033 2736 1091 2782 22,
1118 2748 1148 2774 c.
1175 2736 1207 2779 5,
1236 2738 1257 2773 6
1284 2742 1319 2774 et
1346 2747 1435 2774 sess.
1462 2737 1519 2780 25,
1546 2747 1576 2773 c.
1606 2737 1660 2781 10,
1686 2737 1731 2773 de
1759 2737 1907 2774 reform.

369 2809 381 2827 2
407 2809 445 2844 L.
475 2808 504 2853 1,
531 2812 546 2848 ς
575 2809 604 2850 1,
631 2807 665 2844 ff.
691 2808 735 2844 de
762 2808 925 2849 constm
955 2808 975 2844 1.
1004 2807 1025 2842 2
1053 2808 1140 2843 cod.
1167 2808 1211 2844 de
1238 2809 1307 2844 LL.
1452 2795 1456 2800 '

369 2879 382 2898 ³
408 2880 494 2916 Inst.
523 2889 602 2915 can.
631 2883 717 2915 sect.
744 2880 766 2915 [ι
792 2879 836 2916 de
863 2879 1029 2924 rescript.

369 2949 383 2969 ⁶
409 2951 460 2988 Cf.
486 2951 662 2996 epistolas
689 2951 876 2996 Cypriani,
904 2950 1043 2992 Basilii,
1072 2951 1257 2987 Ambrosii
1284 2955 1352 2988 eto.

369 3021 382 3041 ¹¹
410 3021 460 3058 Cf.
486 3021 636 3058 Berarsli
664 3031 722 3068 op.
749 3032 780 3058 c.
808 3021 894 3058 diss.
924 3021 956 3064 2,
982 3031 1014 3057 c.
1041 3021 1075 3057 2.
