2176 3386
520 233 649 262 LIBER
678 234 704 261 1.
738 233 794 261 DE
824 234 962 262 REBUS
991 234 1227 262 ECCLESIAE
1256 235 1585 264 SPIRITUALIBUS
1890 226 1945 266 29

157 338 338 396 native,
366 340 428 385 ita
461 344 512 384 ut
543 341 755 385 sacerdos
786 340 922 385 simul
956 341 1120 386 recitet
1140 343 1261 401 quod
1293 342 1499 388 Christus
1532 342 1676 401 egerit
1704 347 1750 388 et
1771 344 1942 389 dixerit

152 422 383 479 simulque
416 423 575 468 eadem
611 424 748 468 verba
785 423 830 468 in
864 423 1030 469 Christi
1065 437 1258 483 persona
1298 425 1582 484 pronuntiet.

274 508 375 554 668.
413 507 625 554 Minister
660 507 970 553 Eucharistiae
1002 509 1120 553 alter
1151 513 1221 554 est
1253 509 1575 566 confectionis,
1610 511 1727 555 alter
1759 511 1941 571 dispen-

150 591 358 636 sationis.
392 591 703 637 Confectionis
735 596 804 635 est
836 591 957 635 solus
989 591 1215 647 sacerdos,
1241 591 1597 651 dispensationis
1628 597 1698 638 est
1729 595 1941 640 sacerdos

147 680 200 721 et
233 676 279 720 in
313 689 421 720 casu
457 674 744 720 necessitatis
776 675 918 719 etiam
951 674 1187 721 diaconus.

274 761 374 805 669.
412 759 675 803 Subiectum
706 758 1014 803 Eucharistiae
1048 763 1116 803 est
1148 759 1340 818 quilibet
1362 759 1507 804 fidelis
1529 759 1606 819 qui
1630 761 1936 806 sufficientem

153 843 343 888 rationis
376 855 508 887 usum
544 842 709 886 habeat
733 842 760 887 ¹.
797 846 934 887 Porro
967 842 1022 887 de
1056 842 1357 887 admittendis
1390 843 1539 901 primo
1571 843 1627 888 ad
1662 844 1938 903 participan-

145 927 256 970 dam
304 924 637 969 Eucharistiam
686 925 918 981 fidelibus,
954 940 1011 970 ex
1045 925 1367 971 ecclesiasticis
1410 926 1576 984 regulis
1622 931 1667 971 et
1700 928 1935 972 communi

152 1010 281 1067 praxi
316 1008 560 1063 docemur,
596 1007 650 1051 ad
685 1008 1040 1053 eucharisticam
1076 1023 1285 1054 mensam
1319 1023 1397 1054 eos
1430 1023 1594 1068 pueros
1626 1010 1808 1054 admitti
1843 1025 1936 1055 non

142 1091 340 1146 debere,
375 1091 451 1150 qui
487 1091 693 1135 nondum
743 1091 877 1135 huius
910 1091 1195 1136 sacramenti
1244 1092 1559 1150 cognitionem
1600 1095 1793 1149 habent,
1829 1107 1936 1138 con-

150 1179 311 1234 traque
344 1175 443 1220 illos
475 1176 529 1220 ad
566 1176 682 1219 hanc
717 1189 925 1220 mensam
961 1176 1237 1232 evocandos,
1273 1177 1350 1236 qui
1384 1177 1495 1222 satis
1527 1177 1734 1223 divinam
1764 1179 1935 1223 Eucha-

150 1258 326 1304 ristiam
359 1273 384 1303 a
418 1259 655 1304 communi
704 1273 821 1317 pane
854 1259 1125 1304 discernunt
1171 1260 1340 1319 quique
1384 1260 1467 1319 ipsi
1515 1260 1625 1305 satis
1675 1261 1937 1320 intelligunt

148 1340 255 1399 quid
279 1340 338 1385 sit
360 1341 477 1399 apud
502 1341 777 1385 christianos
799 1355 926 1386 sacra
953 1342 1220 1386 commuuio
1245 1346 1291 1385 et
1312 1343 1542 1401 quomodo
1578 1344 1727 1401 peragi
1752 1343 1931 1389 debeat.

140 1425 259 1467 Cum
295 1437 405 1468 vero
439 1437 531 1468 non
566 1437 728 1468 omnes
766 1424 892 1482 pueri
927 1424 1106 1484 aequali
1140 1429 1347 1484 tempore
1379 1426 1435 1470 ad
1470 1427 1582 1470 haec
1616 1427 1932 1484 cognoscenda

150 1506 442 1563 perveniant,
471 1506 639 1551 idcirco
675 1507 990 1551 Missionarius
1022 1507 1266 1566 diligenter
1299 1509 1384 1553 hoc
1413 1513 1560 1553 totum
1595 1510 1818 1566 exploret.
1856 1512 1933 1554 Ce-

149 1594 299 1634 terum
332 1603 437 1635 cum
472 1591 731 1635 huiusmodi
756 1591 957 1649 cognitio
982 1590 1100 1635 intra
1126 1591 1358 1636 decimum
1392 1597 1438 1636 et
1459 1593 1690 1637 decimum
1715 1597 1932 1652 quartum

139 1672 310 1717 aetatis
331 1686 505 1717 annum
540 1674 852 1718 communiter
886 1674 1038 1718 haberi
1074 1675 1234 1730 soleat,
1256 1675 1368 1719 haec
1403 1676 1631 1720 servanda
1656 1677 1811 1733 regula
1845 1681 1930 1733 est,

147 1757 199 1796 ut
236 1753 490 1810 generatim
527 1768 662 1798 nemo
696 1758 805 1798 ante
839 1754 1070 1799 decimum
1104 1755 1269 1800 aetatis
1302 1755 1537 1813 expletum
1574 1770 1750 1801 annum
1784 1755 1930 1801 divini

140 1837 281 1881 huius
313 1835 398 1880 cibi
435 1835 662 1895 particeps
695 1835 774 1881 fiat
796 1837 826 1880 ².

265 1921 365 1965 670.
402 1921 558 1973 Quoad
592 1920 788 1975 adultos,
815 1921 910 1978 lege
932 1920 1242 1965 ecclesiastica
1277 1925 1498 1966 tenentur
1521 1922 1549 1966 ii
1573 1922 1931 1969 eucharisticum

147 2016 312 2061 panem
346 2016 529 2047 sumere
562 2004 702 2047 semel
737 2003 781 2047 in
816 2017 971 2059 anno⁷
1009 2003 1142 2062 idque
1179 2003 1223 2047 in
1259 2004 1475 2061 paschate
1507 2017 1585 2049 seu
1623 2010 1828 2063 tempore
1856 2021 1933 2064 pa·

135 2084 282 2129 -schali
319 2085 359 2128 h.
385 2099 422 2130 e.
446 2099 471 2129 a
496 2085 726 2131 (lominica
752 2086 1013 2130 palmarum
1037 2086 1093 2130 ad
1116 2085 1396 2131 dominicam
1420 2087 1467 2130 in
1493 2087 1614 2132 Albis
1646 2087 1872 2133 inclusive
1895 2089 1927 2134 ⁸.

143 2171 287 2212 Locus
318 2167 460 2212 etiam
494 2173 561 2212 est
594 2169 903 2214 ecclesiastica
950 2169 1047 2227 lege
1083 2169 1326 2226 definitus,
1363 2170 1410 2214 in
1443 2184 1532 2230 quo
1576 2170 1767 2230 quisque
1803 2186 1931 2229 prae·

134 2257 327 2310 ceptum
361 2254 447 2297 hoc
482 2252 693 2311 impleat,
730 2267 896 2311 nempe
929 2255 974 2298 in
1012 2253 1191 2312 propria
1236 2253 1482 2313 parochiali
1527 2255 1718 2300 ecclesia
1756 2260 1802 2300 et
1835 2270 1929 2301 non

134 2336 265 2393 alibi,
303 2351 361 2381 ne
395 2337 440 2381 in
475 2337 723 2382 cathedrali
757 2336 960 2396 quidem,
996 2351 1145 2396 neque
1179 2337 1225 2382 in
1262 2339 1542 2383 monasterio
1576 2337 1623 2382 in
1658 2352 1747 2398 quo
1787 2339 1926 2396 degit,

138 2419 229 2464 ¹nisi
261 2434 320 2464 ex
355 2420 540 2479 parochi
575 2421 793 2465 facultate
816 2420 848 2464 ⁴.
894 2420 1160 2466 Sacerdotes
1204 2434 1313 2465 vero
1358 2421 1635 2480 ubicumque
1675 2421 1927 2477 celebrent,

261 2597 271 2616 ¹
300 2598 419 2634 Latini
439 2608 541 2635 nunc
558 2599 628 2636 sub
649 2600 759 2636 unica
786 2600 890 2645 panis
909 2600 1033 2645 specie
1053 2600 1345 2636 communicant.
1375 2600 1505 2637 Graeci
1533 2601 1601 2637 sub
1629 2605 1784 2647 utraque
1802 2602 1926 2647 specie

136 2669 412 2707 Eucharistiam
439 2676 610 2714 sumunt,
637 2675 746 2717 atque
772 2672 868 2708 hanc
903 2671 1212 2708 consuetudinem
1254 2672 1537 2717 permittendam
1564 2677 1789 2710 censuerunt
1815 2672 1926 2711 Cone.

142 2741 316 2786 Florem„
342 2742 416 2778 Leo
443 2742 477 2778 X
503 2742 541 2778 in
566 2742 691 2779 Const.
720 2742 930 2789 Accepimus
957 2747 992 2779 et
1018 2743 1187 2779 Clemens
1212 2743 1281 2780 VII
1309 2743 1347 2779 in
1372 2744 1496 2780 Const.
1523 2745 1746 2781 Pravis-ionis
1767 2748 1931 2784 nostrae.

144 2812 405 2859 Italo-graecis
432 2813 522 2850 haec
547 2814 776 2851 consuetudo
815 2815 961 2861 integra
987 2814 1207 2860 relinquitur
1233 2823 1255 2850 a
1280 2814 1480 2852 Benedicto
1512 2815 1599 2852 XIV
1633 2816 1671 2851 in
1697 2815 1822 2852 Const.
1848 2816 1929 2853 Etsi

130 2884 346 2929 pastoralis,
373 2887 387 2924 S
413 2884 446 2928 7,
472 2888 507 2921 et
532 2884 657 2921 Const.
687 2885 829 2921 Allatae
855 2888 950 2922 sunt.

259 2955 272 2974 ¹
299 2956 436 2993 Bened.
464 2956 562 3001 xlv,
588 2957 629 2993 de
656 2957 736 3002 Syn.
764 2957 873 2994 dioec.
899 2957 922 2994 l.
951 2958 982 3000 7,
1011 2967 1090 3003 cap.
1119 2957 1173 2994 12.

262 3025 276 3045 ³
299 3026 387 3073 Cap.
415 3027 539 3064 Omnis
565 3028 753 3075 utriusque
779 3038 900 3065 sexus.

260 3096 275 3117 '⁵
301 3098 339 3134 S.
367 3098 502 3144 Congr.
528 3099 621 3145 Epp.
641 3105 677 3135 et
702 3099 778 3135 RR.
805 3098 848 3135 21
878 3099 950 3135 ian.
979 3098 1081 3136 1848.
