2176 3386
241 181 322 223 220
912 195 1023 224 PARS
1053 196 1097 224 11.
1129 197 1186 225 DE
1215 195 1354 225 m-:Bus

241 299 436 355 actibus,
470 300 547 360 qui
581 301 638 345 ab
669 300 769 346 aliis
801 302 876 361 qui
911 301 1164 347 christiano
1196 306 1447 348 censentur
1478 303 1666 348 nomine
1698 302 1847 364 palam
1871 304 2021 350 solent

241 383 465 439 exerceri,
501 387 601 429 tum
634 384 665 429 ii
699 385 864 431 occulti
899 387 1155 442 credentes,
1189 386 1266 446 qui
1300 385 1459 431 diebus
1490 379 1662 431 ieiunio
1710 387 2019 433 ecclesiastico

243 467 316 512 vel
348 467 658 513 abstinentiae
691 467 971 513 consecratis
1015 471 1266 513 Turcarum
1311 468 1483 514 mensis
1522 469 1829 525 accumbunt,
1866 469 2022 516 vetitis

243 555 499 597 vescuntur
530 551 659 607 cibis,
694 555 774 596 aut
806 565 853 596 se
887 551 986 597 illos
1021 551 1300 596 manducare
1331 552 1513 610 fingunt
1538 553 1568 596 ¹.

366 637 493 681 1101.
534 639 823 681 Damnantur
855 636 965 680 item
998 635 1074 694 qui
1109 634 1366 693 imperante
1412 634 1582 680 infideli
1622 635 1826 695 principe
1870 636 1915 680 in
1951 650 2023 682 ca·

243 720 440 765 tholicae
475 719 575 764 fidei
609 723 927 777 contemptum
962 732 1115 764 sacros
1146 723 1373 777 spernunt
1405 718 1519 763 ritus
1542 718 1575 761 ².

369 805 494 848 1102.
534 803 598 848 Ad
633 803 769 848 haec:
821 803 1104 848 damnantur
1152 803 1228 862 qui
1276 802 1553 848 nominatim
1587 802 1854 860 interrogati
1887 817 1912 849 a
1946 817 2024 862 pu·

243 885 359 931 blica
393 891 619 945 potestate
651 886 706 930 de
740 886 843 942 tide,
879 890 1053 942 tacent,
1089 891 1169 931 aut
1212 886 1503 931 dissimulant
1526 885 1558 941 ⁸,
1595 886 1669 930 vel
1701 885 1777 945 qui
1826 885 1967 931 etiam
1999 900 2023 931 a

245 969 425 1028 privata
462 982 653 1027 persona
687 969 974 1027 interrogati,
1001 983 1102 1014 eam
1127 983 1219 1014 non
1254 969 1543 1028 profitentur,
1568 969 1747 1029 quoties
1779 984 1860 1029 per
1890 968 2024 1015 omis-

244 1053 421 1098 sionem
457 1052 591 1097 buius
614 1052 914 1098 confessionis
946 1053 1293 1098 subtraheretur
1324 1053 1503 1097 debitus
1525 1053 1672 1097 honor
1696 1056 1786 1097 Deo
1818 1056 1865 1098 et
1886 1051 2026 1097 etiam

246 1135 421 1180 utilitas
454 1135 677 1194 proximis
709 1135 1016 1193 impendenda
1042 1136 1073 1180 ⁶.
1127 1140 1226 1181 Non
1262 1140 1418 1181 tamen
1471 1136 1604 1180 fidem
1653 1136 1879 1193 abnegare
1921 1149 2026 1180 cen·

247 1223 409 1264 sentur
440 1219 517 1278 qui
552 1220 596 1263 in
633 1218 982 1277 persecutione,
1019 1219 1164 1264 solum
1206 1223 1476 1274 vertentes,
1512 1220 1616 1276 fuga
1650 1217 1753 1263 fidei
1787 1216 2028 1263 confessio-

248 1317 354 1347 nem
404 1303 652 1347 declinant.
705 1302 928 1356 Quamvis
960 1302 1083 1347 enim
1129 1317 1187 1347 ex
1226 1303 1399 1348 iustitia
1433 1307 1478 1348 et
1510 1301 1733 1347 charitate
1781 1304 2029 1346 teneantur

250 1388 456 1431 Pastores
488 1400 513 1430 a
548 1385 764 1432 Missione
807 1400 899 1430 non
944 1386 1180 1442 recedere,
1216 1401 1322 1431 cum
1357 1399 1467 1431 oves
1515 1399 1674 1430 eorum
1712 1383 1919 1442 indigent
1950 1399 2027 1429 au-

249 1470 357 1514 xilio
392 1469 451 1513 ita
487 1474 538 1514 ut
572 1470 823 1528 periculum
859 1471 917 1515 sit
951 1485 1006 1515 ne
1041 1470 1362 1529 disperdantur
1394 1475 1440 1515 et
1472 1484 1496 1514 a
1530 1469 1616 1514 fide
1649 1468 1921 1523 desciscant,
1963 1470 2028 1512 at-

247 1566 335 1612 que
368 1552 468 1596 ideo
502 1554 541 1596 S.
575 1556 618 1597 C.
656 1551 743 1596 Fid.
781 1556 908 1610 l‘rop.
938 1553 952 1576 ⁵
987 1553 1271 1611 responderit
1306 1556 1509 1610 tempore
1560 1549 1888 1610 persecutionis
1931 1562 2028 1595 esse

250 1636 394 1694 magis
429 1635 733 1680 necessariam
769 1639 1003 1693 pastorum
1046 1635 1355 1694 praesentiam
1391 1649 1448 1679 ne
1481 1635 1634 1679 fideles
1672 1636 2025 1692 pervertantur;

249 1721 419 1765 dantur
466 1726 623 1764 tamen
672 1733 804 1765 casus
849 1720 1014 1779 quibus
1055 1722 1168 1765 haec
1211 1721 1314 1777 fuga
1364 1734 1420 1765 ne
1453 1720 1561 1764 dum
1597 1719 1744 1774 licita,
1780 1718 1856 1763 sed
1890 1717 2029 1762 etiam

251 1806 508 1852 necessaria
544 1811 629 1861 est,
665 1819 769 1851 cum
805 1806 979 1851 scilicet
1012 1805 1114 1865 quis
1142 1819 1193 1850 se
1228 1805 1450 1863 imparem
1483 1806 1822 1849 tormentorum
1866 1800 2029 1846 atroci-

249 1891 332 1934 tati
369 1890 666 1948 perferendae
699 1894 934 1946 agnoscat,
961 1889 1033 1933 vel
1067 1902 1172 1933 cum
1197 1890 1251 1933 de
1276 1901 1465 1946 persona
1500 1891 1662 1944 agatur
1694 1884 1949 1930 necessaria
1979 1897 2031 1928 ac

252 1973 455 2018 maxime
489 1972 589 2017 utili
627 1972 854 2018 Ecclesiae
888 1974 1035 2028 bono,
1072 1972 1145 2018 vel
1178 1972 1374 2031 denique
1412 1985 1517 2016 cum
1553 1969 1874 2029 praevideatur
1913 1981 2029 2012 mar-

251 2054 426 2113 tyrium
461 2056 636 2100 nemini
672 2057 963 2114 profuturum
997 2056 1075 2100 sed
1109 2056 1253 2113 magis
1286 2055 1574 2100 irritatur-um
1608 2058 1878 2111 tyrannum.

987 2238 1219 2269 AR'PICULUS
1253 2239 1297 2269 11.

338 2345 402 2388 De
424 2346 847 2389 communicatione
869 2357 974 2387 cam
997 2343 1275 2402 infidelibus,
1301 2342 1546 2387 haereticis
1567 2348 1608 2385 ec
1628 2340 1945 2386 schismaticis.

376 2459 503 2504 1105.
540 2458 908 2504 communicatio
941 2459 1111 2517 duplex
1143 2463 1228 2514 est,
1258 2458 1345 2503 alia
1378 2458 1553 2503 scilicet
1584 2457 1630 2502 in
1664 2456 1849 2512 divinis,
1875 2456 1962 2502 alia
1985 2456 2031 2502 in

254 2541 466 2586 civilibus
498 2546 544 2586 et
578 2542 816 2587 humanis:
852 2543 906 2587 de
941 2547 1133 2602 utraque
1167 2542 1357 2587 seorsim
1391 2541 1632 2600 agendum.

372 2711 382 2730 ¹
413 2711 446 2747 S.
474 2710 510 2748 C.
538 2710 616 2747 Fid.
642 2711 752 2756 Prop.
778 2710 923 2747 decreto
950 2710 1022 2746 diei
1048 2709 1090 2746 31
1120 2710 1191 2746 ian.
1221 2708 1321 2745 1774.
1350 2728 1394 2735 —
1420 2708 1488 2745 Cfr.
1515 2707 1611 2744 decr.
1633 2707 1666 2744 S.
1682 2708 1718 2744 G.
1737 2707 1844 2753 Prop.
1860 2706 1962 2742 Fidei
1990 2705 2032 2742 19

255 2783 344 2820 febr.
376 2782 477 2820 1774.
505 2782 654 2819 Collect.
681 2792 717 2818 n.
747 2781 848 2818 1655.

375 2855 387 2873 ³
415 2855 450 2891 S.
481 2855 551 2891 Un.
579 2855 657 2900 Inq.
686 2853 787 2891 1674.

373 2926 386 2945 ³
412 2926 539 2962 Innoc.
567 2926 628 2969 XI,
656 2926 763 2972 Prop.
792 2925 848 2962 18.

373 2994 388 3015 ⁸
414 2995 449 3033 S.
477 2996 541 3031 Tu.
567 2994 619 3038 2⁸,
639 2995 709 3040 ΞΜ,
735 3005 770 3040 q.
795 2993 829 3037 ὅ,
854 2999 921 3031 art.
952 2994 985 3031 2.

376 3066 388 3086 ⁵
415 3067 520 3103 Decr.
549 3065 650 3103 1646.
994 3071 997 3074 ’
