2176 3386
169 170 250 210 310
535 183 885 216 SUPPLEMENTUM
914 187 1193 222 QuonmquM
1222 189 1590 222 DOCUMENTORUM

169 302 272 334 sum
304 292 361 335 ad
394 293 768 352 Metropolitum,
804 295 876 339 vel
910 295 945 340 si
979 301 1143 355 agatur
1182 298 1238 344 de
1277 301 1568 360 Metropolita
1599 302 1655 348 ad
1691 304 1950 363 Metropoli-

172 377 264 418 tam
299 373 590 421 viciniorem.
625 402 686 410 —
719 377 783 422 Ad
817 379 874 423 2¹¹¹
898 384 945 424 et
979 381 1037 424 5¹¹¹
1062 381 1297 439 provisum
1334 383 1379 428 in
1419 385 1456 428 l.

291 456 615 503 sanctissimus
649 473 759 505 vero
803 464 854 505 D.
892 465 945 506 N.
988 466 1072 508 Leo
1106 466 1187 509 ΡΙ).
1226 468 1323 511 ΧΙΙΙ
1364 467 1577 525 probavit
1615 469 1686 514 die
1727 471 1755 516 [ιι
1787 471 1951 530 Aprilis

168 537 372 584 eiusdem
406 542 534 586 anni.

1028 747 1089 799 ΙΙ.

511 932 704 986 Quoad
743 939 1167 989 successionem
1207 938 1614 1012 religiosorum.

289 1142 308 1163 a
339 1124 376 1167 1.
415 1124 493 1169 Cui
519 1129 753 1182 competat
775 1126 843 1170 ius
866 1127 1139 1171 succedendi
1176 1114 1446 1173 haereditati
1485 1131 1717 1188 Regularis
1741 1132 1946 1189 professi,

164 1205 430 1251 decedentis
463 1213 594 1252 extra
629 1208 859 1263 claustra,
895 1210 972 1268 qui
1009 1210 1318 1267 Apostolicum
1354 1212 1586 1256 lndultum
1623 1213 1822 1258 obtinuit
1856 1229 1948 1260 ma-

168 1289 305 1333 nendi
340 1294 472 1334 extra
509 1291 725 1346 claustra,
760 1291 815 1335 ad
851 1296 1048 1350 tempus,
1087 1298 1267 1338 retento
1302 1294 1476 1349 babitu,
1510 1296 1580 1339 vel
1607 1301 1733 1341 veste
1766 1298 1834 1342 sui
1868 1301 1948 1342 Or-

165 1370 286 1415 dinis
317 1371 533 1417 dimissa‘?
565 1375 606 1417 ⁶2.
643 1374 721 1418 Cui
756 1379 989 1433 competat
1012 1375 1080 1419 ius
1103 1378 1374 1422 succedendi
1411 1378 1681 1423 haereditati
1719 1380 1950 1437 Regularis

167 1458 374 1516 professi,
399 1458 474 1517 qui
512 1458 711 1503 infausto
736 1464 949 1504 anteacto
973 1464 1180 1518 tempore
1212 1462 1386 1506 eiectus
1411 1461 1637 1519 publicaxi
1661 1476 1684 1506 a
1709 1462 1946 1518 coenobio,

165 1547 212 1585 et
246 1547 373 1586 veste
406 1542 474 1585 sui
509 1541 692 1586 Ordinis
725 1543 1007 1601 expoliatus,
1046 1545 1338 1589 rationabiles
1379 1559 1543 1590 causae
1577 1545 1616 1589 ei
1651 1546 1945 1602 obstiterunt,

168 1642 224 1671 ne
257 1627 519 1671 successivo
562 1628 909 1687 tranquillitatis
950 1633 1157 1686 tempore
1190 1630 1245 1674 ad
1279 1644 1413 1674 suum
1449 1630 1617 1675 rediret
1654 1631 1944 1688 coenobium,
2017 1636 2020 1639 '

165 1710 326 1771 suique
358 1711 544 1756 Ordinis
565 1715 742 1756 vestem
768 1715 1110 1757 reassumeret‘?
1143 1714 1184 1757 5.
1212 1715 1288 1760 Cui
1325 1719 1557 1772 competat
1583 1714 1651 1759 ius
1674 1715 1947 1760 succedendi

167 1794 437 1839 haereditati
476 1795 709 1849 Regularis
751 1797 971 1853 professi,
1006 1796 1082 1855 qui
1119 1796 1428 1854 Apostolicum
1475 1797 1705 1842 lndultum
1749 1797 1949 1842 obtinuit

164 1878 430 1936 acquirendi
456 1878 778 1934 haereditates,
805 1885 850 1923 et
873 1881 1037 1937 legata,
1059 1885 1105 1925 et
1127 1881 1181 1925 de
1207 1880 1365 1925 iisdem
1400 1880 1636 1940 acquisitis
1657 1882 1944 1940 disponendi,

164 1966 210 2005 et
257 1961 495 2019 signanter
527 1962 562 2005 si
596 1962 831 2021 dispositio
880 1963 1018 2007 fuerit
1056 1964 1110 2007 ad
1151 1978 1312 2008 causas
1352 1964 1447 2022 pias
1479 1969 1523 2008 et
1557 1966 1716 2010 favore
1756 1965 1947 2023 Religio-

165 2045 266 2090 nis?
295 2072 354 2079 —
389 2050 438 2090 R.
476 2045 541 2090 Ad
581 2047 617 2090 l.
653 2050 712 2090 De
747 2046 1006 2091 huiusmodi
1042 2047 1323 2092 haereditate
1358 2048 1651 2094 iudicandum
1686 2063 1783 2095 esse
1818 2051 1946 2096 iuxta

164 2128 487 2186 dispositiones
520 2129 633 2173 luris
670 2130 974 2175 Ecclesiastici
1003 2132 1282 2186 communis,
1308 2131 1484 2176 scilicet
1516 2147 1618 2177 eam
1653 2139 1858 2192 spectare
1891 2135 1947 2179 ad

165 2211 393 2269 propriam
427 2211 632 2256 defuncti
681 2213 979 2270 Religionem.
1036 2214 1096 2258 Ad
1130 2216 1171 2259 2.
1210 2214 1250 2260 si
1288 2214 1550 2273 religiosus,
1585 2217 1640 2261 de
1673 2231 1763 2277 quo
1796 2231 1946 2263 sermo

162 2300 248 2348 est,
274 2300 520 2354 perpetuae
543 2296 964 2342 saecularizationis
986 2298 1193 2343 absoluto
1217 2313 1308 2343 non
1335 2300 1571 2344 fruebatur
1594 2301 1790 2356 indulto,
1817 2307 1867 2345 ut
1899 2302 1944 2346 in

164 2378 471 2435 praecedeuti.
510 2379 551 2422 Si
587 2393 697 2423 vero
731 2379 983 2435 fruebatur,
1007 2380 1382 2439 distinguendum
1418 2387 1487 2426 est
1519 2384 1640 2428 inter
1671 2384 1789 2429 bona
1812 2385 1870 2429 ab
1891 2399 1945 2430 eo

163 2461 337 2507 relicta.
375 2462 555 2508 Scilicet
595 2464 740 2519 bona,
776 2478 893 2523 quae
935 2465 1181 2522 Religionis
1228 2471 1362 2511 erant
1409 2481 1656 2527 secumque
1688 2483 1713 2513 e
1746 2470 1944 2515 claustro

143 2540 400 2604 'egrediens
433 2547 526 2604 ipse
559 2547 793 2603 attulerat,
833 2549 903 2593 vel
936 2547 976 2593 ei
1012 2553 1261 2608 utcumque
1294 2550 1612 2607 obvenerunt,
1647 2552 1943 2610 quemadmo-

161 2630 270 2675 dum
305 2635 351 2675 et
382 2631 519 2686 bona,
545 2632 580 2676 si
614 2645 730 2691 quae
754 2632 950 2677 habebat
981 2647 1039 2677 ex
1073 2632 1160 2677 illis
1182 2634 1522 2692 provenientia,
1547 2625 1695 2679 eidem
1723 2634 1943 2692 Religioni

162 2726 366 2758 manere.
402 2715 560 2768 Quoad
592 2719 748 2759 autem
782 2721 935 2761 cetera
967 2715 1104 2771 bona,
1139 2730 1164 2761 a
1200 2716 1276 2761 tali
1315 2716 1537 2774 Religioso
1569 2722 1700 2762 extra
1737 2718 1942 2762 Claustra

160 2796 294 2841 aliter
324 2811 463 2856 quam
496 2812 553 2842 ex
588 2799 719 2843 bonis
750 2798 806 2843 ad
842 2797 1124 2856 Religionem
1164 2799 1502 2858 pertinentibus
1548 2800 1794 2860 acquisita,
1831 2801 1942 2846 iudi-

159 2878 358 2923 candum
392 2880 447 2924 de
480 2879 534 2924 iis
567 2894 665 2925 esse
687 2880 818 2926 iuxta
841 2881 1228 2927 Constitutionem
1253 2882 1455 2941 Gregorii
1482 2887 1579 2928 ΧΙΙΙ
1607 2883 1756 2943 Officii
1775 2886 1938 2928 nostri.

162 2960 228 3006 Ad
261 2962 303 3006 5.
340 2962 382 3006 Si
417 2962 566 3007 dictus
600 2963 850 3021 Religiosus
884 2964 1142 3023 Apostolico
1175 2965 1355 3010 Indulto
1394 2965 1664 3024 disponendi
1702 2965 1758 3011 de
1791 2965 1938 3022 bonis,

161 3052 211 3092 ut
243 3047 289 3092 in
324 3061 449 3103 casu,
485 3048 688 3107 legitime
720 3063 829 3094 usus
861 3053 946 3105 est,
982 3050 1103 3095 facta
1137 3049 1358 3096 nimirum
1396 3049 1692 3110 dispositione
1739 3049 1941 3110 undique
