<?xml version="1.0" encoding="UTF-8"?>
<!DOCTYPE html PUBLIC "-//W3C//DTD XHTML 1.0 Transitional//EN"
    "http://www.w3.org/TR/xhtml1/DTD/xhtml1-transitional.dtd">
<html xmlns="http://www.w3.org/1999/xhtml" xml:lang="en" lang="en">
 <head>
  <title>
</title>
<meta http-equiv="Content-Type" content="text/html;charset=utf-8" />
  <meta name='ocr-system' content='tesseract 3.04.00' />
  <meta name='ocr-capabilities' content='ocr_page ocr_carea ocr_par ocr_line ocrx_word'/>
</head>
<body>
  <div class='ocr_page' id='page_1' title='image "apparatus00ziteuoft_0022.png"; bbox 0 0 2176 3386; ppageno 0'>
   <div class='ocr_carea' id='block_1_1' title="bbox 214 192 1362 236">
    <p class='ocr_par' dir='ltr' id='par_1_1' title="bbox 214 192 1362 236">
     <span class='ocr_line' id='line_1_1' title="bbox 214 192 1362 236; baseline 0.003 -4"><span class='ocrx_word' id='word_1_1' title='bbox 214 192 275 232; x_wconf 53' lang='lat'>‘10</span> <span class='ocrx_word' id='word_1_2' title='bbox 865 207 975 236; x_wconf 75' lang='lat' dir='ltr'><strong>PARS</strong></span> <span class='ocrx_word' id='word_1_3' title='bbox 1004 209 1027 236; x_wconf 90' lang='lat'>1.</span> <span class='ocrx_word' id='word_1_4' title='bbox 1064 208 1120 236; x_wconf 85' lang='lat' dir='ltr'>DE</span> <span class='ocrx_word' id='word_1_5' title='bbox 1150 207 1362 236; x_wconf 80' lang='lat' dir='ltr'>PERSONIS</span> 
     </span>
    </p>
   </div>
   <div class='ocr_carea' id='block_1_2' title="bbox 218 312 2003 1520">
    <p class='ocr_par' dir='ltr' id='par_1_2' title="bbox 219 312 2003 618">
     <span class='ocr_line' id='line_1_2' title="bbox 219 312 2003 375; baseline 0.006 -21"><span class='ocrx_word' id='word_1_6' title='bbox 219 323 382 355; x_wconf 87' lang='lat' dir='ltr'>sensus</span> <span class='ocrx_word' id='word_1_7' title='bbox 415 312 620 357; x_wconf 91' lang='lat' dir='ltr'>nondum</span> <span class='ocrx_word' id='word_1_8' title='bbox 654 313 894 369; x_wconf 85' lang='lat' dir='ltr'>habeatur,</span> <span class='ocrx_word' id='word_1_9' title='bbox 930 313 1160 372; x_wconf 84' lang='lat' dir='ltr'>integrum</span> <span class='ocrx_word' id='word_1_10' title='bbox 1194 314 1245 359; x_wconf 85' lang='lat' dir='ltr'>lit</span> <span class='ocrx_word' id='word_1_11' title='bbox 1276 315 1551 360; x_wconf 77' lang='lat' dir='ltr'>electoribus</span> <span class='ocrx_word' id='word_1_12' title='bbox 1584 316 1764 362; x_wconf 87' lang='lat' dir='ltr'>variare</span> <span class='ocrx_word' id='word_1_13' title='bbox 1797 331 1876 375; x_wconf 86' lang='lat' dir='ltr'>pro</span> <span class='ocrx_word' id='word_1_14' title='bbox 1910 331 2003 363; x_wconf 91' lang='lat' dir='ltr'>una</span> 
     </span>
     <span class='ocr_line' id='line_1_3' title="bbox 221 393 2003 459; baseline 0.006 -22"><span class='ocrx_word' id='word_1_15' title='bbox 221 393 323 438; x_wconf 90' lang='lat' dir='ltr'>vice</span> <span class='ocrx_word' id='word_1_16' title='bbox 365 394 633 453; x_wconf 82' lang='lat' dir='ltr'>suffragium</span> <span class='ocrx_word' id='word_1_17' title='bbox 676 397 933 440; x_wconf 79' lang='lat' dir='ltr'>accedendo</span> <span class='ocrx_word' id='word_1_18' title='bbox 966 397 1021 442; x_wconf 89' lang='lat' dir='ltr'>ad</span> <span class='ocrx_word' id='word_1_19' title='bbox 1054 397 1195 441; x_wconf 91' lang='lat' dir='ltr'>alium</span> <span class='ocrx_word' id='word_1_20' title='bbox 1238 412 1375 457; x_wconf 91' lang='lat' dir='ltr'>quem</span> <span class='ocrx_word' id='word_1_21' title='bbox 1422 399 1611 455; x_wconf 87' lang='lat' dir='ltr'>malint,</span> <span class='ocrx_word' id='word_1_22' title='bbox 1647 414 1784 459; x_wconf 74' lang='lat' dir='ltr'>eoque</span> <span class='ocrx_word' id='word_1_23' title='bbox 1821 415 2003 447; x_wconf 78' lang='lat' dir='ltr'>accessu</span> 
     </span>
     <span class='ocr_line' id='line_1_4' title="bbox 219 479 2003 535; baseline 0.004 -13"><span class='ocrx_word' id='word_1_24' title='bbox 219 482 421 535; x_wconf 85' lang='lat' dir='ltr'>peracto,</span> <span class='ocrx_word' id='word_1_25' title='bbox 458 479 701 524; x_wconf 83' lang='lat' dir='ltr'>schedulae</span> <span class='ocrx_word' id='word_1_26' title='bbox 735 494 896 524; x_wconf 90' lang='lat' dir='ltr'>omnes</span> <span class='ocrx_word' id='word_1_27' title='bbox 918 495 942 525; x_wconf 89' lang='lat' dir='ltr'>a</span> <span class='ocrx_word' id='word_1_28' title='bbox 968 480 1112 525; x_wconf 89' lang='lat' dir='ltr'>tribus</span> <span class='ocrx_word' id='word_1_29' title='bbox 1149 481 1249 526; x_wconf 89' lang='lat' dir='ltr'>aliis</span> <span class='ocrx_word' id='word_1_30' title='bbox 1272 483 1585 528; x_wconf 87' lang='lat' dir='ltr'>Cardinalibus</span> <span class='ocrx_word' id='word_1_31' title='bbox 1617 489 1738 528; x_wconf 82' lang='lat' dir='ltr'><strong>sorte</strong></span> <span class='ocrx_word' id='word_1_32' title='bbox 1771 484 1881 530; x_wconf 90' lang='lat' dir='ltr'>item</span> <span class='ocrx_word' id='word_1_33' title='bbox 1916 486 2003 530; x_wconf 89' lang='lat' dir='ltr'>ele-</span> 
     </span>
     <span class='ocr_line' id='line_1_5' title="bbox 219 559 1431 618; baseline 0.005 -15"><span class='ocrx_word' id='word_1_34' title='bbox 219 559 308 604; x_wconf 91' lang='lat' dir='ltr'>ctis</span> <span class='ocrx_word' id='word_1_35' title='bbox 340 565 735 618; x_wconf 79' lang='lat' dir='ltr'>recognoscuntur</span> <span class='ocrx_word' id='word_1_36' title='bbox 766 566 812 606; x_wconf 88' lang='lat' dir='ltr'>et</span> <span class='ocrx_word' id='word_1_37' title='bbox 844 562 1008 607; x_wconf 92' lang='lat' dir='ltr'>deinde</span> <span class='ocrx_word' id='word_1_38' title='bbox 1042 563 1378 608; x_wconf 90' lang='lat' dir='ltr'>comburuntur</span> <span class='ocrx_word' id='word_1_39' title='bbox 1403 566 1431 610; x_wconf 81' lang='lat'>¹.</span> 
     </span>
    </p>

    <p class='ocr_par' dir='ltr' id='par_1_3' title="bbox 341 640 1865 708">
     <span class='ocr_line' id='line_1_6' title="bbox 341 640 1865 708; baseline 0.005 -20"><span class='ocrx_word' id='word_1_40' title='bbox 341 640 567 689; x_wconf 87' lang='lat' dir='ltr'>Scrutinia</span> <span class='ocrx_word' id='word_1_41' title='bbox 603 646 747 690; x_wconf 92' lang='lat' dir='ltr'>donec</span> <span class='ocrx_word' id='word_1_42' title='bbox 782 646 945 691; x_wconf 82' lang='lat' dir='ltr'>electio</span> <span class='ocrx_word' id='word_1_43' title='bbox 980 648 1181 704; x_wconf 83' lang='lat' dir='ltr'>perfecta</span> <span class='ocrx_word' id='word_1_44' title='bbox 1215 649 1273 692; x_wconf 88' lang='lat' dir='ltr'>sit</span> <span class='ocrx_word' id='word_1_45' title='bbox 1306 648 1373 693; x_wconf 88' lang='lat' dir='ltr'>bis</span> <span class='ocrx_word' id='word_1_46' title='bbox 1405 649 1607 708; x_wconf 86' lang='lat' dir='ltr'>quolibet</span> <span class='ocrx_word' id='word_1_47' title='bbox 1638 650 1710 694; x_wconf 93' lang='lat' dir='ltr'>die</span> <span class='ocrx_word' id='word_1_48' title='bbox 1734 651 1865 695; x_wconf 82' lang='lat' dir='ltr'>liunt.</span> 
     </span>
    </p>

    <p class='ocr_par' dir='ltr' id='par_1_4' title="bbox 220 728 2000 869">
     <span class='ocr_line' id='line_1_7' title="bbox 338 728 2000 791; baseline 0.005 -20"><span class='ocrx_word' id='word_1_49' title='bbox 338 728 422 780; x_wconf 81' lang='lat' dir='ltr'>Qui</span> <span class='ocrx_word' id='word_1_50' title='bbox 459 731 539 773; x_wconf 80' lang='lat' dir='ltr'>llas</span> <span class='ocrx_word' id='word_1_51' title='bbox 573 729 692 786; x_wconf 83' lang='lat' dir='ltr'>leges</span> <span class='ocrx_word' id='word_1_52' title='bbox 725 730 977 787; x_wconf 77' lang='lat' dir='ltr'>infregerit,</span> <span class='ocrx_word' id='word_1_53' title='bbox 1016 734 1096 774; x_wconf 90' lang='lat' dir='ltr'>aut</span> <span class='ocrx_word' id='word_1_54' title='bbox 1129 731 1183 775; x_wconf 91' lang='lat' dir='ltr'>de</span> <span class='ocrx_word' id='word_1_55' title='bbox 1223 730 1276 775; x_wconf 87' lang='lat' dir='ltr'>iis</span> <span class='ocrx_word' id='word_1_56' title='bbox 1312 746 1429 791; x_wconf 89' lang='lat' dir='ltr'>quae</span> <span class='ocrx_word' id='word_1_57' title='bbox 1467 737 1593 790; x_wconf 85' lang='lat' dir='ltr'>gesta</span> <span class='ocrx_word' id='word_1_58' title='bbox 1632 738 1739 778; x_wconf 87' lang='lat' dir='ltr'>sunt</span> <span class='ocrx_word' id='word_1_59' title='bbox 1773 739 2000 779; x_wconf 83' lang='lat' dir='ltr'>secretum</span> 
     </span>
     <span class='ocr_line' id='line_1_8' title="bbox 220 810 1559 869; baseline 0.002 -15"><span class='ocrx_word' id='word_1_60' title='bbox 220 810 421 866; x_wconf 81' lang='lat' dir='ltr'>violarit,</span> <span class='ocrx_word' id='word_1_61' title='bbox 459 813 553 869; x_wconf 81' lang='lat' dir='ltr'>ipso</span> <span class='ocrx_word' id='word_1_62' title='bbox 587 813 709 856; x_wconf 78' lang='lat' dir='ltr'>facto</span> <span class='ocrx_word' id='word_1_63' title='bbox 732 812 778 856; x_wconf 93' lang='lat' dir='ltr'>in</span> <span class='ocrx_word' id='word_1_64' title='bbox 813 812 1348 858; x_wconf 81' lang='lat' dir='ltr'>excommunicationem</span> <span class='ocrx_word' id='word_1_65' title='bbox 1384 813 1559 859; x_wconf 84' lang='lat' dir='ltr'>incidit.</span> 
     </span>
    </p>

    <p class='ocr_par' dir='ltr' id='par_1_5' title="bbox 218 894 2003 1189">
     <span class='ocr_line' id='line_1_9' title="bbox 342 894 2001 952; baseline 0.003 -14"><span class='ocrx_word' id='word_1_66' title='bbox 342 895 407 938; x_wconf 83' lang='lat'>19.</span> <span class='ocrx_word' id='word_1_67' title='bbox 451 896 629 939; x_wconf 83' lang='lat' dir='ltr'>Electus</span> <span class='ocrx_word' id='word_1_68' title='bbox 668 899 824 939; x_wconf 90' lang='lat' dir='ltr'>autem</span> <span class='ocrx_word' id='word_1_69' title='bbox 859 894 1069 939; x_wconf 84' lang='lat' dir='ltr'>Pontifex</span> <span class='ocrx_word' id='word_1_70' title='bbox 1110 895 1277 939; x_wconf 90' lang='lat' dir='ltr'>nullius</span> <span class='ocrx_word' id='word_1_71' title='bbox 1320 895 1492 952; x_wconf 76' lang='lat' dir='ltr'>indiget</span> <span class='ocrx_word' id='word_1_72' title='bbox 1533 897 1884 943; x_wconf 75' lang='lat' dir='ltr'>confirmatione</span> <span class='ocrx_word' id='word_1_73' title='bbox 1935 899 2001 943; x_wconf 90' lang='lat' dir='ltr'>uti</span> 
     </span>
     <span class='ocr_line' id='line_1_10' title="bbox 220 977 2003 1040; baseline 0.003 -19"><span class='ocrx_word' id='word_1_74' title='bbox 220 982 360 1035; x_wconf 81' lang='lat' dir='ltr'>patet3</span> <span class='ocrx_word' id='word_1_75' title='bbox 398 977 433 1021; x_wconf 90' lang='lat' dir='ltr'>si</span> <span class='ocrx_word' id='word_1_76' title='bbox 468 982 623 1022; x_wconf 86' lang='lat' dir='ltr'>autem</span> <span class='ocrx_word' id='word_1_77' title='bbox 658 991 819 1023; x_wconf 88' lang='lat' dir='ltr'>omnes</span> <span class='ocrx_word' id='word_1_78' title='bbox 842 978 1025 1023; x_wconf 79' lang='lat' dir='ltr'>ordines</span> <span class='ocrx_word' id='word_1_79' title='bbox 1048 991 1201 1023; x_wconf 87' lang='lat' dir='ltr'>sacros</span> <span class='ocrx_word' id='word_1_80' title='bbox 1234 993 1324 1023; x_wconf 88' lang='lat' dir='ltr'>non</span> <span class='ocrx_word' id='word_1_81' title='bbox 1362 980 1542 1035; x_wconf 83' lang='lat' dir='ltr'>habeat,</span> <span class='ocrx_word' id='word_1_82' title='bbox 1569 981 1635 1025; x_wconf 90' lang='lat' dir='ltr'>uti</span> <span class='ocrx_word' id='word_1_83' title='bbox 1659 995 1732 1025; x_wconf 84' lang='lat' dir='ltr'>ex.</span> <span class='ocrx_word' id='word_1_84' title='bbox 1758 995 1823 1039; x_wconf 84' lang='lat' dir='ltr'>gr.</span> <span class='ocrx_word' id='word_1_85' title='bbox 1849 983 1882 1026; x_wconf 91' lang='lat' dir='ltr'>si</span> <span class='ocrx_word' id='word_1_86' title='bbox 1906 982 2003 1040; x_wconf 86' lang='lat' dir='ltr'>Epi-</span> 
     </span>
     <span class='ocr_line' id='line_1_11' title="bbox 218 1061 2003 1124; baseline 0.003 -19"><span class='ocrx_word' id='word_1_87' title='bbox 218 1074 381 1118; x_wconf 81' lang='lat' dir='ltr'>scopus</span> <span class='ocrx_word' id='word_1_88' title='bbox 410 1075 501 1106; x_wconf 92' lang='lat' dir='ltr'>non</span> <span class='ocrx_word' id='word_1_89' title='bbox 536 1061 611 1116; x_wconf 87' lang='lat' dir='ltr'>sit,</span> <span class='ocrx_word' id='word_1_90' title='bbox 638 1068 971 1115; x_wconf 55' lang='lat' dir='ltr'>consecratum</span> <span class='ocrx_word' id='word_1_91' title='bbox 1005 1066 1050 1105; x_wconf 83' lang='lat' dir='ltr'>et</span> <span class='ocrx_word' id='word_1_92' title='bbox 1076 1062 1144 1105; x_wconf 68' lang='lat' dir='ltr'>vis</span> <span class='ocrx_word' id='word_1_93' title='bbox 1176 1062 1537 1107; x_wconf 85' lang='lat' dir='ltr'>consecrationis</span> <span class='ocrx_word' id='word_1_94' title='bbox 1559 1068 1627 1108; x_wconf 89' lang='lat' dir='ltr'>est</span> <span class='ocrx_word' id='word_1_95' title='bbox 1650 1068 1700 1107; x_wconf 87' lang='lat' dir='ltr'>ut</span> <span class='ocrx_word' id='word_1_96' title='bbox 1722 1065 1895 1110; x_wconf 88' lang='lat' dir='ltr'>ordinis</span> <span class='ocrx_word' id='word_1_97' title='bbox 1929 1080 2003 1124; x_wconf 90' lang='lat' dir='ltr'>po-</span> 
     </span>
     <span class='ocr_line' id='line_1_12' title="bbox 222 1145 691 1189; baseline 0 -1"><span class='ocrx_word' id='word_1_98' title='bbox 222 1149 434 1189; x_wconf 78' lang='lat' dir='ltr'>testatem</span> <span class='ocrx_word' id='word_1_99' title='bbox 470 1145 691 1189; x_wconf 82' lang='lat' dir='ltr'>obtineat.</span> 
     </span>
    </p>

    <p class='ocr_par' dir='ltr' id='par_1_6' title="bbox 219 1224 2000 1520">
     <span class='ocr_line' id='line_1_13' title="bbox 338 1224 1998 1288; baseline 0.002 -15"><span class='ocrx_word' id='word_1_100' title='bbox 338 1230 539 1273; x_wconf 79' lang='lat' dir='ltr'>Tandem</span> <span class='ocrx_word' id='word_1_101' title='bbox 574 1230 628 1273; x_wconf 90' lang='lat' dir='ltr'>ad</span> <span class='ocrx_word' id='word_1_102' title='bbox 662 1229 911 1288; x_wconf 86' lang='lat' dir='ltr'>quamdam</span> <span class='ocrx_word' id='word_1_103' title='bbox 946 1224 1587 1275; x_wconf 69' lang='lat' dir='ltr'>exterioremsOIcmnitatem</span> <span class='ocrx_word' id='word_1_104' title='bbox 1612 1238 1885 1275; x_wconf 77' lang='lat' dir='ltr'>coronatur.</span> <span class='ocrx_word' id='word_1_105' title='bbox 1922 1236 1998 1276; x_wconf 90' lang='lat' dir='ltr'>Ce-</span> 
     </span>
     <span class='ocr_line' id='line_1_14' title="bbox 219 1311 1998 1372; baseline 0.002 -17"><span class='ocrx_word' id='word_1_106' title='bbox 219 1315 369 1356; x_wconf 90' lang='lat' dir='ltr'>terum</span> <span class='ocrx_word' id='word_1_107' title='bbox 404 1317 455 1356; x_wconf 88' lang='lat' dir='ltr'>ut</span> <span class='ocrx_word' id='word_1_108' title='bbox 490 1316 614 1370; x_wconf 87' lang='lat' dir='ltr'>patet</span> <span class='ocrx_word' id='word_1_109' title='bbox 647 1311 838 1356; x_wconf 92' lang='lat' dir='ltr'>omnino</span> <span class='ocrx_word' id='word_1_110' title='bbox 867 1315 995 1356; x_wconf 84' lang='lat' dir='ltr'>Rom.</span> <span class='ocrx_word' id='word_1_111' title='bbox 1036 1311 1329 1355; x_wconf 81' lang='lat' dir='ltr'>Pontificibus</span> <span class='ocrx_word' id='word_1_112' title='bbox 1362 1311 1556 1356; x_wconf 86' lang='lat' dir='ltr'>liberum</span> <span class='ocrx_word' id='word_1_113' title='bbox 1589 1317 1656 1357; x_wconf 91' lang='lat' dir='ltr'>est</span> <span class='ocrx_word' id='word_1_114' title='bbox 1690 1312 1756 1356; x_wconf 90' lang='lat' dir='ltr'>uti</span> <span class='ocrx_word' id='word_1_115' title='bbox 1790 1313 1998 1372; x_wconf 88' lang='lat' dir='ltr'>accipere</span> 
     </span>
     <span class='ocr_line' id='line_1_15' title="bbox 220 1394 2000 1453; baseline 0.002 -16"><span class='ocrx_word' id='word_1_116' title='bbox 220 1394 280 1438; x_wconf 89' lang='lat' dir='ltr'>ita</span> <span class='ocrx_word' id='word_1_117' title='bbox 323 1394 462 1439; x_wconf 89' lang='lat' dir='ltr'>etiam</span> <span class='ocrx_word' id='word_1_118' title='bbox 500 1398 741 1439; x_wconf 88' lang='lat' dir='ltr'>Summum</span> <span class='ocrx_word' id='word_1_119' title='bbox 778 1394 1101 1439; x_wconf 84' lang='lat' dir='ltr'>Pontificatum</span> <span class='ocrx_word' id='word_1_120' title='bbox 1134 1394 1388 1450; x_wconf 81' lang='lat' dir='ltr'>dimittere;</span> <span class='ocrx_word' id='word_1_121' title='bbox 1425 1395 1636 1453; x_wconf 75' lang='lat' dir='ltr'>exemplo</span> <span class='ocrx_word' id='word_1_122' title='bbox 1684 1395 1742 1439; x_wconf 87' lang='lat' dir='ltr'>sit</span> <span class='ocrx_word' id='word_1_123' title='bbox 1789 1396 2000 1441; x_wconf 88' lang='lat' dir='ltr'>Caelesti-</span> 
     </span>
     <span class='ocr_line' id='line_1_16' title="bbox 220 1479 389 1520; baseline 0 0"><span class='ocrx_word' id='word_1_124' title='bbox 220 1490 305 1520; x_wconf 91' lang='lat' dir='ltr'>nus</span> <span class='ocrx_word' id='word_1_125' title='bbox 343 1479 389 1520; x_wconf 90' lang='lat' dir='ltr'>V.</span> 
     </span>
    </p>
   </div>
   <div class='ocr_carea' id='block_1_3' title="bbox 949 1644 1258 1673">
    <p class='ocr_par' dir='ltr' id='par_1_7' title="bbox 949 1644 1258 1673">
     <span class='ocr_line' id='line_1_17' title="bbox 949 1644 1258 1673; baseline 0.003 -1"><span class='ocrx_word' id='word_1_126' title='bbox 949 1644 1180 1673; x_wconf 74' lang='lat' dir='ltr'>ARTlCULUS</span> <span class='ocrx_word' id='word_1_127' title='bbox 1214 1644 1258 1673; x_wconf 85' lang='lat'>11.</span> 
     </span>
    </p>
   </div>
   <div class='ocr_carea' id='block_1_4' title="bbox 599 1761 1633 1888">
    <p class='ocr_par' dir='ltr' id='par_1_8' title="bbox 599 1761 1633 1888">
     <span class='ocr_line' id='line_1_18' title="bbox 599 1761 1633 1817; baseline 0.002 -15"><span class='ocrx_word' id='word_1_128' title='bbox 599 1761 830 1813; x_wconf 62' lang='lat' dir='ltr'>Quomodo</span> <span class='ocrx_word' id='word_1_129' title='bbox 874 1762 1108 1817; x_wconf 68' lang='lat' dir='ltr'>Episcopis</span> <span class='ocrx_word' id='word_1_130' title='bbox 1150 1774 1205 1804; x_wconf 76' lang='lat' dir='ltr'>dr</span> <span class='ocrx_word' id='word_1_131' title='bbox 1249 1761 1356 1804; x_wconf 67' lang='lat' dir='ltr'>aliis</span> <span class='ocrx_word' id='word_1_132' title='bbox 1401 1761 1633 1805; x_wconf 50' lang='lat' dir='ltr'>Praelatio*</span> 
     </span>
     <span class='ocr_line' id='line_1_19' title="bbox 634 1843 1574 1888; baseline -0.002 0"><span class='ocrx_word' id='word_1_133' title='bbox 634 1844 892 1888; x_wconf 70' lang='lat' dir='ltr'>iurisdicle&#39;o</span> <span class='ocrx_word' id='word_1_134' title='bbox 916 1844 1221 1888; x_wconf 70' lang='lat' dir='ltr'>ecclesiastica</span> <span class='ocrx_word' id='word_1_135' title='bbox 1244 1843 1574 1888; x_wconf 70' lang='lat' dir='ltr'>demandetur.</span> 
     </span>
    </p>
   </div>
   <div class='ocr_carea' id='block_1_5' title="bbox 215 1972 2000 2198">
    <p class='ocr_par' dir='ltr' id='par_1_9' title="bbox 215 1972 2000 2198">
     <span class='ocr_line' id='line_1_20' title="bbox 334 1972 1991 2030; baseline -0.001 -12"><span class='ocrx_word' id='word_1_136' title='bbox 334 1974 405 2018; x_wconf 71' lang='grc' dir='ltr'>ΞΟ.</span> <span class='ocrx_word' id='word_1_137' title='bbox 444 1972 698 2018; x_wconf 88' lang='lat' dir='ltr'>lurisdictio</span> <span class='ocrx_word' id='word_1_138' title='bbox 731 1973 1042 2018; x_wconf 86' lang='lat' dir='ltr'>ecclesiastica</span> <span class='ocrx_word' id='word_1_139' title='bbox 1077 1973 1383 2018; x_wconf 86' lang='lat' dir='ltr'>demandatur</span> <span class='ocrx_word' id='word_1_140' title='bbox 1423 1974 1638 2018; x_wconf 68' lang='lat' dir='ltr'>electione</span> <span class='ocrx_word' id='word_1_141' title='bbox 1681 1974 1752 2018; x_wconf 88' lang='lat' dir='ltr'>vel</span> <span class='ocrx_word' id='word_1_142' title='bbox 1791 1974 1991 2030; x_wconf 75' lang='lat' dir='ltr'>postula-</span> 
     </span>
     <span class='ocr_line' id='line_1_21' title="bbox 217 2055 2000 2115; baseline -0.001 -15"><span class='ocrx_word' id='word_1_143' title='bbox 217 2058 339 2100; x_wconf 75' lang='lat' dir='ltr'>tione</span> <span class='ocrx_word' id='word_1_144' title='bbox 377 2056 626 2100; x_wconf 84' lang='lat' dir='ltr'>accedente</span> <span class='ocrx_word' id='word_1_145' title='bbox 678 2058 1038 2115; x_wconf 74' lang='lat' dir='ltr'>confirmatione</span> <span class='ocrx_word' id='word_1_146' title='bbox 1080 2060 1124 2100; x_wconf 91' lang='lat' dir='ltr'>et</span> <span class='ocrx_word' id='word_1_147' title='bbox 1169 2055 1309 2100; x_wconf 90' lang='lat' dir='ltr'>etiam</span> <span class='ocrx_word' id='word_1_148' title='bbox 1356 2059 1723 2111; x_wconf 64' lang='lat' dir='ltr'>consecratione,</span> <span class='ocrx_word' id='word_1_149' title='bbox 1769 2056 1805 2100; x_wconf 91' lang='lat' dir='ltr'>si</span> <span class='ocrx_word' id='word_1_150' title='bbox 1852 2057 1906 2100; x_wconf 91' lang='lat' dir='ltr'>de</span> <span class='ocrx_word' id='word_1_151' title='bbox 1947 2055 2000 2100; x_wconf 89' lang='lat' dir='ltr'>iis</span> 
     </span>
     <span class='ocr_line' id='line_1_22' title="bbox 215 2139 1396 2198; baseline 0 -16"><span class='ocrx_word' id='word_1_152' title='bbox 215 2143 377 2196; x_wconf 79' lang='lat' dir='ltr'>agatur</span> <span class='ocrx_word' id='word_1_153' title='bbox 408 2153 526 2198; x_wconf 90' lang='lat' dir='ltr'>quae</span> <span class='ocrx_word' id='word_1_154' title='bbox 559 2139 732 2183; x_wconf 88' lang='lat' dir='ltr'>ordinis</span> <span class='ocrx_word' id='word_1_155' title='bbox 771 2143 1046 2198; x_wconf 86' lang='lat' dir='ltr'>potestatem</span> <span class='ocrx_word' id='word_1_156' title='bbox 1082 2141 1396 2198; x_wconf 80' lang='lat' dir='ltr'>praeexigunt.</span> 
     </span>
    </p>
   </div>
   <div class='ocr_carea' id='block_1_6' title="bbox 879 2290 1339 2336">
    <p class='ocr_par' dir='ltr' id='par_1_10' title="bbox 879 2290 1339 2336">
     <span class='ocr_line' id='line_1_23' title="bbox 879 2290 1339 2336; baseline 0 -10"><span class='ocrx_word' id='word_1_157' title='bbox 879 2290 896 2336; x_wconf 59' lang='grc' dir='ltr'><strong>ξ</strong></span> <span class='ocrx_word' id='word_1_158' title='bbox 924 2291 954 2326; x_wconf 95' lang='grc'>1.</span> <span class='ocrx_word' id='word_1_159' title='bbox 984 2311 1024 2315; x_wconf 88' lang='grc'>-</span> <span class='ocrx_word' id='word_1_160' title='bbox 1053 2291 1112 2326; x_wconf 86' lang='lat' dir='ltr'>De</span> <span class='ocrx_word' id='word_1_161' title='bbox 1140 2291 1339 2327; x_wconf 80' lang='lat' dir='ltr'>electione.</span> 
     </span>
    </p>
   </div>
   <div class='ocr_carea' id='block_1_7' title="bbox 214 2396 1997 2952">
    <p class='ocr_par' dir='ltr' id='par_1_11' title="bbox 214 2396 1997 2952">
     <span class='ocr_line' id='line_1_24' title="bbox 270 2396 1995 2456; baseline -0.001 -15"><span class='ocrx_word' id='word_1_162' title='bbox 270 2396 272 2398; x_wconf 77' lang='grc'><strong>’</strong></span> <span class='ocrx_word' id='word_1_163' title='bbox 335 2398 403 2441; x_wconf 74' lang='lat'>21.</span> <span class='ocrx_word' id='word_1_164' title='bbox 442 2401 488 2442; x_wconf 95' lang='lat' dir='ltr'>ln</span> <span class='ocrx_word' id='word_1_165' title='bbox 523 2397 748 2441; x_wconf 88' lang='lat' dir='ltr'>electione</span> <span class='ocrx_word' id='word_1_166' title='bbox 791 2396 1114 2455; x_wconf 82' lang='lat' dir='ltr'>Episcoporum</span> <span class='ocrx_word' id='word_1_167' title='bbox 1165 2396 1450 2456; x_wconf 86' lang='lat' dir='ltr'>aliorumque</span> <span class='ocrx_word' id='word_1_168' title='bbox 1501 2398 1805 2454; x_wconf 86' lang='lat' dir='ltr'>praelatorum</span> <span class='ocrx_word' id='word_1_169' title='bbox 1853 2397 1995 2441; x_wconf 88' lang='lat' dir='ltr'>etiam</span> 
     </span>
     <span class='ocr_line' id='line_1_25' title="bbox 214 2479 1996 2539; baseline 0.001 -15"><span class='ocrx_word' id='word_1_170' title='bbox 214 2479 422 2538; x_wconf 85' lang='lat' dir='ltr'>quaestio</span> <span class='ocrx_word' id='word_1_171' title='bbox 445 2482 565 2524; x_wconf 74' lang='lat' dir='ltr'>iaris</span> <span class='ocrx_word' id='word_1_172' title='bbox 588 2495 612 2524; x_wconf 90' lang='lat' dir='ltr'>a</span> <span class='ocrx_word' id='word_1_173' title='bbox 646 2481 915 2539; x_wconf 87' lang='lat' dir='ltr'>quaestione</span> <span class='ocrx_word' id='word_1_174' title='bbox 949 2480 1068 2537; x_wconf 74' lang='lat' dir='ltr'>facti</span> <span class='ocrx_word' id='word_1_175' title='bbox 1099 2481 1380 2525; x_wconf 88' lang='lat' dir='ltr'>secernenda</span> <span class='ocrx_word' id='word_1_176' title='bbox 1405 2486 1487 2524; x_wconf 89' lang='lat' dir='ltr'>est.</span> <span class='ocrx_word' id='word_1_177' title='bbox 1524 2481 1678 2534; x_wconf 86' lang='lat' dir='ltr'>Quoad</span> <span class='ocrx_word' id='word_1_178' title='bbox 1705 2480 1903 2538; x_wconf 90' lang='lat' dir='ltr'>primum</span> <span class='ocrx_word' id='word_1_179' title='bbox 1928 2480 1996 2525; x_wconf 90' lang='lat' dir='ltr'>ius</span> 
     </span>
     <span class='ocr_line' id='line_1_26' title="bbox 214 2562 1997 2621; baseline 0 -14"><span class='ocrx_word' id='word_1_180' title='bbox 214 2562 410 2619; x_wconf 82' lang='lat' dir='ltr'>eligendi</span> <span class='ocrx_word' id='word_1_181' title='bbox 444 2562 674 2607; x_wconf 88' lang='lat' dir='ltr'>Praelatos</span> <span class='ocrx_word' id='word_1_182' title='bbox 706 2564 846 2607; x_wconf 88' lang='lat' dir='ltr'>ctiam</span> <span class='ocrx_word' id='word_1_183' title='bbox 885 2562 1126 2621; x_wconf 84' lang='lat' dir='ltr'>Episcopos</span> <span class='ocrx_word' id='word_1_184' title='bbox 1160 2566 1262 2607; x_wconf 79' lang='lat' dir='ltr'>iure</span> <span class='ocrx_word' id='word_1_185' title='bbox 1290 2566 1484 2621; x_wconf 75' lang='lat' dir='ltr'>proprio</span> <span class='ocrx_word' id='word_1_186' title='bbox 1515 2570 1556 2607; x_wconf 79' lang='lat' dir='ltr'>ec</span> <span class='ocrx_word' id='word_1_187' title='bbox 1587 2565 1853 2621; x_wconf 64' lang='lat' dir='ltr'>originario</span> <span class='ocrx_word' id='word_1_188' title='bbox 1883 2577 1997 2608; x_wconf 91' lang='lat' dir='ltr'>non-</span> 
     </span>
     <span class='ocr_line' id='line_1_27' title="bbox 216 2644 1995 2704; baseline 0.001 -15"><span class='ocrx_word' id='word_1_189' title='bbox 216 2644 302 2690; x_wconf 90' lang='lat' dir='ltr'>nisi</span> <span class='ocrx_word' id='word_1_190' title='bbox 335 2646 392 2689; x_wconf 90' lang='lat' dir='ltr'>ad</span> <span class='ocrx_word' id='word_1_191' title='bbox 426 2648 477 2688; x_wconf 84' lang='lat' dir='ltr'>R.</span> <span class='ocrx_word' id='word_1_192' title='bbox 517 2645 784 2689; x_wconf 88' lang='lat' dir='ltr'>Pontilicem</span> <span class='ocrx_word' id='word_1_193' title='bbox 820 2645 1050 2703; x_wconf 85' lang='lat' dir='ltr'>pertinere</span> <span class='ocrx_word' id='word_1_194' title='bbox 1085 2650 1245 2703; x_wconf 87' lang='lat' dir='ltr'>potest.</span> <span class='ocrx_word' id='word_1_195' title='bbox 1282 2646 1462 2690; x_wconf 77' lang='lat' dir='ltr'>Etenim</span> <span class='ocrx_word' id='word_1_196' title='bbox 1485 2644 1717 2704; x_wconf 81' lang='lat' dir='ltr'>quodlibet</span> <span class='ocrx_word' id='word_1_197' title='bbox 1739 2645 1808 2690; x_wconf 86' lang='lat' dir='ltr'>ius</span> <span class='ocrx_word' id='word_1_198' title='bbox 1841 2645 1886 2690; x_wconf 91' lang='lat' dir='ltr'>in</span> <span class='ocrx_word' id='word_1_199' title='bbox 1918 2649 1995 2690; x_wconf 84' lang='lat' dir='ltr'>Ec·</span> 
     </span>
     <span class='ocr_line' id='line_1_28' title="bbox 214 2727 1994 2773; baseline 0.001 -2"><span class='ocrx_word' id='word_1_200' title='bbox 214 2727 351 2772; x_wconf 87' lang='lat' dir='ltr'>clesia</span> <span class='ocrx_word' id='word_1_201' title='bbox 397 2727 470 2772; x_wconf 89' lang='lat' dir='ltr'>vel</span> <span class='ocrx_word' id='word_1_202' title='bbox 514 2727 780 2772; x_wconf 85' lang='lat' dir='ltr'>vindicatur</span> <span class='ocrx_word' id='word_1_203' title='bbox 818 2728 916 2773; x_wconf 87' lang='lat' dir='ltr'>iure</span> <span class='ocrx_word' id='word_1_204' title='bbox 956 2729 1116 2773; x_wconf 88' lang='lat' dir='ltr'>divino</span> <span class='ocrx_word' id='word_1_205' title='bbox 1151 2729 1220 2773; x_wconf 89' lang='lat' dir='ltr'>vel</span> <span class='ocrx_word' id='word_1_206' title='bbox 1259 2728 1354 2773; x_wconf 90' lang='lat' dir='ltr'>iure</span> <span class='ocrx_word' id='word_1_207' title='bbox 1402 2728 1726 2773; x_wconf 86' lang='lat' dir='ltr'>ecclesiastico.</span> <span class='ocrx_word' id='word_1_208' title='bbox 1787 2732 1994 2773; x_wconf 83' lang='lat' dir='ltr'>lamvero</span> 
     </span>
     <span class='ocr_line' id='line_1_29' title="bbox 214 2811 1993 2870; baseline 0 -14"><span class='ocrx_word' id='word_1_209' title='bbox 214 2813 336 2856; x_wconf 90' lang='lat' dir='ltr'>solus</span> <span class='ocrx_word' id='word_1_210' title='bbox 371 2815 419 2856; x_wconf 81' lang='lat' dir='ltr'>R.</span> <span class='ocrx_word' id='word_1_211' title='bbox 459 2812 671 2857; x_wconf 81' lang='lat' dir='ltr'>Pontifex</span> <span class='ocrx_word' id='word_1_212' title='bbox 705 2812 945 2857; x_wconf 86' lang='lat' dir='ltr'>electionis</span> <span class='ocrx_word' id='word_1_213' title='bbox 977 2813 1047 2859; x_wconf 87' lang='lat' dir='ltr'>ius</span> <span class='ocrx_word' id='word_1_214' title='bbox 1079 2815 1184 2857; x_wconf 74' lang='lat' dir='ltr'>iure</span> <span class='ocrx_word' id='word_1_215' title='bbox 1216 2814 1374 2857; x_wconf 78' lang='lat' dir='ltr'>divino</span> <span class='ocrx_word' id='word_1_216' title='bbox 1407 2812 1492 2857; x_wconf 88' lang='lat' dir='ltr'>sibi</span> <span class='ocrx_word' id='word_1_217' title='bbox 1525 2811 1750 2867; x_wconf 72' lang='lat' dir='ltr'>vindicat,</span> <span class='ocrx_word' id='word_1_218' title='bbox 1776 2816 1822 2857; x_wconf 88' lang='lat' dir='ltr'>et</span> <span class='ocrx_word' id='word_1_219' title='bbox 1848 2811 1885 2856; x_wconf 90' lang='lat' dir='ltr'>si</span> <span class='ocrx_word' id='word_1_220' title='bbox 1909 2811 1993 2870; x_wconf 89' lang='lat' dir='ltr'>ipsi</span> 
     </span>
     <span class='ocr_line' id='line_1_30' title="bbox 217 2893 1990 2952; baseline 0.001 -14"><span class='ocrx_word' id='word_1_221' title='bbox 217 2893 421 2952; x_wconf 85' lang='lat' dir='ltr'>Episcopi</span> <span class='ocrx_word' id='word_1_222' title='bbox 457 2894 554 2938; x_wconf 87' lang='lat' dir='ltr'>iure</span> <span class='ocrx_word' id='word_1_223' title='bbox 577 2894 736 2940; x_wconf 88' lang='lat' dir='ltr'>divino</span> <span class='ocrx_word' id='word_1_224' title='bbox 762 2899 811 2939; x_wconf 86' lang='lat' dir='ltr'>R.</span> <span class='ocrx_word' id='word_1_225' title='bbox 843 2894 1048 2940; x_wconf 88' lang='lat' dir='ltr'>Pontifici</span> <span class='ocrx_word' id='word_1_226' title='bbox 1082 2895 1284 2939; x_wconf 87' lang='lat' dir='ltr'>subdunt</span> <span class='ocrx_word' id='word_1_227' title='bbox 1307 2895 1354 2939; x_wconf 91' lang='lat' dir='ltr'>in</span> <span class='ocrx_word' id='word_1_228' title='bbox 1378 2895 1692 2941; x_wconf 87' lang='lat' dir='ltr'>iurisdictione</span> <span class='ocrx_word' id='word_1_229' title='bbox 1716 2895 1990 2951; x_wconf 82' lang='lat' dir='ltr'>exercenda,</span> 
     </span>
    </p>
   </div>
   <div class='ocr_carea' id='block_1_8' title="bbox 339 3062 905 3101">
    <p class='ocr_par' dir='ltr' id='par_1_12' title="bbox 339 3062 905 3101">
     <span class='ocr_line' id='line_1_31' title="bbox 339 3062 905 3101; baseline 0.004 -4"><span class='ocrx_word' id='word_1_230' title='bbox 339 3063 347 3082; x_wconf 84' lang='lat'><strong>¹</strong></span> <span class='ocrx_word' id='word_1_231' title='bbox 378 3062 470 3098; x_wconf 87' lang='lat' dir='ltr'>Vide</span> <span class='ocrx_word' id='word_1_232' title='bbox 500 3063 650 3101; x_wconf 80' lang='lat' dir='ltr'>inferius</span> <span class='ocrx_word' id='word_1_233' title='bbox 677 3064 719 3100; x_wconf 80' lang='lat' dir='ltr'>de</span> <span class='ocrx_word' id='word_1_234' title='bbox 744 3074 905 3100; x_wconf 79' lang='lat' dir='ltr'>accessu.</span> 
     </span>
    </p>
   </div>
  </div>
 </body>
</html>
