2176 3386
764 189 895 219 nnn-:R
923 189 950 217 ι.
982 172 1040 218 D'E
1069 189 1262 218 (zm-:mels
1827 179 1908 219 275

121 294 189 338 ius
219 297 290 339 est
322 294 587 338 procuratio
619 294 675 339 de
708 307 798 353 qua
831 307 942 338 mox
974 293 1150 339 dictum
1184 297 1267 339 est.
1304 294 1347 350 5)
1374 292 1506 338 Aliud
1538 298 1608 351 est
1638 298 1801 353 quarta
1833 294 1907 339 de-

119 375 346 421 cimarum
379 376 453 421 vel
485 390 602 436 quae
636 376 976 421 consuetudine
1008 375 1197 421 delinita
1229 379 1315 432 est,
1349 376 1470 436 quod
1513 380 1670 422 tamen
1714 378 1908 436 vectigal

119 458 321 517 pluribus
344 459 391 503 in
417 459 528 503 locis
550 458 791 505 obsolevit.
831 460 875 514 4)
903 458 1034 504 Aliud
1067 463 1136 504 est
1161 463 1324 518 quarta
1348 459 1646 515 funeralium,
1669 474 1786 519 quae
1810 475 1908 520 por-

119 541 184 586 tio
216 541 440 586 canonica
473 541 745 600 appellatur,
783 555 862 586 seu
896 555 999 600 pars
1020 546 1184 601 quarta
1211 543 1280 586 vel
1304 556 1421 601 quae
1444 543 1778 588 consuetudine
1801 558 1908 589 con-

121 623 299 670 firmata
335 631 404 670 est
437 626 690 682 legatorum
725 630 771 670 et
803 625 1082 670 funeralium
1117 625 1400 671 oblationum
1426 640 1542 685 quae
1565 625 1683 670 fiunt
1704 627 1909 672 ecclesiis

120 713 166 753 et
197 709 307 754 locis
339 708 424 765 piis
459 709 676 767 Episcopo
711 708 950 764 subiectis,
985 709 1062 754 sed
1101 708 1325 753 eiusmodi
1365 723 1546 768 quoque
1587 710 1769 754 exactio
1812 711 1908 755 fere

119 791 285 850 ubique
317 791 556 836 obsolevit.

238 875 337 918 520.
379 873 780 919 Extraordinariae
834 873 1104 919 exactiones
1140 878 1271 919 sunt.-
1327 876 1365 931 l)
1411 874 1663 920 subsidium
1706 875 1907 921 caritati·

118 971 230 1002 vum
255 957 283 1001 i.
310 971 350 1001 e.
378 957 571 1015 vectigal
607 957 1048 1012 extraordinarium,
1082 957 1202 1016 quod
1241 957 1484 1015 Episcopus
1511 972 1535 1003 a
1559 958 1737 1003 clericis
1769 963 1906 1018 atque

119 1040 321 1086 ecclesiis
354 1040 435 1084 sibi
469 1040 687 1085 subiectis
719 1040 926 1085 caritatis
959 1040 1148 1085 nomine
1183 1040 1326 1098 exigit
1359 1040 1634 1087 necessitate
1671 1042 1799 1099 gravi
1834 1056 1907 1087 oc-

118 1127 350 1179 currente,
377 1123 424 1167 in
449 1137 538 1182 quo
561 1127 759 1182 quatuor
792 1123 1082 1168 conditiones
1109 1137 1384 1169 concurrere
1407 1125 1593 1180 debent,
1619 1139 1697 1170 seu
1722 1130 1773 1169 ut
1798 1140 1906 1170 vera

117 1206 234 1252 adsit
278 1206 527 1264 indigentia
558 1241 567 1261 ,
605 1210 656 1250 ut
687 1206 874 1264 capituli
910 1220 1162 1252 consensus
1196 1208 1442 1263 habeatur,
1479 1212 1529 1251 ut
1562 1209 1756 1266 pecunia
1790 1222 1906 1268 quae

118 1290 335 1348 exigitur,
360 1291 466 1334 licet
490 1289 616 1334 varia
650 1303 747 1335 esse
780 1291 944 1335 debeat
977 1305 1056 1349 pro
1091 1291 1218 1335 varia
1254 1292 1545 1347 necessitate,
1572 1297 1779 1337 attamen
1812 1307 1906 1337 mo-

120 1377 274 1421 derata
309 1389 488 1432 semper
521 1377 576 1419 sit
612 1389 760 1434 neque
793 1388 1011 1432 onerosa;
1047 1376 1244 1434 denique
1279 1380 1329 1419 ut
1361 1376 1418 1419 ab
1451 1375 1504 1420 iis
1537 1390 1630 1420 non
1675 1376 1904 1434 exigatur,

119 1459 195 1518 qui
222 1458 299 1502 vix
324 1459 496 1503 habent
521 1459 640 1502 unde
665 1462 987 1502 sustententur
1009 1459 1036 1502 ¹.
1074 1462 1123 1502 In
1149 1457 1298 1516 specie
1330 1458 1478 1517 quoad
1505 1460 1680 1503 [taliam
1706 1459 1827 1517 exigi
1850 1460 1908 1504 ab

122 1542 338 1600 Episcopo
373 1556 462 1586 non
494 1545 642 1599 potest
665 1541 751 1586 nisi
778 1541 824 1585 in
851 1541 997 1600 primo
1031 1541 1254 1600 ingressu,
1281 1541 1415 1600 idque
1440 1542 1484 1585 in
1511 1556 1561 1586 ea
1585 1555 1767 1586 summa
1790 1557 1906 1602 quae

117 1625 450 1670 consuetudine
485 1625 674 1669 delinita
709 1624 768 1669 sit
789 1624 819 1669 ‘·’.
857 1625 985 1669 I'nde
1020 1625 1070 1669 lit
1102 1630 1152 1669 ut
1187 1625 1460 1670 necessitate
1481 1629 1772 1681 occurrente,
1808 1627 1906 1671 abs-

117 1722 205 1767 que
240 1707 375 1752 venia
413 1707 699 1765 Apostolicae
734 1708 859 1752 Sedis
893 1708 1106 1765 imperari
1143 1713 1356 1767 nequeat.
1394 1710 1435 1764 2)
1466 1708 1559 1752 Alia
1604 1708 1786 1753 exactio
1828 1723 1906 1753 ex—

118 1791 420 1836 traordinaria
455 1795 524 1835 est
556 1805 734 1846 census,
770 1805 861 1850 quo
895 1793 1084 1835 nomine
1118 1790 1191 1835 hic
1226 1791 1498 1849 intelligitur
1529 1806 1646 1836 onus
1680 1792 1799 1837 reale
1833 1793 1907 1837 vel

118 1888 325 1918 annuum
351 1873 546 1932 vectigal
575 1873 631 1917 ab
657 1874 878 1932 Episcopo
912 1874 1117 1931 legitimo
1141 1879 1347 1932 tempore
1381 1874 1517 1918 alicui
1542 1875 1613 1933 pio
1641 1876 1740 1919 loco
1763 1875 1906 1934 impo-

119 1957 276 2011 situm,
302 1956 386 2001 sibi
410 1957 483 2002 vel
505 1957 604 2001 aliis
630 1957 921 2001 solvendum.
961 1956 1151 2002 Nonnisi
1186 1962 1342 2001 autem
1371 1957 1538 2015 duplici
1563 1962 1768 2016 tempore
1791 1958 1906 2003 eius-

120 2040 241 2085 modi
275 2053 439 2084 census
473 2040 647 2098 imponi
676 2044 849 2097 potest:
888 2043 932 2097 a)
970 2039 1015 2084 in
1050 2040 1399 2085 consecratione
1433 2040 1652 2086 ecclesiae
1697 2045 1908 2086 recenter

120 2123 355 2178 fundatae,
390 2123 640 2168 accedente
676 2123 857 2182 patroni
892 2137 1146 2180 consensu;
1183 2125 1222 2179 b)
1247 2137 1380 2179 cum,
1416 2128 1654 2169 annuente
1687 2124 1903 2181 capitulo,

122 2206 366 2264 Episcopus
398 2206 639 2251 ecclesiam
675 2206 758 2265 piis
792 2206 902 2252 locis
935 2207 1147 2252 concedit
1179 2221 1373 2266 eamque
1406 2208 1637 2252 subtrahit
1668 2222 1690 2252 a
1726 2221 1807 2252 sua
1840 2208 1905 2252 iu-

123 2289 398 2334 risdictione.
435 2289 513 2334 His
546 2290 807 2335 addendum
844 2294 928 2346 est,
959 2304 1148 2335 censum
1183 2292 1324 2335 semel
1347 2290 1613 2349 impositum
1636 2291 1791 2348 augeri
1811 2306 1905 2335 am-

122 2372 235 2431 plius
268 2388 361 2418 non
396 2386 540 2431 posse.

238 2538 248 2557 ¹
276 2538 310 2575 S.
337 2538 470 2584 Congr.
497 2539 607 2576 Cone.
635 2539 672 2575 in
699 2540 854 2577 Gerund.
882 2539 924 2604 17
952 2540 1058 2576 Febr.
1086 2540 1187 2577 1665.

238 2608 251 2626 ’
277 2608 406 2645 Innoc.
434 2609 497 2654 XI,
525 2610 610 2646 Litt.
635 2610 833 2647 Essendosz‘
859 2614 980 2653 avuto,
1007 2611 1029 2647 8
1056 2610 1133 2647 Oct.
1163 2610 1263 2646 1678.
