2176 3386
255 175 335 214 272
899 182 1008 211 PARS
1036 183 1061 210 1.
1097 182 1153 210 DE
1184 181 1396 211 pansoms

254 293 379 338 cultu
413 291 572 337 divino
605 305 658 336 ac
691 291 993 336 veneratione
1027 293 1300 336 Sanctorum
1335 289 1513 349 aliquae
1546 288 1894 347 superstitiones
1927 291 2037 334 irre-

257 375 430 434 pserint
462 379 508 420 et
538 389 670 435 quae.

374 461 441 503 De
476 460 764 504 Educatione
795 465 837 503 ec
870 460 1164 502 Institutione
1196 459 1462 501 inventutis.
1501 483 1557 488 —
1581 457 1651 500 55.
1680 455 2038 514 Significandum

256 556 314 587 an
349 541 521 587 sintin
556 542 772 587 Missione
807 542 988 586 scholae
1023 555 1102 599 pro
1136 539 1364 597 indigenis
1396 544 1495 583 tum
1532 538 1760 593 masculiS,
1788 544 1885 583 tum
1908 538 2036 584 femi-

258 624 344 679 nis,
381 629 428 669 et
459 639 518 669 an
553 624 783 669 sufficiant
815 623 1015 668 fidelium
1054 622 1169 667 filiis.
1207 649 1263 654 -
1297 623 1367 666 56.
1403 622 1566 664 Utrum
1590 620 1636 664 in
1663 620 1769 677 ipsis
1791 620 2036 665 admittan—

257 712 333 752 tur
363 708 505 752 etiam
541 708 619 752 filii
654 708 907 752 infidelium
942 707 1014 751 vel
1049 705 1405 764 protestantium
1438 709 1519 748 aut
1550 704 1967 759 schismaticorum,
1992 707 2039 747 et

255 791 419 851 quibus
450 791 657 846 cautelis,
694 805 751 835 ne
784 790 1121 836 Catholicorum
1159 788 1260 833 fidei
1296 802 1461 833 nocere
1496 788 1683 845 possint.
1722 813 1778 819 —
1800 787 1871 831 57.
1899 789 1967 832 An
1991 786 2037 831 in

258 875 524 920 memoratis
556 874 722 919 scholis
753 879 965 918 servetur
997 872 1261 918 omnimoda
1295 872 1520 930 separatio
1545 884 1789 929 puerorum
1813 884 1837 914 a
1862 870 2034 928 puellis.

255 986 313 991 —
346 959 416 1002 58.
454 958 627 1012 Quibus
659 958 831 1002 credita
866 957 923 1001 sit
958 955 1215 1001 iuventutis
1247 954 1492 999 institutio.
1533 981 1584 985 —
1620 955 1691 998 59.
1731 958 1796 998 An
1821 953 2037 997 adsitali-

255 1042 356 1101 quis
389 1042 631 1086 convictus
663 1054 742 1085 seu
776 1040 1022 1099 Collegium
1057 1039 1154 1084 sive
1196 1053 1275 1097 pro
1318 1037 1531 1082 masculis
1573 1036 1669 1081 sive
1715 1051 1792 1094 pro
1836 1035 2036 1092 feminis,

258 1131 413 1170 utrum
449 1125 494 1169 in
529 1139 583 1169 eo
618 1124 925 1170 admittantur
960 1122 1165 1167 infideles
1200 1122 1272 1166 vel
1310 1125 1616 1180 protestantes
1648 1125 1727 1163 aut
1759 1118 2038 1164 schismatici

257 1213 298 1252 el
333 1209 497 1268 quibus
530 1207 735 1252 cautelis.
772 1234 829 1239 —
862 1208 934 1251 40.
973 1210 1039 1251 An
1074 1205 1226 1250 adsint
1267 1205 1313 1249 in
1357 1204 1590 1249 vicariatu
1637 1203 1708 1246 vel
1751 1203 2039 1246 Praefectura

258 1292 445 1335 Scholae
481 1291 798 1336 Ministrorum
836 1289 1194 1334 l’rotestantium
1232 1288 1304 1331 vel
1339 1286 1525 1331 Scholae
1560 1298 1762 1344 paganae
1795 1289 1841 1328 et
1882 1290 2038 1328 utrum

255 1375 472 1420 Catholici
508 1388 584 1419 eas
617 1376 927 1433 frequentent.
980 1399 1037 1403 —
1079 1374 1150 1416 41.
1180 1375 1247 1416 An
1271 1371 1423 1415 adsint
1445 1368 1850 1428 orphanotrophia,
1875 1373 1921 1412 et
1942 1366 2039 1427 qui-

256 1457 339 1502 bus
371 1457 582 1502 subsidiis
614 1460 949 1502 sustententur.

376 1544 438 1584 De
469 1541 745 1599 quibasdam
777 1542 868 1596 piis
902 1540 1130 1582 Inslicaiis
1162 1536 1506 1595 diffundendae
1527 1535 1637 1593 fidei
1657 1533 1792 1578 valde
1824 1539 2038 1590 opporta-

258 1628 345 1670 nis.
383 1652 439 1656 —
473 1626 544 1668 42.
583 1625 743 1667 Utrum
777 1622 928 1667 adsint
960 1621 1164 1679 Hospitia
1199 1634 1278 1678 pro
1309 1617 1662 1664 Cathecumenis
1696 1617 1930 1675 utriusque
1972 1628 2038 1660 se-

257 1724 343 1755 xus
376 1715 421 1754 et
452 1709 680 1768 quomodo
713 1707 922 1752 ordinata
955 1705 1061 1750 sint.
1098 1731 1155 1736 —
1187 1706 1259 1749 45.
1296 1708 1421 1757 Quae
1455 1701 1754 1760 opportunior
1785 1700 1901 1745 ratio
1934 1713 2038 1744 cen-

257 1798 412 1838 seatur
444 1792 647 1837 adhiberi
685 1804 830 1850 posse,
867 1795 917 1833 ut
949 1789 1314 1836 Catechistarum
1358 1786 1587 1830 institutio
1634 1784 1777 1843 magis
1817 1784 1941 1828 utilis
1984 1784 2039 1828 ad

259 1877 529 1922 Missionum
563 1876 735 1919 bonum
771 1874 950 1918 evadat.
991 1899 1043 1904 —
1078 1873 1150 1916 44.
1189 1872 1351 1914 [trum
1384 1873 1590 1914 erectum
1630 1868 1687 1913 sit
1731 1868 1912 1927 aliquod
1953 1872 2039 1912 Ho-

256 1961 416 2019 spitale
459 1964 505 2004 et
536 1958 764 2018 quomodo
796 1955 1180 2002 administrentur
1214 1953 1415 1998 redditus
1451 1967 1528 2011 pro
1553 1952 1840 1997 infirmorum
1863 1956 2040 1995 susten-

258 2045 447 2090 tatione.

380 2131 441 2172 De
473 2127 614 2184 sestis,
651 2128 840 2171 ieianiis
872 2132 912 2169 ct
936 2125 1240 2169 abstinentiis,
1281 2147 1332 2153 —
1366 2122 1438 2165 45.
1465 2127 1702 2174 Quaenam
1727 2121 1841 2163 festa
1864 2118 1910 2162 in
1935 2117 2040 2163 Mis-

259 2213 386 2258 sione
420 2212 741 2265 observentur,
778 2213 824 2253 et
855 2222 914 2253 an
948 2208 1099 2267 aliqua
1134 2206 1329 2250 mutatio
1364 2205 1448 2249 hac
1482 2203 1528 2248 in
1565 2218 1609 2247 re
1645 2202 1839 2260 petenda
1888 2200 2040 2245 videa-

259 2300 338 2341 tur
369 2298 431 2341 ad.
458 2294 756 2340 obtinendam
791 2292 1011 2336 maiorem
1047 2289 1431 2334 uniformitatem.
1480 2314 1532 2318 —
1583 2288 1654 2331 46.
1692 2290 1817 2338 Quae
1851 2283 2037 2339 ieiunia,

258 2380 426 2440 quique
468 2377 775 2422 abstinentiae
816 2375 911 2419 dies
960 2378 1205 2418 serventur
1237 2372 1334 2416 sive
1369 2371 1424 2415 ab
1459 2369 1702 2427 Europaeis
1735 2367 1833 2412 sive
1866 2367 1923 2411 ab
1968 2370 2038 2411 In-

259 2463 452 2522 digenis,
488 2466 534 2506 et
566 2475 624 2505 an
657 2459 799 2504 etiam
834 2458 878 2502 in
916 2458 1000 2502 hoc
1034 2456 1202 2515 aliquid
1236 2454 1578 2499 immutandum
1611 2456 1841 2511 appareat.

380 2550 442 2591 De
479 2546 764 2589 Coemeteriis
795 2548 836 2586 et
870 2541 1144 2598 Sepaltaris.
1184 2565 1236 2570 —
1270 2539 1341 2582 47.
1382 2539 1538 2581 [trum
1587 2541 1634 2580 et
1671 2549 1786 2594 quae
1828 2532 2041 2592 supersti-

260 2630 410 2675 tiones
442 2628 488 2672 in
514 2626 753 2672 funeribus
776 2624 894 2684 apud
918 2623 1199 2669 Christianos
1223 2619 1519 2665 invaluerint.
1557 2645 1614 2651 ——
1645 2618 1717 2662 48.
1748 2621 1814 2662 An
1838 2615 2042 2660 existant

260 2712 544 2759 Coemeteria
577 2714 785 2767 separata
822 2722 899 2766 pro
933 2705 1219 2759 Christianis,
1255 2708 1301 2748 et
1332 2707 1560 2762 quatenus
1594 2701 1825 2759 negative,
1860 2713 1918 2743 an
1963 2697 2040 2742 ali-

260 2797 367 2858 quid
400 2796 456 2840 ad
490 2795 532 2839 id
566 2793 868 2838 obtinendum
902 2789 1073 2836 tentari
1108 2789 1276 2847 possit;
1316 2791 1550 2846 praeterea
1581 2800 1641 2830 an
1666 2785 1759 2830 sint
1778 2782 2036 2833 benedicta.

385 2882 444 2922 De
469 2879 886 2922 Sacranientoram
920 2873 1349 2918 administratione.
1386 2896 1439 2902 --
1474 2870 1547 2913 49.
1588 2866 1881 2926 Exprimatur
1911 2878 1971 2909 an
1994 2863 2040 2907 in

262 2961 539 3020 Baptismate
572 2957 936 3004 administrando
970 2958 1217 3000 serventur
1249 2951 1404 2997 omnia
1441 2949 1717 3009 praescripta
1742 2947 1935 2994 Ritualis
1959 2949 2041 2991 Ro·

262 3045 404 3091 mani.
441 3042 686 3102 Speciatim
720 3054 831 3086 vero
863 3053 922 3084 an
956 3038 1036 3083 fiat
1066 3036 1217 3096 aliqua
1249 3035 1414 3080 divisio
1446 3033 1859 3087 caeremoniarum,
1884 3035 1931 3076 et
1951 3043 2040 3090 quo
