2176 3386
188 222 273 262 336
845 231 954 261 PARS
983 233 1009 260 1.
1043 233 1099 261 DE
1129 230 1340 261 PERsole

193 339 294 386 {ieri
329 353 438 385 vero
469 340 620 396 debet,
655 340 690 384 si
725 339 862 385 iidem
895 339 1049 399 clerIci
1083 338 1357 384 beneficium
1382 338 1630 384 habeant².
1667 342 1730 383 Ea
1750 352 1858 384 vero
1881 335 1977 383 fieri

196 437 290 469 non
325 428 474 481 potest
505 424 655 480 quoad
688 424 978 482 presbyteros
1012 423 1135 467 nullo
1170 421 1391 467 beneficio
1424 427 1600 478 auctos,
1634 421 1712 482 qui
1749 422 1804 467 ad
1837 422 1981 467 eccle-

191 507 289 553 siae
322 507 583 563 servitium,
619 506 716 551 sive
760 506 911 551 eidem
960 505 1175 563 adscripti
1223 505 1468 564 aliquando
1515 503 1704 561 fuerint,
1754 504 1852 550 sive
1888 517 1980 550 non

194 590 297 649 cogi
332 594 570 650 nequeunt
602 589 701 634 sine
735 589 889 648 aliquo
925 587 1152 646 stipendio
1176 589 1207 633 ².
1245 589 1381 633 Secus
1417 602 1524 633 vero
1556 587 1803 633 dicendum
1836 589 1906 632 est
1928 586 1983 632 de

200 672 495 733 presbyteris,
530 673 606 732 qui
640 671 912 718 beneficium
949 672 1135 727 habent,
1170 671 1276 716 licet
1309 671 1416 715 illud
1452 685 1530 730 per
1551 684 1598 715 se
1622 670 1865 715 servitium
1889 683 1982 715 non

197 755 355 813 exigat
388 755 418 799 ³.
458 754 931 800 Animadvertendum
967 758 1036 798 est
1068 754 1188 813 quod
1220 754 1380 799 Clerici
1423 753 1645 799 eiusmodi
1675 753 1983 798 ministerium

195 839 527 894 detrectantes,
563 837 772 895 adIgendi
807 842 916 882 sunt
952 837 1124 895 poenis,
1167 851 1284 896 quae
1329 842 1483 881 tamen
1527 851 1618 882 non
1667 840 1856 895 possunt
1887 849 1984 880 esse

203 922 494 980 pecuniariae
518 921 549 964 ⁴.
591 924 766 965 Poenae
799 926 955 966 autem
992 925 1113 965 recte
1159 924 1402 965 versantur
1444 924 1524 964 aut
1568 920 1613 964 in
1658 919 1881 964 exercitio
1914 931 1983 964 sa-

198 1017 388 1049 crorum
422 1003 486 1048 eis
522 1003 854 1058 interdicendo,
891 1002 927 1047 si
961 1002 1180 1047 ecclesiae
1203 1003 1259 1047 ab
1287 1002 1501 1061 Episcopo
1525 1003 1787 1061 designatae
1811 1002 1984 1047 servire

206 1087 355 1133 nolint
378 1088 409 1143 ⁵,
444 1091 524 1132 aut
558 1087 603 1131 in
639 1087 846 1144 neganda
885 1086 1056 1131 eisdem
1093 1086 1379 1145 promotione
1412 1087 1467 1131 ad
1501 1086 1684 1131 altiores
1726 1085 1908 1131 ordines
1941 1089 1988 1130 et

201 1172 260 1217 ad
294 1170 514 1216 beneticIa
550 1170 877 1227 ecclesiastica,
914 1170 948 1214 si
985 1170 1241 1228 pertinaces
1273 1170 1382 1225 siut,
1426 1171 1499 1215 vel
1543 1170 1653 1214 nulli
1705 1182 1886 1227 prorsus
1918 1180 1988 1213 ec-

202 1254 370 1299 clesiae
403 1254 577 1299 servire
611 1253 757 1298 velint
780 1253 809 1297 ⁶.
849 1255 879 1298 Ii
917 1268 1025 1298 vero
1058 1254 1133 1312 qui
1170 1253 1300 1298 titulo
1335 1253 1702 1298 missionisinter
1719 1266 1870 1297 sacros
1907 1253 1987 1297 mi-

207 1338 375 1382 nistros
408 1337 609 1394 cooptari
644 1338 853 1395 cupiunt,
893 1340 1110 1381 tenentur
1143 1337 1265 1395 prius
1302 1337 1614 1381 iuramentum
1639 1336 1867 1393 emittere,
1902 1349 1991 1394 quo

205 1422 466 1478 spondeant
504 1420 706 1465 missioni
742 1421 814 1465 cui
846 1421 1060 1466 destinati
1094 1426 1199 1465 sunt
1237 1422 1308 1466 vel
1326 1421 1679 1466 destinabuntur
1711 1435 1758 1466 se
1777 1422 1872 1466 fore
1897 1435 1992 1479 per·

209 1509 395 1563 petuam
429 1519 613 1562 operam
647 1505 849 1560 daturos,
885 1506 1005 1564 quod
1037 1505 1222 1564 quidem
1255 1505 1311 1549 ab
1346 1504 1398 1548 iis
1420 1504 1496 1564 qui
1531 1505 1615 1549 hoc
1651 1504 1782 1549 titulo
1803 1503 1890 1548 frui
1911 1517 1988 1548 vo-

209 1588 311 1631 lunt
345 1589 386 1631 S.
424 1587 575 1641 Sedes,
612 1591 662 1630 ut
697 1586 985 1642 missionum,
1022 1601 1216 1646 quarum
1264 1587 1520 1644 sumptibus
1554 1586 1616 1631 illi
1660 1587 1863 1640 aluntur,
1900 1598 1990 1630 ser-

212 1669 326 1714 vitio
359 1670 635 1725 consuleret,
665 1671 848 1729 exigere
882 1675 1150 1715 constanter
1182 1670 1437 1715 consuevit.
1475 1673 1591 1714 Hinc
1628 1668 1902 1714 Missionarii
1918 1667 1994 1728 qui

211 1767 291 1811 pro
339 1753 673 1798 determinatae
721 1753 941 1798 dloecesis
987 1754 1176 1798 servitio
1225 1753 1537 1798 iuramentum
1591 1753 1861 1809 emiserunt,
1902 1766 1993 1797 non

214 1842 406 1894 possunt
439 1837 496 1881 ad
532 1836 670 1881 aliam
702 1836 948 1882 dioecesim
984 1838 1178 1895 migrare
1211 1838 1381 1897 absque
1417 1838 1630 1896 peculiari
1657 1837 1834 1882 indulto
1869 1837 1994 1882 Sedis

217 1918 525 1977 Apostolicae,
564 1919 824 1965 iuramento
857 1919 953 1978 ipso
988 1926 1226 1966 renovato.

959 2113 1191 2142 ARTICULUS
1224 2114 1268 2142 ll.

686 2219 748 2259 De
785 2219 1012 2273 negativis
1043 2217 1320 2261 clericorwn
1353 2217 1524 2276 officiis,

339 2374 443 2419 4025.
479 2372 637 2418 Clerici
660 2379 781 2418 caste
802 2380 843 2417 ec
865 2379 999 2417 cauce
1032 2374 1191 2418 vivere
1227 2377 1444 2418 tenentur
1475 2374 1587 2419 adeo
1620 2378 1672 2417 ut
1694 2388 1746 2419 ea
1769 2374 1910 2420 etiam
1936 2373 1999 2419 vi-

223 2460 321 2500 tare
354 2460 604 2501 teneantur
634 2470 750 2516 quae
785 2456 1150 2501 incontinentiae
1183 2456 1490 2515 suspicionem
1539 2456 1747 2515 ingerere
1798 2460 1996 2515 possent.

222 2541 532 2595 Quamobrem
567 2554 673 2585 cum
708 2540 974 2585 mulieribus
1007 2541 1212 2585 habitare
1247 2541 1546 2599 prohibentur
1577 2541 1631 2587 de
1653 2541 1818 2601 quibus
1843 2543 2002 2586 incon-

354 2730 364 2749 ¹
394 2731 529 2767 Bened.
558 2730 656 2773 XIII,
683 2730 752 2767 lor.
778 2731 838 2768 cit.

348 2801 361 2820 ²
389 2802 469 2838 Sao.
499 2802 617 2847 Cong.
643 2801 756 2838 Conc.
785 2803 821 2838 in
848 2802 993 2838 Senien.
1021 2803 1245 2839 decretorum
1274 2802 1316 2838 15
1343 2807 1433 2849 sept.
1464 2808 1500 2839 et
1525 2802 1570 2839 22
1597 2813 1684 2839 nov.
1714 2802 1814 2840 1749.

350 2873 362 2892 ³
389 2873 425 2910 S.
447 2873 561 2919 Cong.
579 2874 690 2909 Cone.
714 2873 757 2910 12
778 2874 850 2910 iun.
875 2872 963 2909 1677
983 2873 1080 2919 apud
1106 2873 1241 2910 Bened.
1272 2874 1370 2916 XIV,
1399 2875 1488 2910 Inst.
1508 2874 1564 2910 51.

351 2943 364 2963 '⁵
391 2944 426 2981 S.
453 2943 566 2988 Cong.
592 2944 705 2980 Conc.
735 2942 777 2979 19
803 2944 868 2981 iul.
897 2943 989 2980 1618
1013 2944 1112 2990 apud
1139 2943 1275 2982 Giraldi
1305 2949 1404 2990 parte
1430 2945 1474 2988 II,
1502 2951 1591 2982 sect.
1623 2944 1701 2983 106.

351 3014 363 3034 ³
391 3015 501 3052 Conc.
529 3015 664 3053 T1·id.l.
691 3025 723 3051 c.

351 3085 367 3106 ⁸
392 3086 529 3124 Bened.
552 3086 639 3123 XIV
665 3086 707 3123 de
733 3087 857 3132 synod.
885 3086 967 3123 Lib.
995 3087 1056 3130 XI,
1083 3096 1164 3133 cap.
1188 3087 1244 3132 ΙΙ;
1263 3091 1297 3124 et
1315 3087 1397 3124 Lib.
1418 3087 1499 3131 XII,
1525 3097 1605 3134 cap.
1628 3087 1688 3126 VI.
