<?xml version="1.0" encoding="UTF-8"?>
<!DOCTYPE html PUBLIC "-//W3C//DTD XHTML 1.0 Transitional//EN"
    "http://www.w3.org/TR/xhtml1/DTD/xhtml1-transitional.dtd">
<html xmlns="http://www.w3.org/1999/xhtml" xml:lang="en" lang="en">
 <head>
  <title>
</title>
<meta http-equiv="Content-Type" content="text/html;charset=utf-8" />
  <meta name='ocr-system' content='tesseract 3.04.00' />
  <meta name='ocr-capabilities' content='ocr_page ocr_carea ocr_par ocr_line ocrx_word'/>
</head>
<body>
  <div class='ocr_page' id='page_1' title='image "apparatus00ziteuoft_0795.png"; bbox 0 0 2176 3386; ppageno 0'>
   <div class='ocr_carea' id='block_1_1' title="bbox 0 0 2080 221">
    <p class='ocr_par' dir='ltr' id='par_1_1' title="bbox 0 0 2080 221">
     <span class='ocr_line' id='line_1_1' title="bbox 122 0 2080 39; baseline 0.003 -6"><span class='ocrx_word' id='word_1_1' title='bbox 122 22 125 26; x_wconf 85' lang='lat'>-</span> <span class='ocrx_word' id='word_1_2' title='bbox 151 0 274 28; x_wconf 48' lang='lat'>³³15„</span> <span class='ocrx_word' id='word_1_3' title='bbox 288 0 588 33; x_wconf 48' lang='lat' dir='ltr'>²W?T’“&#39;&#39;··&#39;¹!¹-&#39;²</span> <span class='ocrx_word' id='word_1_4' title='bbox 602 0 639 19; x_wconf 41' lang='grc' dir='ltr'>ἢ</span> <span class='ocrx_word' id='word_1_5' title='bbox 823 31 825 33; x_wconf 90' lang='grc'>.</span> <span class='ocrx_word' id='word_1_6' title='bbox 922 1 926 4; x_wconf 79' lang='grc'><strong>’</strong></span> <span class='ocrx_word' id='word_1_7' title='bbox 948 0 957 3; x_wconf 75' lang='grc'>’</span> <span class='ocrx_word' id='word_1_8' title='bbox 1026 34 1030 39; x_wconf 90' lang='grc'>.</span> <span class='ocrx_word' id='word_1_9' title='bbox 1227 8 1246 30; x_wconf 77' lang='grc'>-’</span> <span class='ocrx_word' id='word_1_10' title='bbox 2072 0 2080 2; x_wconf 57' lang='grc'><em>’</em></span> 
     </span>
     <span class='ocr_line' id='line_1_2' title="bbox 0 142 2014 221; baseline 0 -39"><span class='ocrx_word' id='word_1_11' title='bbox 0 181 3 221; x_wconf 51' lang='lat'><em>5</em></span> <span class='ocrx_word' id='word_1_12' title='bbox 582 153 713 183; x_wconf 67' lang='lat' dir='ltr'>Lmen</span> <span class='ocrx_word' id='word_1_13' title='bbox 741 153 782 183; x_wconf 90' lang='lat'>11.</span> <span class='ocrx_word' id='word_1_14' title='bbox 813 153 871 181; x_wconf 82' lang='lat' dir='ltr'>DE</span> <span class='ocrx_word' id='word_1_15' title='bbox 900 152 1038 181; x_wconf 69' lang='lat' dir='ltr'>nunus</span> <span class='ocrx_word' id='word_1_16' title='bbox 1068 151 1404 181; x_wconf 75' lang='lat' dir='ltr'>TEMPORALIBUS</span> <span class='ocrx_word' id='word_1_17' title='bbox 1433 151 1487 180; x_wconf 80' lang='lat' dir='ltr'>Ac</span> <span class='ocrx_word' id='word_1_18' title='bbox 1516 151 1664 181; x_wconf 69' lang='lat' dir='ltr'>Mixrls</span> <span class='ocrx_word' id='word_1_19' title='bbox 1938 142 2014 182; x_wconf 88' lang='grc'>291</span> 
     </span>
    </p>
   </div>
   <div class='ocr_carea' id='block_1_2' title="bbox 224 259 2086 888">
    <p class='ocr_par' dir='ltr' id='par_1_2' title="bbox 224 259 2086 888">
     <span class='ocr_line' id='line_1_3' title="bbox 229 259 2014 319; baseline 0 -13"><span class='ocrx_word' id='word_1_20' title='bbox 229 265 386 307; x_wconf 89' lang='lat' dir='ltr'>autem</span> <span class='ocrx_word' id='word_1_21' title='bbox 421 261 606 316; x_wconf 84' lang='lat' dir='ltr'>fundus,</span> <span class='ocrx_word' id='word_1_22' title='bbox 631 260 708 319; x_wconf 94' lang='lat' dir='ltr'>qui</span> <span class='ocrx_word' id='word_1_23' title='bbox 742 274 923 318; x_wconf 81' lang='lat' dir='ltr'><strong>semper</strong></span> <span class='ocrx_word' id='word_1_24' title='bbox 947 264 1158 305; x_wconf 83' lang='lat' dir='ltr'><strong>remanet</strong></span> <span class='ocrx_word' id='word_1_25' title='bbox 1184 259 1427 319; x_wconf 76' lang='lat' dir='ltr'><strong>Ecclesiae,</strong></span> <span class='ocrx_word' id='word_1_26' title='bbox 1452 259 1585 304; x_wconf 89' lang='lat' dir='ltr'>cuius</span> <span class='ocrx_word' id='word_1_27' title='bbox 1612 259 1730 305; x_wconf 90' lang='lat' dir='ltr'>bona</span> <span class='ocrx_word' id='word_1_28' title='bbox 1764 259 2014 306; x_wconf 79' lang='lat' dir='ltr'>immobilia</span> 
     </span>
     <span class='ocr_line' id='line_1_4' title="bbox 229 334 2086 405; baseline -0.001 -14"><span class='ocrx_word' id='word_1_29' title='bbox 229 345 420 391; x_wconf 91' lang='lat' dir='ltr'>alienari</span> <span class='ocrx_word' id='word_1_30' title='bbox 456 356 547 390; x_wconf 92' lang='lat' dir='ltr'>non</span> <span class='ocrx_word' id='word_1_31' title='bbox 583 349 772 403; x_wconf 87' lang='lat' dir='ltr'>possunt</span> <span class='ocrx_word' id='word_1_32' title='bbox 793 343 892 389; x_wconf 90' lang='lat' dir='ltr'>sine</span> <span class='ocrx_word' id='word_1_33' title='bbox 916 344 1034 389; x_wconf 88' lang='lat' dir='ltr'>iusta</span> <span class='ocrx_word' id='word_1_34' title='bbox 1057 357 1193 389; x_wconf 89' lang='lat' dir='ltr'>causa</span> <span class='ocrx_word' id='word_1_35' title='bbox 1228 348 1274 388; x_wconf 90' lang='lat' dir='ltr'>et</span> <span class='ocrx_word' id='word_1_36' title='bbox 1306 343 1491 388; x_wconf 86' lang='lat' dir='ltr'>licentia</span> <span class='ocrx_word' id='word_1_37' title='bbox 1518 343 1776 402; x_wconf 83' lang='lat' dir='ltr'>Pontificis3</span> <span class='ocrx_word' id='word_1_38' title='bbox 1812 344 2015 405; x_wconf 87' lang='lat' dir='ltr'>alioquin</span> <span class='ocrx_word' id='word_1_39' title='bbox 2084 334 2086 336; x_wconf 42' lang='grc'><strong>’</strong></span> 
     </span>
     <span class='ocr_line' id='line_1_5' title="bbox 226 427 2013 487; baseline -0.001 -13"><span class='ocrx_word' id='word_1_40' title='bbox 226 428 446 474; x_wconf 82' lang='lat' dir='ltr'>alienatio</span> <span class='ocrx_word' id='word_1_41' title='bbox 479 430 575 487; x_wconf 91' lang='lat' dir='ltr'>ipso</span> <span class='ocrx_word' id='word_1_42' title='bbox 609 429 707 473; x_wconf 92' lang='lat' dir='ltr'>iure</span> <span class='ocrx_word' id='word_1_43' title='bbox 741 428 869 473; x_wconf 89' lang='lat' dir='ltr'>irrita</span> <span class='ocrx_word' id='word_1_44' title='bbox 892 433 976 473; x_wconf 87' lang='lat' dir='ltr'>est.</span> <span class='ocrx_word' id='word_1_45' title='bbox 1013 429 1056 483; x_wconf 73' lang='lat'>4)</span> <span class='ocrx_word' id='word_1_46' title='bbox 1085 432 1283 485; x_wconf 76' lang='lat' dir='ltr'>Propter</span> <span class='ocrx_word' id='word_1_47' title='bbox 1304 427 1505 486; x_wconf 81' lang='lat' dir='ltr'>officium</span> <span class='ocrx_word' id='word_1_48' title='bbox 1527 429 1791 485; x_wconf 73' lang='lat' dir='ltr'>spirituale,</span> <span class='ocrx_word' id='word_1_49' title='bbox 1819 429 1904 474; x_wconf 82' lang='lat' dir='ltr'>hoc</span> <span class='ocrx_word' id='word_1_50' title='bbox 1927 433 2013 485; x_wconf 91' lang='lat' dir='ltr'>est,</span> 
     </span>
     <span class='ocr_line' id='line_1_6' title="bbox 230 510 2016 571; baseline 0.001 -15"><span class='ocrx_word' id='word_1_51' title='bbox 230 511 288 556; x_wconf 89' lang='lat' dir='ltr'>ad</span> <span class='ocrx_word' id='word_1_52' title='bbox 323 512 586 556; x_wconf 83' lang='lat' dir='ltr'>functiones</span> <span class='ocrx_word' id='word_1_53' title='bbox 616 525 694 556; x_wconf 90' lang='lat' dir='ltr'>seu</span> <span class='ocrx_word' id='word_1_54' title='bbox 722 511 930 557; x_wconf 82' lang='lat' dir='ltr'>actiones</span> <span class='ocrx_word' id='word_1_55' title='bbox 960 511 1136 571; x_wconf 90' lang='lat' dir='ltr'>aliquas</span> <span class='ocrx_word' id='word_1_56' title='bbox 1157 510 1416 569; x_wconf 75' lang='lat' dir='ltr'>spirituales</span> <span class='ocrx_word' id='word_1_57' title='bbox 1448 511 1698 566; x_wconf 90' lang='lat' dir='ltr'>obeundas,</span> <span class='ocrx_word' id='word_1_58' title='bbox 1723 513 1880 571; x_wconf 86' lang='lat' dir='ltr'>quales</span> <span class='ocrx_word' id='word_1_59' title='bbox 1906 518 2016 558; x_wconf 90' lang='lat' dir='ltr'>sunt</span> 
     </span>
     <span class='ocr_line' id='line_1_7' title="bbox 230 580 2011 653; baseline 0.001 -14"><span class='ocrx_word' id='word_1_60' title='bbox 230 595 425 640; x_wconf 82' lang='lat' dir='ltr'>recitare</span> <span class='ocrx_word' id='word_1_61' title='bbox 458 596 592 641; x_wconf 87' lang='lat' dir='ltr'>horas</span> <span class='ocrx_word' id='word_1_62' title='bbox 623 595 885 650; x_wconf 84' lang='lat' dir='ltr'>canonicas,</span> <span class='ocrx_word' id='word_1_63' title='bbox 927 596 1077 639; x_wconf 84' lang='lat' dir='ltr'>facere</span> <span class='ocrx_word' id='word_1_64' title='bbox 1109 580 1309 650; x_wconf 83' lang='lat' dir='ltr'>sacrum,</span> <span class='ocrx_word' id='word_1_65' title='bbox 1343 594 1669 639; x_wconf 86' lang='lat' dir='ltr'>administrare</span> <span class='ocrx_word' id='word_1_66' title='bbox 1701 602 2011 653; x_wconf 84' lang='lat' dir='ltr'>sacramenta,</span> 
     </span>
     <span class='ocr_line' id='line_1_8' title="bbox 230 677 2013 738; baseline 0.001 -14"><span class='ocrx_word' id='word_1_67' title='bbox 230 679 494 738; x_wconf 87' lang='lat' dir='ltr'>praedicare</span> <span class='ocrx_word' id='word_1_68' title='bbox 528 679 720 724; x_wconf 83' lang='lat' dir='ltr'>verbum</span> <span class='ocrx_word' id='word_1_69' title='bbox 758 679 852 734; x_wconf 89' lang='lat' dir='ltr'>Dei,</span> <span class='ocrx_word' id='word_1_70' title='bbox 889 683 978 723; x_wconf 86' lang='lat' dir='ltr'>etc.</span> <span class='ocrx_word' id='word_1_71' title='bbox 1032 682 1147 722; x_wconf 91' lang='lat' dir='ltr'>Nam</span> <span class='ocrx_word' id='word_1_72' title='bbox 1182 677 1457 722; x_wconf 82' lang='lat' dir='ltr'>beneficium</span> <span class='ocrx_word' id='word_1_73' title='bbox 1495 683 1678 737; x_wconf 87' lang='lat' dir='ltr'>propter</span> <span class='ocrx_word' id='word_1_74' title='bbox 1711 680 1910 724; x_wconf 83' lang='lat' dir='ltr'>officium</span> <span class='ocrx_word' id='word_1_75' title='bbox 1946 681 2013 725; x_wconf 94' lang='lat' dir='ltr'>in-</span> 
     </span>
     <span class='ocr_line' id='line_1_9' title="bbox 224 761 2009 821; baseline 0.002 -15"><span class='ocrx_word' id='word_1_76' title='bbox 224 762 440 807; x_wconf 88' lang='lat' dir='ltr'>stitutum</span> <span class='ocrx_word' id='word_1_77' title='bbox 475 767 559 818; x_wconf 88' lang='lat' dir='ltr'>est,</span> <span class='ocrx_word' id='word_1_78' title='bbox 585 766 631 807; x_wconf 88' lang='lat' dir='ltr'>et</span> <span class='ocrx_word' id='word_1_79' title='bbox 653 762 707 806; x_wconf 91' lang='lat' dir='ltr'>ad</span> <span class='ocrx_word' id='word_1_80' title='bbox 731 762 931 821; x_wconf 81' lang='lat' dir='ltr'>aliquam</span> <span class='ocrx_word' id='word_1_81' title='bbox 958 762 1246 807; x_wconf 81' lang='lat' dir='ltr'>functionem</span> <span class='ocrx_word' id='word_1_82' title='bbox 1270 761 1554 821; x_wconf 88' lang='lat' dir='ltr'>spiritualem</span> <span class='ocrx_word' id='word_1_83' title='bbox 1579 763 1764 821; x_wconf 87' lang='lat' dir='ltr'>obligat,</span> <span class='ocrx_word' id='word_1_84' title='bbox 1790 778 1846 808; x_wconf 89' lang='lat' dir='ltr'>ex</span> <span class='ocrx_word' id='word_1_85' title='bbox 1871 767 2009 810; x_wconf 86' lang='lat' dir='ltr'>Conc.</span> 
     </span>
     <span class='ocr_line' id='line_1_10' title="bbox 229 844 405 888; baseline 0 0"><span class='ocrx_word' id='word_1_86' title='bbox 229 844 346 888; x_wconf 87' lang='lat' dir='ltr'>Trid.</span> <span class='ocrx_word' id='word_1_87' title='bbox 376 846 405 888; x_wconf 81' lang='lat'>¹.</span> 
     </span>
    </p>
   </div>
   <div class='ocr_carea' id='block_1_3' title="bbox 754 1012 1479 1186">
    <p class='ocr_par' dir='ltr' id='par_1_3' title="bbox 754 1012 1479 1186">
     <span class='ocr_line' id='line_1_11' title="bbox 983 1012 1247 1057; baseline -0.008 0"><span class='ocrx_word' id='word_1_88' title='bbox 983 1012 1162 1057; x_wconf 72' lang='lat' dir='ltr'><strong>CAPUT</strong></span> <span class='ocrx_word' id='word_1_89' title='bbox 1198 1014 1247 1056; x_wconf 91' lang='lat' dir='ltr'>ll.</span> 
     </span>
     <span class='ocr_line' id='line_1_12' title="bbox 754 1147 1479 1186; baseline 0.004 -4"><span class='ocrx_word' id='word_1_90' title='bbox 754 1148 814 1183; x_wconf 88' lang='lat' dir='ltr'>DE</span> <span class='ocrx_word' id='word_1_91' title='bbox 841 1147 1196 1184; x_wconf 85' lang='lat' dir='ltr'>BENEFICIORUM</span> <span class='ocrx_word' id='word_1_92' title='bbox 1225 1149 1479 1186; x_wconf 78' lang='lat' dir='ltr'><strong>DIVISIONE.</strong></span> 
     </span>
    </p>
   </div>
   <div class='ocr_carea' id='block_1_4' title="bbox 221 1265 2010 2078">
    <p class='ocr_par' dir='ltr' id='par_1_4' title="bbox 221 1265 2010 2078">
     <span class='ocr_line' id='line_1_13' title="bbox 349 1265 2008 1326; baseline 0.002 -18"><span class='ocrx_word' id='word_1_93' title='bbox 349 1265 474 1309; x_wconf 71' lang='lat'>1272.</span> <span class='ocrx_word' id='word_1_94' title='bbox 514 1265 791 1310; x_wconf 85' lang='lat' dir='ltr'>Beneficium</span> <span class='ocrx_word' id='word_1_95' title='bbox 826 1265 1071 1309; x_wconf 90' lang='lat' dir='ltr'>dividitur:</span> <span class='ocrx_word' id='word_1_96' title='bbox 1131 1267 1165 1322; x_wconf 93' lang='lat' dir='ltr'>l)</span> <span class='ocrx_word' id='word_1_97' title='bbox 1203 1267 1246 1309; x_wconf 95' lang='lat' dir='ltr'>in</span> <span class='ocrx_word' id='word_1_98' title='bbox 1284 1266 1560 1311; x_wconf 84' lang='lat' dir='ltr'>Beneficium</span> <span class='ocrx_word' id='word_1_99' title='bbox 1595 1267 1854 1322; x_wconf 86' lang='lat' dir='ltr'>saeculare,</span> <span class='ocrx_word' id='word_1_100' title='bbox 1890 1268 2008 1326; x_wconf 92' lang='lat' dir='ltr'>quod</span> 
     </span>
     <span class='ocr_line' id='line_1_14' title="bbox 225 1347 2010 1408; baseline 0.003 -18"><span class='ocrx_word' id='word_1_101' title='bbox 225 1347 404 1391; x_wconf 79' lang='lat' dir='ltr'>clericis</span> <span class='ocrx_word' id='word_1_102' title='bbox 436 1347 761 1403; x_wconf 80' lang='lat' dir='ltr'>saecularibus,</span> <span class='ocrx_word' id='word_1_103' title='bbox 797 1353 843 1392; x_wconf 86' lang='lat' dir='ltr'>et</span> <span class='ocrx_word' id='word_1_104' title='bbox 876 1349 921 1391; x_wconf 92' lang='lat' dir='ltr'>in</span> <span class='ocrx_word' id='word_1_105' title='bbox 952 1349 1174 1406; x_wconf 75' lang='lat' dir='ltr'>regulare,</span> <span class='ocrx_word' id='word_1_106' title='bbox 1210 1349 1327 1408; x_wconf 84' lang='lat' dir='ltr'>quod</span> <span class='ocrx_word' id='word_1_107' title='bbox 1364 1350 1644 1407; x_wconf 86' lang='lat' dir='ltr'>regularibus</span> <span class='ocrx_word' id='word_1_108' title='bbox 1678 1351 1909 1395; x_wconf 69' lang='lat' dir='ltr'>addit-tum</span> <span class='ocrx_word' id='word_1_109' title='bbox 1941 1357 2010 1396; x_wconf 89' lang='lat' dir='ltr'>est</span> 
     </span>
     <span class='ocr_line' id='line_1_15' title="bbox 225 1430 2007 1494; baseline 0.003 -20"><span class='ocrx_word' id='word_1_110' title='bbox 225 1435 271 1473; x_wconf 86' lang='lat' dir='ltr'>et</span> <span class='ocrx_word' id='word_1_111' title='bbox 303 1430 502 1475; x_wconf 78' lang='lat' dir='ltr'>conferri</span> <span class='ocrx_word' id='word_1_112' title='bbox 535 1431 684 1475; x_wconf 87' lang='lat' dir='ltr'>debet.</span> <span class='ocrx_word' id='word_1_113' title='bbox 723 1435 770 1475; x_wconf 92' lang='lat' dir='ltr'>In</span> <span class='ocrx_word' id='word_1_114' title='bbox 806 1431 959 1485; x_wconf 83' lang='lat' dir='ltr'>dubio,</span> <span class='ocrx_word' id='word_1_115' title='bbox 996 1432 1305 1488; x_wconf 76' lang='lat' dir='ltr'>praesumitur</span> <span class='ocrx_word' id='word_1_116' title='bbox 1337 1434 1456 1492; x_wconf 89' lang='lat' dir='ltr'>quod</span> <span class='ocrx_word' id='word_1_117' title='bbox 1489 1434 1548 1478; x_wconf 90' lang='lat' dir='ltr'>sit</span> <span class='ocrx_word' id='word_1_118' title='bbox 1585 1435 1848 1490; x_wconf 73' lang='lat' dir='ltr'>saeculare3</span> <span class='ocrx_word' id='word_1_119' title='bbox 1899 1449 2007 1494; x_wconf 89' lang='lat' dir='ltr'>quo-</span> 
     </span>
     <span class='ocr_line' id='line_1_16' title="bbox 224 1513 2005 1577; baseline 0.004 -21"><span class='ocrx_word' id='word_1_120' title='bbox 224 1513 343 1557; x_wconf 88' lang='lat' dir='ltr'>circa</span> <span class='ocrx_word' id='word_1_121' title='bbox 380 1514 663 1571; x_wconf 90' lang='lat' dir='ltr'>probandum</span> <span class='ocrx_word' id='word_1_122' title='bbox 699 1520 766 1559; x_wconf 90' lang='lat' dir='ltr'>est</span> <span class='ocrx_word' id='word_1_123' title='bbox 789 1515 913 1574; x_wconf 88' lang='lat' dir='ltr'>quod</span> <span class='ocrx_word' id='word_1_124' title='bbox 932 1515 990 1558; x_wconf 87' lang='lat' dir='ltr'>sit</span> <span class='ocrx_word' id='word_1_125' title='bbox 1015 1517 1219 1571; x_wconf 83' lang='lat' dir='ltr'>regulare</span> <span class='ocrx_word' id='word_1_126' title='bbox 1253 1531 1308 1560; x_wconf 89' lang='lat' dir='ltr'>ex</span> <span class='ocrx_word' id='word_1_127' title='bbox 1339 1517 1627 1573; x_wconf 72' lang='lat' dir='ltr'>fundatione,</span> <span class='ocrx_word' id='word_1_128' title='bbox 1656 1519 1726 1562; x_wconf 64' lang='lat' dir='ltr'>vel</span> <span class='ocrx_word' id='word_1_129' title='bbox 1752 1519 2005 1577; x_wconf 67' lang='lat' dir='ltr'>privilegio,</span> 
     </span>
     <span class='ocr_line' id='line_1_17' title="bbox 226 1596 2008 1658; baseline 0.005 -20"><span class='ocrx_word' id='word_1_130' title='bbox 226 1596 296 1639; x_wconf 60' lang='lat' dir='ltr'>vel</span> <span class='ocrx_word' id='word_1_131' title='bbox 332 1596 703 1654; x_wconf 64' lang='lat' dir='ltr'>praescriptione.</span> <span class='ocrx_word' id='word_1_132' title='bbox 742 1598 805 1641; x_wconf 78' lang='lat' dir='ltr'>Ad</span> <span class='ocrx_word' id='word_1_133' title='bbox 842 1598 926 1642; x_wconf 84' lang='lat' dir='ltr'>boc</span> <span class='ocrx_word' id='word_1_134' title='bbox 960 1602 1191 1642; x_wconf 87' lang='lat' dir='ltr'>autemut</span> <span class='ocrx_word' id='word_1_135' title='bbox 1228 1614 1305 1657; x_wconf 88' lang='lat' dir='ltr'>per</span> <span class='ocrx_word' id='word_1_136' title='bbox 1339 1600 1744 1658; x_wconf 76' lang='lat' dir='ltr'>praescriptionem</span> <span class='ocrx_word' id='word_1_137' title='bbox 1774 1603 2008 1647; x_wconf 80' lang='lat' dir='ltr'>saeculare</span> 
     </span>
     <span class='ocr_line' id='line_1_18' title="bbox 223 1681 2008 1743; baseline 0.004 -20"><span class='ocrx_word' id='word_1_138' title='bbox 223 1684 427 1723; x_wconf 88' lang='lat' dir='ltr'>transeat</span> <span class='ocrx_word' id='word_1_139' title='bbox 462 1681 505 1723; x_wconf 93' lang='lat' dir='ltr'>in</span> <span class='ocrx_word' id='word_1_140' title='bbox 542 1681 763 1737; x_wconf 81' lang='lat' dir='ltr'>regulare,</span> <span class='ocrx_word' id='word_1_141' title='bbox 800 1686 880 1725; x_wconf 91' lang='lat' dir='ltr'>aut</span> <span class='ocrx_word' id='word_1_142' title='bbox 915 1681 1133 1735; x_wconf 64' lang='lat' dir='ltr'>xicissim,</span> <span class='ocrx_word' id='word_1_143' title='bbox 1160 1684 1410 1741; x_wconf 80' lang='lat' dir='ltr'>requiritur</span> <span class='ocrx_word' id='word_1_144' title='bbox 1442 1685 1499 1727; x_wconf 72' lang='lat'>40</span> <span class='ocrx_word' id='word_1_145' title='bbox 1521 1699 1749 1729; x_wconf 86' lang='lat' dir='ltr'>annorum</span> <span class='ocrx_word' id='word_1_146' title='bbox 1787 1688 2008 1743; x_wconf 85' lang='lat' dir='ltr'>possessio</span> 
     </span>
     <span class='ocr_line' id='line_1_19' title="bbox 223 1762 2003 1828; baseline 0.006 -23"><span class='ocrx_word' id='word_1_147' title='bbox 223 1776 326 1806; x_wconf 91' lang='lat' dir='ltr'>cum</span> <span class='ocrx_word' id='word_1_148' title='bbox 380 1762 704 1819; x_wconf 88' lang='lat' dir='ltr'>institutione,</span> <span class='ocrx_word' id='word_1_149' title='bbox 749 1763 866 1808; x_wconf 89' lang='lat' dir='ltr'>bona</span> <span class='ocrx_word' id='word_1_150' title='bbox 909 1764 994 1809; x_wconf 76' lang='lat' dir='ltr'>lide</span> <span class='ocrx_word' id='word_1_151' title='bbox 1038 1771 1083 1809; x_wconf 89' lang='lat' dir='ltr'>et</span> <span class='ocrx_word' id='word_1_152' title='bbox 1117 1766 1269 1810; x_wconf 88' lang='lat' dir='ltr'>titulo.</span> <span class='ocrx_word' id='word_1_153' title='bbox 1323 1768 1363 1822; x_wconf 71' lang='lat'>2)</span> <span class='ocrx_word' id='word_1_154' title='bbox 1403 1771 1449 1811; x_wconf 91' lang='lat' dir='ltr'>[n</span> <span class='ocrx_word' id='word_1_155' title='bbox 1485 1768 1706 1825; x_wconf 87' lang='lat' dir='ltr'>simplex,</span> <span class='ocrx_word' id='word_1_156' title='bbox 1742 1775 1787 1814; x_wconf 83' lang='lat' dir='ltr'>et</span> <span class='ocrx_word' id='word_1_157' title='bbox 1819 1771 2003 1828; x_wconf 84' lang='lat' dir='ltr'>duplex.</span> 
     </span>
     <span class='ocr_line' id='line_1_20' title="bbox 223 1845 2003 1910; baseline 0.007 -22"><span class='ocrx_word' id='word_1_158' title='bbox 223 1845 423 1899; x_wconf 87' lang='lat' dir='ltr'>Simplex</span> <span class='ocrx_word' id='word_1_159' title='bbox 458 1851 526 1890; x_wconf 89' lang='lat' dir='ltr'>est</span> <span class='ocrx_word' id='word_1_160' title='bbox 559 1846 684 1901; x_wconf 86' lang='lat' dir='ltr'>illud,</span> <span class='ocrx_word' id='word_1_161' title='bbox 720 1848 838 1906; x_wconf 92' lang='lat' dir='ltr'>quod</span> <span class='ocrx_word' id='word_1_162' title='bbox 875 1849 1048 1893; x_wconf 89' lang='lat' dir='ltr'>nullam</span> <span class='ocrx_word' id='word_1_163' title='bbox 1084 1849 1220 1894; x_wconf 86' lang='lat' dir='ltr'>habet</span> <span class='ocrx_word' id='word_1_164' title='bbox 1253 1850 1482 1896; x_wconf 81' lang='lat' dir='ltr'>adnexam</span> <span class='ocrx_word' id='word_1_165' title='bbox 1531 1866 1688 1897; x_wconf 89' lang='lat' dir='ltr'>curam</span> <span class='ocrx_word' id='word_1_166' title='bbox 1723 1854 2003 1910; x_wconf 88' lang='lat' dir='ltr'>animarum,</span> 
     </span>
     <span class='ocr_line' id='line_1_21' title="bbox 223 1929 2004 1995; baseline 0.006 -22"><span class='ocrx_word' id='word_1_167' title='bbox 223 1929 603 1985; x_wconf 87' lang='lat' dir='ltr'>iurisdictionem,</span> <span class='ocrx_word' id='word_1_168' title='bbox 641 1931 1073 1988; x_wconf 84' lang='lat' dir='ltr'>praeeminentiam,</span> <span class='ocrx_word' id='word_1_169' title='bbox 1109 1933 1398 1991; x_wconf 84' lang='lat' dir='ltr'>dignitatem,</span> <span class='ocrx_word' id='word_1_170' title='bbox 1423 1935 1893 1995; x_wconf 79' lang='lat' dir='ltr'>administrationem,</span> <span class='ocrx_word' id='word_1_171' title='bbox 1928 1940 2004 1983; x_wconf 88' lang='lat' dir='ltr'>sed</span> 
     </span>
     <span class='ocr_line' id='line_1_22' title="bbox 221 2012 2001 2078; baseline 0.003 -21"><span class='ocrx_word' id='word_1_172' title='bbox 221 2014 367 2057; x_wconf 92' lang='lat' dir='ltr'>solum</span> <span class='ocrx_word' id='word_1_173' title='bbox 392 2012 718 2070; x_wconf 82' lang='lat' dir='ltr'>obligationem</span> <span class='ocrx_word' id='word_1_174' title='bbox 744 2015 966 2059; x_wconf 86' lang='lat' dir='ltr'>recitandi</span> <span class='ocrx_word' id='word_1_175' title='bbox 990 2016 1190 2060; x_wconf 85' lang='lat' dir='ltr'>officium</span> <span class='ocrx_word' id='word_1_176' title='bbox 1214 2016 1444 2071; x_wconf 69' lang='lat' dir='ltr'>divinum,</span> <span class='ocrx_word' id='word_1_177' title='bbox 1471 2024 1516 2062; x_wconf 88' lang='lat' dir='ltr'>et</span> <span class='ocrx_word' id='word_1_178' title='bbox 1542 2019 1701 2063; x_wconf 86' lang='lat' dir='ltr'>missas</span> <span class='ocrx_word' id='word_1_179' title='bbox 1725 2021 2001 2078; x_wconf 72' lang='lat' dir='ltr'>celebrandi5</span> 
     </span>
    </p>
   </div>
   <div class='ocr_carea' id='block_1_5' title="bbox 217 2166 2005 3068">
    <p class='ocr_par' dir='ltr' id='par_1_5' title="bbox 217 2166 2005 2926">
     <span class='ocr_line' id='line_1_23' title="bbox 222 2166 2005 2215; baseline 0.006 -15"><span class='ocrx_word' id='word_1_180' title='bbox 222 2166 424 2202; x_wconf 82' lang='lat' dir='ltr'>obveniunt</span> <span class='ocrx_word' id='word_1_181' title='bbox 450 2176 496 2202; x_wconf 83' lang='lat' dir='ltr'>ex</span> <span class='ocrx_word' id='word_1_182' title='bbox 524 2166 655 2202; x_wconf 86' lang='lat' dir='ltr'>officiis</span> <span class='ocrx_word' id='word_1_183' title='bbox 686 2171 720 2202; x_wconf 89' lang='lat' dir='ltr'>et</span> <span class='ocrx_word' id='word_1_184' title='bbox 746 2168 962 2204; x_wconf 81' lang='lat' dir='ltr'>ministeriis</span> <span class='ocrx_word' id='word_1_185' title='bbox 989 2170 1274 2212; x_wconf 80' lang='lat' dir='ltr'>ecclesiasticis,</span> <span class='ocrx_word' id='word_1_186' title='bbox 1301 2171 1365 2207; x_wconf 80' lang='lat' dir='ltr'>sed</span> <span class='ocrx_word' id='word_1_187' title='bbox 1407 2178 1592 2215; x_wconf 69' lang='lat' dir='ltr'>praeterea</span> <span class='ocrx_word' id='word_1_188' title='bbox 1630 2172 1714 2209; x_wconf 79' lang='lat' dir='ltr'>licet</span> <span class='ocrx_word' id='word_1_189' title='bbox 1741 2183 1815 2209; x_wconf 91' lang='lat' dir='ltr'>non</span> <span class='ocrx_word' id='word_1_190' title='bbox 1845 2174 2005 2211; x_wconf 82' lang='lat' dir='ltr'>habeant</span> 
     </span>
     <span class='ocr_line' id='line_1_24' title="bbox 220 2238 2003 2284; baseline 0.003 -10"><span class='ocrx_word' id='word_1_191' title='bbox 220 2238 398 2274; x_wconf 80' lang='lat' dir='ltr'>directum</span> <span class='ocrx_word' id='word_1_192' title='bbox 427 2238 630 2275; x_wconf 84' lang='lat' dir='ltr'>dominium</span> <span class='ocrx_word' id='word_1_193' title='bbox 659 2239 696 2274; x_wconf 92' lang='lat' dir='ltr'>in</span> <span class='ocrx_word' id='word_1_194' title='bbox 725 2239 856 2275; x_wconf 80' lang='lat' dir='ltr'>fundos</span> <span class='ocrx_word' id='word_1_195' title='bbox 885 2240 1174 2279; x_wconf 74' lang='lat' dir='ltr'>beneficiorum,</span> <span class='ocrx_word' id='word_1_196' title='bbox 1204 2241 1385 2278; x_wconf 80' lang='lat' dir='ltr'>fructuum</span> <span class='ocrx_word' id='word_1_197' title='bbox 1415 2248 1556 2284; x_wconf 83' lang='lat' dir='ltr'>tame-n,</span> <span class='ocrx_word' id='word_1_198' title='bbox 1584 2244 1686 2280; x_wconf 88' lang='lat' dir='ltr'>iuxta</span> <span class='ocrx_word' id='word_1_199' title='bbox 1714 2245 1890 2280; x_wconf 82' lang='lat' dir='ltr'>veriorem</span> <span class='ocrx_word' id='word_1_200' title='bbox 1920 2255 2003 2281; x_wconf 83' lang='lat' dir='ltr'>sen-</span> 
     </span>
     <span class='ocr_line' id='line_1_25' title="bbox 223 2309 2003 2359; baseline 0.005 -16"><span class='ocrx_word' id='word_1_201' title='bbox 223 2309 384 2352; x_wconf 83' lang='lat' dir='ltr'>tentiam,</span> <span class='ocrx_word' id='word_1_202' title='bbox 411 2309 560 2354; x_wconf 84' lang='lat' dir='ltr'>plenum</span> <span class='ocrx_word' id='word_1_203' title='bbox 588 2310 784 2355; x_wconf 85' lang='lat' dir='ltr'>acquirunt</span> <span class='ocrx_word' id='word_1_204' title='bbox 810 2311 1026 2348; x_wconf 85' lang='lat' dir='ltr'>dominium.</span> <span class='ocrx_word' id='word_1_205' title='bbox 1067 2311 1171 2354; x_wconf 86' lang='lat' dir='ltr'>Quod</span> <span class='ocrx_word' id='word_1_206' title='bbox 1198 2312 1346 2358; x_wconf 86' lang='lat' dir='ltr'>quidem</span> <span class='ocrx_word' id='word_1_207' title='bbox 1388 2314 1668 2359; x_wconf 75' lang='lat' dir='ltr'>intelligendum</span> <span class='ocrx_word' id='word_1_208' title='bbox 1697 2321 1751 2351; x_wconf 83' lang='lat' dir='ltr'>est</span> <span class='ocrx_word' id='word_1_209' title='bbox 1778 2325 1853 2352; x_wconf 90' lang='lat' dir='ltr'>non</span> <span class='ocrx_word' id='word_1_210' title='bbox 1893 2318 2003 2353; x_wconf 82' lang='lat' dir='ltr'>modo</span> 
     </span>
     <span class='ocr_line' id='line_1_26' title="bbox 221 2380 2001 2431; baseline 0.004 -14"><span class='ocrx_word' id='word_1_211' title='bbox 221 2380 265 2417; x_wconf 83' lang='lat' dir='ltr'>de</span> <span class='ocrx_word' id='word_1_212' title='bbox 291 2390 335 2417; x_wconf 90' lang='lat' dir='ltr'>ea</span> <span class='ocrx_word' id='word_1_213' title='bbox 361 2380 545 2417; x_wconf 79' lang='lat' dir='ltr'>fructuum</span> <span class='ocrx_word' id='word_1_214' title='bbox 573 2386 685 2427; x_wconf 85' lang='lat' dir='ltr'>parte,</span> <span class='ocrx_word' id='word_1_215' title='bbox 712 2391 806 2426; x_wconf 86' lang='lat' dir='ltr'>quae</span> <span class='ocrx_word' id='word_1_216' title='bbox 833 2392 1021 2427; x_wconf 84' lang='lat' dir='ltr'>congruae</span> <span class='ocrx_word' id='word_1_217' title='bbox 1047 2387 1157 2429; x_wconf 87' lang='lat' dir='ltr'>atque</span> <span class='ocrx_word' id='word_1_218' title='bbox 1186 2384 1363 2420; x_wconf 76' lang='lat' dir='ltr'>honestae</span> <span class='ocrx_word' id='word_1_219' title='bbox 1392 2385 1557 2431; x_wconf 81' lang='lat' dir='ltr'>ipsorum</span> <span class='ocrx_word' id='word_1_220' title='bbox 1584 2388 1843 2424; x_wconf 74' lang='lat' dir='ltr'>sustentationi</span> <span class='ocrx_word' id='word_1_221' title='bbox 1877 2398 2001 2425; x_wconf 87' lang='lat' dir='ltr'>neces-</span> 
     </span>
     <span class='ocr_line' id='line_1_27' title="bbox 221 2453 2003 2503; baseline 0.005 -16"><span class='ocrx_word' id='word_1_222' title='bbox 221 2453 319 2488; x_wconf 83' lang='lat' dir='ltr'>saria</span> <span class='ocrx_word' id='word_1_223' title='bbox 343 2457 410 2494; x_wconf 86' lang='lat' dir='ltr'>est,</span> <span class='ocrx_word' id='word_1_224' title='bbox 435 2462 477 2488; x_wconf 88' lang='lat' dir='ltr'>ac</span> <span class='ocrx_word' id='word_1_225' title='bbox 505 2459 698 2498; x_wconf 85' lang='lat' dir='ltr'>propterea</span> <span class='ocrx_word' id='word_1_226' title='bbox 724 2454 767 2489; x_wconf 90' lang='lat' dir='ltr'>de</span> <span class='ocrx_word' id='word_1_227' title='bbox 796 2454 840 2489; x_wconf 91' lang='lat' dir='ltr'>iis</span> <span class='ocrx_word' id='word_1_228' title='bbox 867 2464 1014 2500; x_wconf 85' lang='lat' dir='ltr'>quoquc</span> <span class='ocrx_word' id='word_1_229' title='bbox 1042 2464 1135 2500; x_wconf 79' lang='lat' dir='ltr'>quae</span> <span class='ocrx_word' id='word_1_230' title='bbox 1154 2465 1198 2490; x_wconf 79' lang='lat' dir='ltr'>ex</span> <span class='ocrx_word' id='word_1_231' title='bbox 1227 2456 1294 2491; x_wconf 82' lang='lat' dir='ltr'>hae</span> <span class='ocrx_word' id='word_1_232' title='bbox 1324 2457 1403 2502; x_wconf 84' lang='lat' dir='ltr'>ipsa</span> <span class='ocrx_word' id='word_1_233' title='bbox 1430 2462 1530 2502; x_wconf 87' lang='lat' dir='ltr'>parte</span> <span class='ocrx_word' id='word_1_234' title='bbox 1559 2467 1666 2503; x_wconf 83' lang='lat' dir='ltr'>parce</span> <span class='ocrx_word' id='word_1_235' title='bbox 1694 2459 1894 2495; x_wconf 84' lang='lat' dir='ltr'>victitando</span> <span class='ocrx_word' id='word_1_236' title='bbox 1914 2454 2003 2496; x_wconf 38' lang='lat' dir='ltr'>sub*-</span> 
     </span>
     <span class='ocr_line' id='line_1_28' title="bbox 221 2524 2001 2575; baseline 0.005 -16"><span class='ocrx_word' id='word_1_237' title='bbox 221 2524 371 2560; x_wconf 85' lang='lat' dir='ltr'>t1·ahunt</span> <span class='ocrx_word' id='word_1_238' title='bbox 396 2534 438 2560; x_wconf 84' lang='lat' dir='ltr'>ac</span> <span class='ocrx_word' id='word_1_239' title='bbox 465 2529 664 2567; x_wconf 85' lang='lat' dir='ltr'>reservant,</span> <span class='ocrx_word' id='word_1_240' title='bbox 691 2535 818 2561; x_wconf 86' lang='lat' dir='ltr'>verum</span> <span class='ocrx_word' id='word_1_241' title='bbox 846 2526 957 2561; x_wconf 87' lang='lat' dir='ltr'>etiam</span> <span class='ocrx_word' id='word_1_242' title='bbox 985 2526 1029 2562; x_wconf 88' lang='lat' dir='ltr'>de</span> <span class='ocrx_word' id='word_1_243' title='bbox 1055 2537 1109 2567; x_wconf 81' lang='lat' dir='ltr'>eo,</span> <span class='ocrx_word' id='word_1_244' title='bbox 1139 2527 1169 2562; x_wconf 88' lang='lat' dir='ltr'>si</span> <span class='ocrx_word' id='word_1_245' title='bbox 1196 2527 1283 2572; x_wconf 87' lang='lat' dir='ltr'>quid</span> <span class='ocrx_word' id='word_1_246' title='bbox 1320 2528 1388 2569; x_wconf 87' lang='lat' dir='ltr'>sit,</span> <span class='ocrx_word' id='word_1_247' title='bbox 1415 2529 1514 2574; x_wconf 87' lang='lat' dir='ltr'>quod</span> <span class='ocrx_word' id='word_1_248' title='bbox 1550 2539 1735 2575; x_wconf 84' lang='lat' dir='ltr'>congruae</span> <span class='ocrx_word' id='word_1_249' title='bbox 1762 2537 1797 2567; x_wconf 81' lang='lat' dir='ltr'>et</span> <span class='ocrx_word' id='word_1_250' title='bbox 1824 2531 2001 2568; x_wconf 80' lang='lat' dir='ltr'>honestae</span> 
     </span>
     <span class='ocr_line' id='line_1_29' title="bbox 222 2597 2002 2645; baseline 0.004 -13"><span class='ocrx_word' id='word_1_251' title='bbox 222 2597 478 2633; x_wconf 85' lang='lat' dir='ltr'>sustentationi</span> <span class='ocrx_word' id='word_1_252' title='bbox 506 2597 732 2643; x_wconf 85' lang='lat' dir='ltr'>superfluum</span> <span class='ocrx_word' id='word_1_253' title='bbox 761 2607 842 2633; x_wconf 86' lang='lat' dir='ltr'>esse</span> <span class='ocrx_word' id='word_1_254' title='bbox 868 2598 1045 2634; x_wconf 85' lang='lat' dir='ltr'>videatur.</span> <span class='ocrx_word' id='word_1_255' title='bbox 1073 2599 1167 2634; x_wconf 86' lang='lat' dir='ltr'>Hine</span> <span class='ocrx_word' id='word_1_256' title='bbox 1196 2603 1365 2635; x_wconf 86' lang='lat' dir='ltr'>tenentur</span> <span class='ocrx_word' id='word_1_257' title='bbox 1390 2600 1536 2645; x_wconf 87' lang='lat' dir='ltr'>quidem</span> <span class='ocrx_word' id='word_1_258' title='bbox 1565 2601 1686 2637; x_wconf 84' lang='lat' dir='ltr'>cleriei</span> <span class='ocrx_word' id='word_1_259' title='bbox 1715 2602 1796 2638; x_wconf 86' lang='lat' dir='ltr'>aliis</span> <span class='ocrx_word' id='word_1_260' title='bbox 1816 2603 1860 2639; x_wconf 85' lang='lat' dir='ltr'>de</span> <span class='ocrx_word' id='word_1_261' title='bbox 1878 2605 2002 2640; x_wconf 88' lang='lat' dir='ltr'>causis</span> 
     </span>
     <span class='ocr_line' id='line_1_30' title="bbox 220 2667 2001 2719; baseline 0.005 -17"><span class='ocrx_word' id='word_1_262' title='bbox 220 2667 408 2712; x_wconf 80' lang='lat' dir='ltr'>superflua</span> <span class='ocrx_word' id='word_1_263' title='bbox 437 2668 505 2704; x_wconf 88' lang='lat' dir='ltr'>ista</span> <span class='ocrx_word' id='word_1_264' title='bbox 531 2668 567 2703; x_wconf 90' lang='lat' dir='ltr'>in</span> <span class='ocrx_word' id='word_1_265' title='bbox 594 2677 776 2713; x_wconf 84' lang='lat' dir='ltr'>pauperes</span> <span class='ocrx_word' id='word_1_266' title='bbox 815 2673 877 2704; x_wconf 79' lang='lat' dir='ltr'>aut</span> <span class='ocrx_word' id='word_1_267' title='bbox 914 2669 1006 2704; x_wconf 87' lang='lat' dir='ltr'>alios</span> <span class='ocrx_word' id='word_1_268' title='bbox 1033 2669 1113 2714; x_wconf 86' lang='lat' dir='ltr'>pios</span> <span class='ocrx_word' id='word_1_269' title='bbox 1142 2679 1231 2706; x_wconf 87' lang='lat' dir='ltr'>usus</span> <span class='ocrx_word' id='word_1_270' title='bbox 1268 2679 1443 2715; x_wconf 84' lang='lat' dir='ltr'>erogare:</span> <span class='ocrx_word' id='word_1_271' title='bbox 1471 2671 1506 2706; x_wconf 85' lang='lat' dir='ltr'>id</span> <span class='ocrx_word' id='word_1_272' title='bbox 1534 2677 1656 2707; x_wconf 80' lang='lat' dir='ltr'>tamen</span> <span class='ocrx_word' id='word_1_273' title='bbox 1684 2673 1713 2708; x_wconf 85' lang='lat' dir='ltr'>si</span> <span class='ocrx_word' id='word_1_274' title='bbox 1741 2682 1815 2708; x_wconf 91' lang='lat' dir='ltr'>non</span> <span class='ocrx_word' id='word_1_275' title='bbox 1856 2674 2001 2719; x_wconf 81' lang='lat' dir='ltr'>saciant,</span> 
     </span>
     <span class='ocr_line' id='line_1_31' title="bbox 219 2738 1997 2790; baseline 0.004 -17"><span class='ocrx_word' id='word_1_276' title='bbox 219 2747 295 2773; x_wconf 90' lang='lat' dir='ltr'>non</span> <span class='ocrx_word' id='word_1_277' title='bbox 321 2743 475 2783; x_wconf 84' lang='lat' dir='ltr'>peccant</span> <span class='ocrx_word' id='word_1_278' title='bbox 499 2742 628 2774; x_wconf 85' lang='lat' dir='ltr'>contra</span> <span class='ocrx_word' id='word_1_279' title='bbox 656 2738 828 2775; x_wconf 80' lang='lat' dir='ltr'>iustitiam</span> <span class='ocrx_word' id='word_1_280' title='bbox 852 2739 971 2784; x_wconf 85' lang='lat' dir='ltr'>neque</span> <span class='ocrx_word' id='word_1_281' title='bbox 998 2743 1084 2775; x_wconf 83' lang='lat' dir='ltr'>sunt</span> <span class='ocrx_word' id='word_1_282' title='bbox 1102 2739 1147 2775; x_wconf 85' lang='lat' dir='ltr'>ad</span> <span class='ocrx_word' id='word_1_283' title='bbox 1167 2740 1436 2776; x_wconf 85' lang='lat' dir='ltr'>restitutionem</span> <span class='ocrx_word' id='word_1_284' title='bbox 1463 2741 1648 2786; x_wconf 84' lang='lat' dir='ltr'>adigendi.</span> <span class='ocrx_word' id='word_1_285' title='bbox 1676 2742 1725 2778; x_wconf 86' lang='lat' dir='ltr'>Cf.</span> <span class='ocrx_word' id='word_1_286' title='bbox 1747 2743 1782 2780; x_wconf 88' lang='lat' dir='ltr'>S.</span> <span class='ocrx_word' id='word_1_287' title='bbox 1797 2744 1916 2781; x_wconf 69' lang='lat' dir='ltr'>Tuom.</span> <span class='ocrx_word' id='word_1_288' title='bbox 1935 2746 1997 2790; x_wconf 86' lang='lat' dir='ltr'>qui</span> 
     </span>
     <span class='ocr_line' id='line_1_32' title="bbox 218 2808 2000 2860; baseline 0.005 -17"><span class='ocrx_word' id='word_1_289' title='bbox 218 2808 259 2843; x_wconf 73' lang='grc' dir='ltr'>2ιὶ</span> <span class='ocrx_word' id='word_1_290' title='bbox 292 2808 361 2851; x_wconf 54' lang='grc'>288,</span> <span class='ocrx_word' id='word_1_291' title='bbox 399 2819 432 2855; x_wconf 89' lang='lat' dir='ltr'>q.</span> <span class='ocrx_word' id='word_1_292' title='bbox 466 2808 543 2851; x_wconf 80' lang='lat'>185,</span> <span class='ocrx_word' id='word_1_293' title='bbox 570 2816 634 2846; x_wconf 84' lang='lat' dir='ltr'>art.</span> <span class='ocrx_word' id='word_1_294' title='bbox 663 2810 694 2852; x_wconf 91' lang='lat'>7,</span> <span class='ocrx_word' id='word_1_295' title='bbox 721 2815 756 2846; x_wconf 86' lang='lat' dir='ltr'>et</span> <span class='ocrx_word' id='word_1_296' title='bbox 783 2810 953 2853; x_wconf 85' lang='lat' dir='ltr'>Quodlib.</span> <span class='ocrx_word' id='word_1_297' title='bbox 981 2810 1042 2853; x_wconf 90' lang='lat' dir='ltr'>VI,</span> <span class='ocrx_word' id='word_1_298' title='bbox 1067 2815 1134 2847; x_wconf 77' lang='lat' dir='ltr'>art.</span> <span class='ocrx_word' id='word_1_299' title='bbox 1165 2810 1218 2853; x_wconf 77' lang='lat'>12,</span> <span class='ocrx_word' id='word_1_300' title='bbox 1245 2811 1291 2847; x_wconf 83' lang='lat' dir='ltr'>ad</span> <span class='ocrx_word' id='word_1_301' title='bbox 1317 2811 1338 2847; x_wconf 84' lang='lat'>5</span> <span class='ocrx_word' id='word_1_302' title='bbox 1366 2812 1464 2848; x_wconf 86' lang='lat' dir='ltr'>bona</span> <span class='ocrx_word' id='word_1_303' title='bbox 1502 2813 1756 2851; x_wconf 86' lang='lat' dir='ltr'>ecclesiastiea</span> <span class='ocrx_word' id='word_1_304' title='bbox 1780 2815 1900 2860; x_wconf 86' lang='lat' dir='ltr'>quoad</span> <span class='ocrx_word' id='word_1_305' title='bbox 1930 2817 2000 2853; x_wconf 79' lang='lat' dir='ltr'>boc</span> 
     </span>
     <span class='ocr_line' id='line_1_33' title="bbox 217 2874 1325 2926; baseline 0.004 -11"><span class='ocrx_word' id='word_1_306' title='bbox 217 2878 324 2915; x_wconf 85' lang='lat' dir='ltr'>honis</span> <span class='ocrx_word' id='word_1_307' title='bbox 351 2879 671 2924; x_wconf 86' lang='lat' dir='ltr'>patrimonialibus</span> <span class='ocrx_word' id='word_1_308' title='bbox 698 2884 889 2926; x_wconf 83' lang='lat' dir='ltr'>coaequat.</span> <span class='ocrx_word' id='word_1_309' title='bbox 1322 2874 1325 2878; x_wconf 73' lang='grc'><strong><em>’</em></strong></span> 
     </span>
    </p>

    <p class='ocr_par' dir='ltr' id='par_1_6' title="bbox 218 2949 2000 3068">
     <span class='ocr_line' id='line_1_34' title="bbox 335 2949 2000 3006; baseline 0.007 -21"><span class='ocrx_word' id='word_1_310' title='bbox 335 2949 344 2968; x_wconf 86' lang='lat'><em>¹</em></span> <span class='ocrx_word' id='word_1_311' title='bbox 374 2949 471 2986; x_wconf 85' lang='lat' dir='ltr'>Sess.</span> <span class='ocrx_word' id='word_1_312' title='bbox 502 2950 600 2992; x_wconf 84' lang='lat' dir='ltr'>XXI,</span> <span class='ocrx_word' id='word_1_313' title='bbox 627 2960 657 2987; x_wconf 86' lang='lat' dir='ltr'>c.</span> <span class='ocrx_word' id='word_1_314' title='bbox 685 2950 747 2995; x_wconf 85' lang='grc' dir='ltr'><strong>ΙΙΙ,</strong></span> <span class='ocrx_word' id='word_1_315' title='bbox 773 2955 809 2987; x_wconf 85' lang='lat' dir='ltr'>et</span> <span class='ocrx_word' id='word_1_316' title='bbox 835 2961 916 2997; x_wconf 86' lang='lat' dir='ltr'>cap.</span> <span class='ocrx_word' id='word_1_317' title='bbox 943 2952 1006 2988; x_wconf 92' lang='lat' dir='ltr'>ult.</span> <span class='ocrx_word' id='word_1_318' title='bbox 1026 2953 1070 2988; x_wconf 86' lang='lat' dir='ltr'>de</span> <span class='ocrx_word' id='word_1_319' title='bbox 1087 2954 1247 3000; x_wconf 85' lang='lat' dir='ltr'>rescript.</span> <span class='ocrx_word' id='word_1_320' title='bbox 1270 2955 1306 2990; x_wconf 90' lang='lat' dir='ltr'>in</span> <span class='ocrx_word' id='word_1_321' title='bbox 1320 2955 1351 2997; x_wconf 87' lang='lat'>6,</span> <span class='ocrx_word' id='word_1_322' title='bbox 1373 2954 1521 2993; x_wconf 87' lang='lat' dir='ltr'>dicitur:</span> <span class='ocrx_word' id='word_1_323' title='bbox 1551 2958 1719 3003; x_wconf 72' lang='lat' dir='ltr'>Officium</span> <span class='ocrx_word' id='word_1_324' title='bbox 1734 2961 1886 3005; x_wconf 82' lang='lat' dir='ltr'>propter</span> <span class='ocrx_word' id='word_1_325' title='bbox 1902 2960 2000 3006; x_wconf 73' lang='lat' dir='ltr'>qaod</span> 
     </span>
     <span class='ocr_line' id='line_1_35' title="bbox 218 3021 876 3068; baseline 0.003 -11"><span class='ocrx_word' id='word_1_326' title='bbox 218 3022 426 3068; x_wconf 77' lang='lat' dir='ltr'>beneficium</span> <span class='ocrx_word' id='word_1_327' title='bbox 451 3023 728 3060; x_wconf 78' lang='lat' dir='ltr'>ecclesiasticum</span> <span class='ocrx_word' id='word_1_328' title='bbox 755 3021 876 3059; x_wconf 77' lang='lat' dir='ltr'>datur.</span> 
     </span>
    </p>
   </div>
  </div>
 </body>
</html>
