2176 3386
799 183 929 212 Lmen
958 183 982 212 1.
1017 183 1073 211 DE
1103 183 1295 213 cni-:meis
1889 173 1939 213 41

277 290 350 335 47.
387 293 436 334 1n
470 303 570 348 cap.
616 290 672 334 55
715 289 760 334 h.
796 292 830 334 t.
879 289 924 333 in
969 289 1273 353 decretalibus
1312 290 1510 334 refertur
1541 302 1674 334 casus
1713 303 1804 348 quo
1846 293 1944 335 tres

159 389 218 420 ex
266 377 441 432 septem
490 371 902 431 compromissariis
949 370 1300 416 consentierunt
1353 372 1398 416 in
1449 382 1593 416 unum
1644 372 1943 430 compromis-

160 457 331 503 sarium
364 456 650 514 eligendum3
697 455 734 499 is
774 468 880 499 vero
913 454 1262 510 consentiendo,
1310 454 1356 499 in
1400 468 1447 499 se
1471 454 1620 512 ipsum
1664 454 1942 500 electionem

158 539 430 599 complevit;
482 539 590 584 hinc
634 537 844 583 nonnulli
882 537 1116 582 deducunt
1157 536 1431 596 principium
1474 537 1595 596 quod
1643 537 1823 582 etiamsi
1870 537 1940 582 sui

158 622 299 682 ipsius
336 621 498 667 electio
531 621 590 666 sit
623 620 848 679 prohibita
885 619 1158 674 lnelzoative,
1184 624 1342 665 tamen
1378 634 1472 665 non
1505 623 1574 664 est
1605 618 1832 677 prohibita
1858 622 1943 664 im·

157 706 354 764 pletive‚·
393 705 471 750 sed
505 705 617 749 falso
651 703 835 748 videtur
872 703 958 748 hoc
997 702 1272 761 principium
1318 702 1567 748 deductum
1609 717 1668 747 ex
1709 702 1945 761 praedicto

161 790 336 848 capite,
374 788 432 833 ibi
477 787 602 833 enim
638 787 786 845 potius
819 787 970 844 agitur
1010 786 1064 838 de
1112 785 1523 844 compromissariis
1555 800 1613 830 ex
1651 786 1816 845 quihus
1848 790 1945 831 tres

161 871 431 916 mandatum
465 874 764 914 excesserunt
797 870 869 913 vel
902 869 1006 927 quia
1042 869 1280 926 elegerunt
1322 868 1589 926 indignum,
1626 868 1697 912 vel
1742 867 1945 926 capitulo

158 959 451 1001 extraneum.

275 1038 348 1083 48.
388 1036 558 1082 Electio
591 1035 778 1081 tandem
815 1050 894 1093 per
926 1034 1275 1093 inspirationem
1310 1034 1346 1078 si
1385 1033 1458 1078 Dei
1496 1032 1769 1078 miraculum
1800 1034 1942 1078 inter-

159 1120 334 1175 veniat,
372 1119 443 1165 vel
478 1133 558 1178 per
588 1119 717 1178 quasi
751 1117 1101 1175 inspirationem
1137 1117 1233 1162 fieri
1276 1120 1441 1175 potest,
1477 1130 1583 1161 cum
1618 1130 1779 1161 omnes
1820 1117 1943 1175 capi-

157 1204 353 1259 tulares,
391 1202 514 1247 nullo
550 1201 737 1262 praevio
770 1205 972 1246 tractatu
1006 1200 1347 1254 intercedente,
1390 1212 1552 1244 omnes
1594 1199 1639 1243 in
1684 1214 1828 1244 unum
1863 1201 1943 1244 eli-

158 1287 355 1345 gendum
393 1285 696 1332 conveniunt.

276 1370 347 1413 49.
388 1368 559 1413 Electio
591 1367 731 1412 libera
775 1381 872 1412 esse
906 1368 1040 1412 dehet
1078 1382 1103 1412 a
1146 1371 1299 1423 metu;
1345 1380 1475 1411 secus
1514 1366 1550 1411 si
1596 1371 1746 1410 metus
1789 1366 1946 1423 gravis

159 1453 314 1509 fuerit,
350 1452 477 1496 irrita
512 1455 582 1496 est
616 1454 645 1495 ².

278 1534 348 1578 50.
393 1537 559 1579 Contra
605 1538 759 1577 autem
803 1532 1125 1592 delinquentes
1166 1532 1212 1576 in
1256 1532 1556 1577 electionibus
1604 1536 1830 1576 statutum
1874 1536 1945 1576 est

162 1618 201 1675 1)
236 1616 272 1661 si
305 1617 526 1661 electores
559 1616 760 1661 scienter
792 1616 1031 1673 indignum
1066 1616 1238 1674 eligant
1270 1616 1516 1674 privantur
1539 1629 1591 1660 ea
1616 1615 1718 1659 vice
1743 1614 1840 1658 iure
1864 1614 1941 1659 eli·

161 1700 295 1758 gendi
330 1705 376 1744 et
400 1714 480 1757 per
512 1699 764 1744 triennium
800 1700 1145 1759 suspenduntur
1167 1715 1191 1744 a
1217 1699 1451 1745 beneficiis
1484 1699 1498 1722 ²
1534 1713 1625 1744 non
1653 1713 1760 1743 vero
1794 1698 1850 1743 ab
1877 1699 1944 1742 of·

157 1782 298 1839 ficiis;
336 1783 372 1826 si
406 1797 517 1827 vero
550 1783 746 1827 formam
782 1783 1018 1828 electionis
1061 1797 1154 1828 non
1198 1787 1388 1828 servent
1430 1797 1509 1841 per
1540 1781 1819 1828 sententiam
1856 1782 1941 1835 pri-

160 1865 299 1910 vandi
334 1869 443 1910 sunt
476 1869 702 1924 potestate
735 1867 930 1924 eligendi
965 1867 993 1909 ³.
1150 1889 1183 1926 μμ

485 2045 502 2089 ξ
529 2047 560 2081 2.
587 2067 633 2070 -
659 2047 718 2082 De
741 2047 1057 2095 particularibus
1084 2047 1320 2094 quibusdam
1350 2049 1616 2085 electionibus.

282 2199 352 2242 51.
392 2203 438 2244 In
473 2199 744 2258 quibusdam
780 2201 1050 2258 praelaturis
1082 2201 1246 2246 electio
1281 2202 1579 2260 particulares
1622 2203 1741 2261 leges
1775 2204 1940 2248 habet:

159 2282 419 2327 huiusmodi
453 2287 561 2327 sunt
595 2284 844 2329 electiones
875 2285 1163 2344 superiorum
1197 2286 1492 2343 regularium.
1531 2286 1595 2330 Ad
1629 2286 1710 2331 has
1732 2287 1851 2346 quod
1876 2292 1941 2332 at-

159 2365 294 2420 tinet,
331 2366 420 2410 duo
455 2365 652 2423 primum
687 2372 795 2411 sunt
827 2368 1083 2426 generatim
1117 2368 1547 2414 animadvertenda.
1593 2365 1626 2425 l')
1654 2369 1768 2414 Iuris
1791 2370 1946 2428 apices

158 2447 205 2493 in
241 2463 399 2494 eorum
435 2449 735 2495 electionibus
767 2451 887 2509 exigi
922 2465 1014 2496 non
1049 2453 1213 2508 solent,
1250 2452 1311 2497 ita
1346 2457 1416 2508 ut,
1449 2453 1698 2498 dummodo
1731 2453 1942 2498 substan-

158 2531 283 2577 tialia
340 2535 523 2577 servata
578 2533 766 2589 fuerint,
817 2548 975 2578 eorum
1025 2535 1274 2580 electiones
1327 2536 1542 2580 facillime
1586 2536 1936 2582 confirmentur.

159 2615 201 2670 2)
240 2616 436 2671 Statuta,
474 2615 711 2675 privilegia
751 2620 797 2661 et
838 2617 1197 2662 consuetudines
1237 2619 1522 2676 singulorum
1565 2619 1789 2664 Ordinum
1834 2624 1946 2664 sunt

280 2757 288 2776 ¹
319 2758 356 2794 C.
385 2759 438 2801 14,
465 2759 500 2794 h.
528 2764 548 2794 ῑ.
578 2759 648 2795 Alii
678 2765 803 2805 putant
833 2761 892 2797 tali
922 2761 957 2796 iu
985 2771 1073 2798 casu
1102 2762 1319 2798 electionem
1347 2773 1428 2798 esse
1457 2764 1611 2799 validam
1639 2763 1702 2798 sed
1733 2763 1943 2799 rescinilibi·

160 2827 229 2863 lem
257 2829 302 2864 ad
328 2835 457 2866 nutum
486 2831 598 2875 partis
626 2831 767 2868 laesae:
796 2842 889 2878 quae
918 2832 1102 2868 sententia
1132 2833 1250 2869 verior
1278 2834 1430 2869 videtur.
1463 2833 1533 2869 Cl'r.
1564 2834 1599 2869 in
1627 2834 1767 2869 Decrel.
1797 2833 1940 2869 titulum

158 2899 203 2935 de
230 2900 286 2936 his
313 2910 407 2946 quae
435 2902 467 2937 vi
498 2908 661 2938 metusve
689 2913 802 2939 causa
824 2903 924 2938 fiunt.

277 2971 288 2989 ²
316 2972 352 3008 C.
380 2972 398 3006 7
426 2973 463 3008 in
490 2972 548 3009 fin.
578 2973 612 3008 h.
641 2979 662 3009 t.

279 3041 292 3060 ²
319 3043 355 3079 C.
381 3042 427 3078 42
454 3043 490 3079 in
518 3043 578 3079 fin.
607 3045 640 3080 h.
669 3050 691 3080 l.
