2176 3386
168 163 248 204 360
817 176 928 205 PARS
956 178 980 205 1.
1011 177 1068 205 DE
1096 176 1308 206 Pi-:Rsoms

287 285 391 332 456.
431 289 491 330 De
527 286 732 344 personis
763 286 852 331 duo
887 289 996 332 sunt
1028 285 1326 345 inquirenda:
1349 299 1577 345 quaenam
1602 286 1696 332 sint
1718 289 1766 332 et
1785 286 1961 347 quibus

169 367 523 427 obligationibus
555 373 819 414 teneantur.
859 374 995 414 Porro
1028 373 1078 413 ut
1110 383 1134 413 a
1183 367 1331 427 primo
1371 368 1683 425 exordiamur,
1735 382 1949 428 persona-

172 465 294 508 rum,
329 451 494 511 quibus
526 453 781 498 Concilium
808 452 1088 511 provinciale
1112 451 1343 507 coalescit,
1367 452 1650 511 quadruplex
1673 456 1742 497 est
1765 452 1954 511 gradus,

172 533 219 578 in
254 548 450 593 quorum
485 535 632 593 primo
666 540 735 579 est
767 535 861 593 ipse
898 535 1187 593 Metropolita
1219 535 1357 594 quive
1389 535 1486 579 eius
1518 536 1668 580 locum
1711 538 1856 591 tenet,
1902 534 1956 579 in

171 618 372 662 secundo
405 605 481 677 qui
515 617 785 676 suffragium
821 619 990 663 liabent
1022 617 1276 663 decisivum
1303 629 1314 670 ;
1365 617 1411 662 in
1445 616 1581 663 tertio
1614 617 1691 677 qui
1733 617 1958 662 consulti-

173 714 313 757 vum;
350 700 396 744 in
429 705 593 760 quarto
627 701 703 760 qui
737 701 792 746 ad
826 715 877 746 ea
912 705 1095 746 tantum
1130 701 1420 759 exponenda,
1454 714 1570 760 quae
1597 714 1676 745 sua
1702 701 1959 757 intersunt,

170 783 227 828 ad
259 783 511 829 Concilium
544 784 854 829 admittuntur
884 789 963 828 aul
998 787 1237 829 vocantur.

296 870 355 911 De
390 867 679 925 Metropolita
713 867 1025 926 quaerendum
1061 872 1159 912 est:
1195 867 1303 926 quid
1337 867 1429 925 ipse
1464 867 1509 911 in
1543 866 1744 912 Concilio
1767 865 1959 924 provin-1

174 948 275 993 ciali
314 951 489 1005 valeat,
526 965 615 1009 quo
650 951 694 994 in
730 964 837 995 casu
871 950 1013 995 suffici
1047 951 1195 995 eidem
1229 951 1343 995 alius
1376 955 1421 995 et
1452 951 1553 1010 quis
1575 951 1752 995 debeat.
1795 949 1959 1004 Quoad

178 1031 395 1090 primum,
432 1034 518 1078 hoc
552 1034 641 1078 dici
674 1034 930 1090 generatim
966 1038 1131 1092 potest,
1169 1033 1504 1092 Metropolitam
1540 1033 1586 1077 in
1621 1032 1822 1078 Concilio
1855 1046 1956 1090 pro-

178 1115 366 1160 vinciali
401 1131 499 1162 esse
532 1117 735 1162 eiusdem
770 1121 913 1175 Caput
946 1132 998 1162 ac
1032 1118 1310 1175 Praesidem,
1345 1118 1620 1163 auctoritate
1653 1123 1810 1162 tamen
1834 1117 1961 1161 haud

175 1199 348 1244 maiore
382 1214 519 1259 quam
556 1201 783 1259 praecipui
819 1201 997 1257 iudicis,
1033 1202 1095 1246 ita
1131 1207 1179 1246 ut
1211 1201 1411 1247 Concilio
1443 1202 1780 1261 quadamtenus
1811 1201 1960 1246 etiam·

174 1282 319 1326 subsit
354 1284 382 1327 ¹.
422 1283 529 1328 Inde
564 1284 676 1329 haec
709 1289 989 1343 sequuntur:

293 1367 395 1411 457.
436 1370 501 1411 Ex
533 1381 586 1412 eo
618 1368 738 1427 quod
772 1368 865 1426 ipse
888 1368 1075 1413 Concilii
1102 1372 1284 1413 Praeses
1316 1374 1362 1414 et
1382 1371 1527 1428 Caput
1549 1369 1623 1424 sit,
1649 1368 1703 1412 ad
1726 1381 1832 1412 eum
1856 1381 1962 1425 per·

175 1448 340 1494 tinere:
367 1451 412 1506 a)
434 1449 686 1495 Concilium
711 1465 970 1496 convocare
989 1451 1019 1495 2.
1044 1453 1084 1507 b)
1113 1452 1266 1496 Eidem
1292 1465 1516 1510 praeesse,
1543 1450 1605 1495 ita
1628 1455 1802 1505 tamen,
1830 1453 1880 1494 ut
1901 1463 1964 1494 eo

175 1531 290 1588 iure,
326 1538 507 1591 praeter
538 1535 951 1592 praeeminentiam
986 1536 1030 1580 iu
1065 1537 1263 1581 sedendo
1296 1542 1432 1596 atque
1466 1536 1512 1581 in
1542 1536 1885 1592 subscribendo,
1913 1536 1956 1580 id

175 1620 360 1661 tantum
394 1618 703 1673 contineatur,
741 1623 790 1663 ut
822 1625 952 1663 curet
995 1634 1370 1679 unumquemque
1412 1633 1492 1664 suo
1533 1620 1632 1664 loco
1674 1617 1962 1664 sententiam

176 1700 344 1756 dicere,
381 1715 529 1760 neque
562 1703 815 1747 Concilium
850 1703 1060 1758 turbare;
1098 1717 1189 1748 non
1224 1708 1376 1747 autem
1413 1707 1463 1747 ut
1494 1704 1635 1761 possit
1657 1703 1755 1747 sine
1785 1702 1961 1748 offensa

177 1783 364 1829 Concilii
398 1789 478 1829 aut
510 1784 618 1830 illud
652 1786 917 1841 dissolvere,
952 1791 1031 1831 aut
1074 1787 1287 1846 cuiquam
1335 1786 1568 1845 Episcopo,
1611 1785 1791 1831 etiamsi
1833 1786 1966 1830 inur-

178 1867 295 1913 bane
329 1874 490 1914 contra
524 1870 673 1928 ipsum
715 1884 762 1915 se
802 1871 1007 1929 gesserit,
1055 1884 1296 1915 censuram
1341 1870 1562 1928 infligere,
1610 1871 1681 1914 vel
1714 1869 1965 1914 'silentium

178 1952 397 2008 indicere,
434 1957 515 1998 aut
547 1953 702 1999 iubere
735 1953 933 2013 aliquem
969 1954 1095 1999 exire
1121 1955 1193 1999 vel
1217 1955 1406 2010 intrare,
1432 1961 1510 1999 aut
1534 1953 1735 1998 libellum
1760 1953 1960 2012 aliquem

179 2036 263 2095 legi
298 2038 372 2082 vel
404 2037 531 2082 reiici
556 2037 586 2081 ⁸.
623 2039 660 2093 c)
699 2038 854 2082 Totius
886 2037 1074 2082 Concilii
1109 2037 1364 2082 sententias
1395 2050 1475 2081 suo
1501 2036 1687 2081 nomine
1709 2036 1966 2082 inscribere

179 2134 346 2180 easque
380 2121 434 2166 de
469 2120 661 2166 consilio
693 2126 739 2166 et
763 2134 989 2166 consensu
1015 2120 1413 2178 Suil'raganeorum
1441 2118 1755 2176 pronuntiare,
1774 2119 1887 2164 adeo
1910 2123 1962 2163 ut

104 2224 110 2227 ·
179 2204 215 2248 si
251 2203 631 2263 Archiepiscopus
659 2204 959 2262 pronuntiare
983 2202 1262 2248 sententiam
1287 2202 1485 2261 aliquam
1512 2202 1641 2256 nolit,
1666 2202 1826 2246 eadem
1852 2202 1962 2246 ferri

179 2300 205 2330 a
239 2285 405 2331 ceteris
439 2300 532 2330 non
567 2286 723 2344 possit,
759 2286 836 2331 sed
870 2290 1085 2331 Summus
1112 2285 1324 2331 Pontifex
1348 2285 1407 2329 sit
1429 2286 1476 2330 in
1500 2299 1551 2330 eo
1574 2299 1680 2330 casu
1705 2285 1961 2331 adeundus.

299 2370 402 2414 458.
444 2374 507 2414 Ex
539 2384 592 2414 eo
625 2370 743 2429 quod
777 2369 836 2414 sit
858 2384 1011 2414 merus
1035 2369 1188 2424 iudex,
1210 2369 1317 2414 licet
1341 2369 1624 2427 praecipuus,
1647 2383 1735 2414 una
1760 2383 1864 2415 cum
1888 2385 1963 2415 ce·

180 2452 307 2507 teris,
333 2452 565 2512 sequitur:
603 2454 648 2510 a)
677 2458 725 2498 ln
749 2452 993 2498 sententiis
1015 2451 1114 2497 sive
1146 2452 1342 2497 decretis
1374 2451 1574 2496 ferendis
1607 2451 1768 2496 maiori
1801 2451 1965 2497 suffra·

182 2536 360 2594 giorum
395 2550 590 2580 numero
624 2536 784 2580 cedere
818 2549 922 2580 eum
958 2539 1193 2593 oportere3
1244 2535 1284 2592 b)
1320 2534 1578 2593 Episcopos,
1614 2548 1707 2579 non
1750 2534 1963 2579 obstante

182 2618 523 2677 Metropolitani
559 2619 833 2678 praesentia,
870 2618 936 2663 uti
970 2619 1016 2662 in
1063 2616 1264 2664 Concilio
1312 2630 1440 2676 posse
1489 2620 1618 2661 veste
1665 2616 1802 2672 linea,
1845 2629 1964 2675 quae

183 2704 311 2749 audit
344 2703 594 2759 Bocchetto,
632 2717 722 2748 una
757 2717 861 2747 cum
897 2706 1146 2749 Mezzecta.

304 2837 313 2855 ¹
342 2836 470 2873 Pmnx
496 2837 542 2873 ad
571 2837 688 2873 Consi.
715 2837 859 2872 unicam
885 2836 1037 2872 Honor-ii
1062 2835 1113 2878 ΙΙ,
1142 2839 1228 2872 sect.
1259 2834 1287 2877 l,
1314 2843 1349 2870 n.
1374 2833 1417 2870 41
1446 2832 1588 2870 collatis
1606 2842 1642 2869 n.
1661 2832 1716 2877 75,
1734 2831 1790 2875 92,
1809 2832 1868 2869 86.

305 2908 317 2926 ²
346 2908 431 2954 Cap.
459 2908 504 2944 25
529 2909 574 2944 de
600 2912 758 2945 accusat.
787 2907 947 2944 Trident.
974 2906 1070 2943 Sess.
1098 2905 1233 2948 XXIV,
1260 2905 1345 2951 Cap.
1376 2905 1405 2940 [Ι
1432 2905 1473 2942 de
1498 2905 1654 2950 Reform.

304 2979 317 2999 ³
342 2981 468 3017 Para».
496 2979 563 3016 loc.
590 2980 651 3015 cit.
677 2988 712 3015 n.
741 2977 807 3022 72;
836 2979 1039 3015 FAGNANUS
1065 2978 1104 3014 in
1134 2977 1221 3023 Cap.
1248 2975 1293 3013 25
1319 2977 1362 3014 de
1389 2980 1551 3013 accusat.
1576 2985 1611 3011 n.
1636 2974 1684 3011 98
1708 2984 1814 3021 seqq.
1838 2974 1964 3020 ibique

185 3052 219 3089 S.
246 3051 362 3097 Cong.
390 3050 558 3088 Concilii.

2127 2885 2147 3038 moue-⁴-
2126 2802 2147 2870 ·z-v-t-
2126 2759 2150 2785 θ
2135 2710 2137 2713 -
