2176 3386
256 179 334 219 164
896 186 1007 216 PARS
1035 187 1061 214 1.
1095 186 1152 214 DE
1181 184 1393 215 pensoms

253 295 474 343 sessiones
514 294 799 354 recipiendas
830 297 911 338 aut
941 293 998 337 ad
1026 291 1434 351 praedicationem,
1465 291 1550 336 nisi
1581 291 1858 338 missionarii
1895 293 2036 338 etiam

257 380 500 437 Regulares
516 378 692 424 litteras
709 378 965 436 patentales
982 375 1164 421 Vicario
1182 375 1441 434 Apostolico
1462 379 1696 434 Europaeo
1721 375 2034 422 exhibuerint.

255 465 297 521 5)
330 467 404 508 lus
437 461 690 507 fabricandi
724 473 961 520 processus
990 460 1045 504 de
1071 459 1303 504 miraculis
1336 463 1381 503 et
1414 459 1726 517 martyribus,
1767 460 2039 518 disponendi

254 548 374 593 circa
424 545 766 592 observantiam
810 545 1032 589 festorum
1066 547 1112 588 et
1144 556 1380 588 sacrorum
1419 542 1623 598 rituum,
1661 543 1919 601 publicandi
1966 544 2038 588 lit·

255 636 377 675 teras
412 629 707 689 Apostolicas,
746 627 1018 682 lubilaeum‚
1058 630 1247 671 Decreta
1296 629 1368 671 SS.
1404 626 1824 684 congregationum
1858 627 2040 672 Vicario

258 713 514 772 Apostolico
548 715 826 756 reservatur.
862 711 906 766 4)
932 709 1190 754 Facultates
1221 723 1337 767 quae
1371 722 1396 753 a
1430 711 1564 753 Sacra
1602 708 1902 768 inquisitione
1933 722 2040 754 con-

257 797 500 850 ceduntur,
539 793 717 838 Vicario
753 792 1010 851 Apostolico
1058 796 1387 846 reservantur,
1422 792 1499 851 qui
1540 796 1698 836 tamen
1747 796 1898 850 potest
1945 792 2041 850 Epi-

257 893 417 939 scopos
450 878 689 935 indigenos
720 877 944 934 delegare.
981 876 1022 932 5)
1062 879 1111 919 ln
1144 875 1280 919 dubio
1314 874 1435 920 circa
1469 875 1841 932 interpretandas
1869 875 2043 921 litteras

260 962 539 1021 Apostolicas
570 960 801 1005 sententia
839 963 887 1003 V.
927 957 1171 1017 Apostolici
1204 959 1435 1017 sequenda
1469 961 1554 1013 est,
1589 959 1736 1002 donec
1770 970 2041 1016 responsum

259 1045 521 1091 obtineatur
552 1059 576 1088 a
612 1044 722 1088 Sede
757 1042 1029 1101 Apostolica.
1078 1044 1118 1097 6)
1159 1042 1251 1086 Vic.
1289 1045 1365 1099 Ap.
1404 1042 1645 1100 Episcopos
1691 1039 1929 1098 indigenos
1971 1055 2043 1086 co-

259 1144 363 1187 gere
397 1132 545 1186 potest
578 1133 627 1171 ut
651 1127 834 1184 Synodo
867 1126 1165 1170 dioecesanae
1201 1126 1534 1179 interveniant,
1570 1125 1733 1169 saltem
1768 1138 1848 1182 per
1883 1128 2042 1169 Procu-

261 1218 476 1257 ratorem.
526 1212 568 1267 7)
605 1211 698 1255 Vic.
734 1208 1019 1269 Apostolicus
1063 1213 1211 1267 potest
1255 1208 1388 1252 titulo
1437 1207 1667 1252 missionis
1701 1211 1748 1252 et
1779 1207 1950 1267 absque
1981 1207 2045 1252 di-

262 1295 480 1340 missoriis
512 1293 849 1339 ordinariorum
874 1293 1062 1337 clericos
1094 1292 1150 1336 ad
1182 1305 1335 1336 sacros
1358 1291 1541 1336 ordines
1565 1305 1838 1349 promovere
1871 1291 1917 1335 in
1946 1291 2044 1336 eius

261 1378 519 1423 seminariis
552 1378 786 1435 degentes,
821 1377 896 1435 qui
932 1381 1087 1420 tamen
1123 1380 1397 1419 consuetum
1433 1375 1751 1418 iuramentum
1788 1373 2042 1419 emiserint.

380 1462 479 1506 218.
520 1465 567 1507 ll.
593 1460 749 1514 Quoad
776 1461 1094 1503 ⁴‘llis-siouarios
1126 1459 1415 1503 Saeculares.
1457 1459 1494 1513 1)
1527 1456 1804 1502 Missionarii
1829 1462 2049 1502 tenentur

263 1545 481 1589 exhibere
515 1546 668 1588 literas
703 1543 956 1601 patentales
979 1541 1171 1587 Vicariis
1205 1540 1490 1599 Apostolicis,
1523 1542 1595 1585 vel
1632 1540 1730 1585 istis
1763 1540 2044 1595 absentibus,

264 1643 422 1673 eorum
459 1627 753 1685 pro-vicariis
785 1631 831 1670 et
863 1627 919 1670 ab
953 1626 1004 1670 iis
1039 1630 1190 1684 petere
1226 1624 1458 1669 licentiam
1484 1638 1563 1682 pro
1588 1624 1887 1669 facultatibus
1919 1638 2047 1669 exer-

265 1712 421 1756 cendis
445 1712 473 1756 ¹.
507 1714 549 1768 2)
579 1710 854 1756 Missionarii
879 1710 1135 1755 saeculares
1158 1708 1310 1754 cleriei
1344 1708 1420 1767 qui
1445 1722 1469 1752 a
1502 1708 1612 1752 Sede
1653 1708 1908 1766 Apostolica
1933 1706 2050 1752 datis

265 1795 408 1840 literis
441 1796 496 1839 ad
533 1794 773 1838 missiones
809 1793 1102 1838 destinantur
1137 1791 1421 1836 vicariorum
1457 1792 1822 1850 Apostolicorum
1870 1790 2050 1835 iurisdi-

266 1879 433 1934 ctioni,
470 1878 722 1923 visitationi
765 1882 811 1921 et
843 1876 1117 1921 correctioni
1161 1875 1426 1919 omnimode
1465 1888 1627 1919 omnes
1662 1879 1708 1918 et
1741 1873 1905 1931 singuli
1948 1875 2051 1918 sub-

267 1967 375 2006 sunt
398 1962 429 2005 2.
482 1962 522 2018 5)
563 1960 837 2006 Missionarii
880 1964 1116 2018 nequeunt
1157 1958 1388 2003 discedere
1421 1971 1446 2002 a
1483 1957 1698 2002 missione
1733 1957 1832 2001 sine
1865 1955 2067 2002 licentia

271 2045 434 2090 vicarii
474 2045 715 2104 Apostolici
741 2045 771 2088 ³.
808 2043 1068 2101 4)Vicai·ius
1104 2041 1386 2100 Apostolicus
1420 2041 1487 2085 ius
1520 2041 1658 2085 babet
1691 2045 1790 2098 post
1822 2043 1846 2085 6
1873 2053 2053 2085 menses

268 2129 325 2173 ab
356 2129 561 2173 adventu
597 2128 704 2173 novi
741 2126 1017 2172 missionarii
1061 2139 1167 2170 eum
1200 2124 1469 2169 subiiciendi
1510 2123 1713 2168 examini
1762 2137 1898 2182 super
1939 2113 2052 2182 peri-

269 2211 382 2256 tiam
417 2211 597 2268 linguae
631 2211 749 2255 illius
782 2210 891 2255 loci:
927 2210 963 2254 si
998 2210 1044 2254 in
1079 2209 1294 2254 examine
1328 2207 1510 2253 deficiat
1545 2212 1644 2265 post
1677 2206 1790 2252 alios
1823 2208 1847 2251 6
1874 2219 2055 2252 menses

271 2307 427 2339 rursus
461 2293 776 2339 missionarius
808 2292 1105 2338 examinatur
1136 2296 1184 2336 et
1215 2291 1403 2335 tandem
1439 2289 1475 2334 si
1499 2289 1820 2347 incorrigibilis
1852 2289 1926 2344 sit,
1954 2287 2050 2334 Vic.

273 2376 556 2435 Apostolieus
580 2378 761 2421 Sacram
781 2381 943 2433 congr.
980 2375 1379 2419 commonefacere
1413 2373 1548 2417 debet
1570 2372 1602 2416 ⁸.
1641 2373 1682 2428 5)
1711 2372 1917 2416 Vicarius
1942 2375 2055 2430 Apo·

272 2459 459 2504 stolicus
493 2460 561 2504 ius
593 2460 730 2504 habet
764 2464 813 2502 ut
845 2473 870 2503 a
907 2458 1205 2503 missionariis
1239 2459 1355 2503 ratio
1387 2457 1427 2501 ei
1463 2456 1678 2501 reddatur
1709 2456 1765 2501 de
1787 2456 1988 2514 acceptis
2009 2460 2055 2500 et

273 2542 488 2600 expensis
511 2542 541 2586 ⁵.
592 2543 633 2599 6)
668 2541 835 2586 Vicarii
879 2540 1123 2599 Apostolici
1168 2545 1357 2599 possunt
1395 2552 1636 2584 removere
1682 2538 1998 2583 missionarios
2029 2551 2055 2582 a

395 2758 404 2776 ¹
427 2758 575 2795 Collect.
603 2767 637 2793 n.
664 2756 744 2799 272,
771 2755 851 2799 280,
878 2755 959 2800 28¹,
987 2757 1069 2792 511.

396 2827 408 2845 ’
435 2827 583 2863 Collect.
611 2836 646 2863 n.
674 2825 753 2862 292.

397 2899 409 2918 ³
436 2899 584 2936 Collect.
612 2909 647 2934 n.
674 2898 755 2934 295.

398 2971 412 2991 '⁵
437 2971 584 3008 Sollect.
611 2980 645 3007 n.
673 2969 754 3014 512,
781 2970 861 3014 515,
888 2969 968 3014 527,
995 2970 1076 3006 528.

397 3042 410 3062 ⁸
438 3043 586 3080 Collect.
612 3053 649 3078 n.
677 3042 758 3078 510.
