2176 3386
225 249 305 288 322
869 262 979 292 PARS
1009 263 1034 292 1.
1069 263 1126 291 DE
1155 262 1368 291 PERSONIS

224 365 421 411 videnda
454 365 513 410 sit
545 366 734 426 eiusque
767 367 1055 413 administris
1089 369 1409 427 prospiciatur,
1445 371 1675 416 sententia
1710 385 1891 431 quoque
1923 375 2007 418 Re-

221 449 362 495 ctoris
394 449 678 510 exquirenda
711 456 796 507 est,
831 456 877 495 et
908 450 945 496 si
993 466 1021 504 a⁴
1068 451 1288 510 religiosis
1335 452 1563 499 sodalibus
1609 453 1765 500 missio
1812 455 2008 501 admini-

223 537 410 589 stretur,
446 534 709 579 Praefectus
739 534 924 579 Ordinis
956 535 1212 581 audiendus
1232 539 1317 580 cst.
1358 536 1561 596 Denique
1583 551 1785 596 congrua
1807 539 1888 585 d'os
1910 545 2008 586 tam

224 631 306 677 pro
339 618 565 676 parochis,
591 633 729 678 quam
765 634 844 678 pro
867 620 1088 665 ecclesiae
1122 620 1394 676 parochialis
1415 622 1612 668 tuitione
1635 623 1682 668 in
1707 611 1920 683 promptu
1949 624 2014 670 sit

226 704 407 758 oportet
437 714 490 746 ac
525 701 793 759 praesertim
838 717 916 760 pro
950 703 1092 748 sacris
1125 704 1496 762 supellectilibus,
1549 706 1772 765 lampadis
1818 707 2008 753 alimen·

227 785 276 827 to
310 787 397 827 etc.
439 784 449 805 ¹
487 783 726 829 Ordinarie
759 799 871 830 vero
906 785 1160 843 imponitur
1191 786 1405 845 obligatio
1440 790 1637 846 parocho
1673 789 1894 835 ecclesiae
1928 804 2010 835 no-

233 864 352 909 viter
384 864 581 922 erectae,
610 871 659 910 ut
691 867 966 913 solemniore
999 869 1152 928 aliquo
1175 869 1246 914 die
1280 870 1505 916 tributum
1538 871 1718 931 aliquod
1743 873 1904 920 offerat
1936 889 2010 920 ec-

226 948 406 1005 clesiae,
442 964 558 1009 quae
590 949 1047 997 dismembrationem
1080 952 1220 997 subiit
1250 954 1306 998 ad
1339 954 1748 1001 demonstrandam
1781 957 1879 1002 eius
1914 972 2010 1003 ma-

227 1033 497 1079 tricitatem.

919 1277 1226 1331 TITULUS
1266 1279 1326 1331 V.

676 1434 753 1486 De
795 1434 1026 1490 Clericis
1066 1457 1131 1488 ac
1180 1434 1570 1491 Missionariis.

346 1610 445 1654 597.
483 1612 727 1668 Postquam
761 1611 815 1655 de
852 1610 1066 1656 Praelatis
1089 1611 1165 1670 qui
1190 1611 1551 1656 iurisdictionem
1585 1616 1806 1657 exercent
1829 1612 1874 1656 in
1898 1607 2009 1657 locis

227 1707 461 1739 sacrarum
495 1694 842 1752 expeditionum
876 1695 1071 1753 egimus,
1106 1696 1161 1739 de
1198 1695 1494 1741 Missionariis
1524 1695 1569 1740 in
1593 1697 1678 1740 hoc
1700 1696 1848 1755 capite
1871 1711 2006 1754 agen-

226 1779 334 1823 dum
369 1782 454 1834 est,
489 1778 664 1823 scilicet
696 1778 750 1823 de
783 1779 961 1823 clericis
993 1779 1068 1837 qui
1104 1779 1159 1823 ad
1195 1779 1548 1837 praedicandum
1592 1778 1756 1823 Christi
1802 1782 2010 1836 Evange-

227 1862 340 1906 lium
376 1867 512 1921 atque
548 1862 683 1906 tidem
717 1861 991 1906 catholicam
1025 1861 1395 1906 annuntiandam
1420 1861 1740 1918 schismaticis,
1767 1861 2009 1907 haereticis

226 1949 272 1988 et
304 1944 579 1999 infidelibus,
615 1945 670 1989 ab
705 1943 961 2003 Apostolica
996 1944 1107 1988 Sede
1144 1943 1407 1998 mittuntur,
1432 1943 1791 2003 opportunisque
1823 1945 2011 1989 faculta-

226 2028 348 2073 tibus
383 2030 689 2073 instruuntur.
728 2033 908 2082 Quanta
945 2041 1102 2072 eorum
1138 2027 1196 2071 sit
1242 2026 1439 2084 dignitas
1486 2041 1543 2071 ex
1578 2026 1680 2071 [inis
1732 2026 2005 2072 excellentia

227 2115 431 2169 apparet,
467 2112 541 2169 qui
578 2116 647 2155 est
684 2110 759 2154 Dei
794 2110 932 2167 gloria
967 2116 1013 2154 et
1047 2109 1364 2167 proximorum
1397 2109 1533 2163 salus,
1581 2123 1670 2167 quo
1715 2108 1826 2152 nihil
1870 2107 2005 2152 subli-

227 2194 346 2238 mius
379 2193 629 2251 excogitari
666 2198 827 2251 potest.
865 2193 983 2237 Hinc
1016 2193 1134 2251 quod
1181 2192 1389 2236 omnium
1433 2191 1631 2249 primum
1673 2195 1879 2250 spectare
1926 2189 2008 2248 ipsi

226 2274 411 2328 debent,
447 2274 651 2332 profecto
684 2277 752 2317 est
787 2273 929 2331 pietas
962 2277 1008 2316 et
1041 2273 1262 2316 sanctitas
1295 2271 1456 2326 animi,
1491 2285 1608 2330 quae
1631 2270 1816 2330 quidem
1834 2270 2007 2314 sitnon

227 2354 589 2414 qualiscumque,
626 2352 703 2397 sed
735 2367 851 2412 quae
885 2351 1042 2410 gradui
1076 2367 1236 2397 eorum
1269 2366 1322 2396 ac
1354 2351 1565 2409 dignitati
1599 2350 1887 2409 respondeat.
1931 2352 2010 2393 Ve-

228 2451 330 2481 rum
364 2436 468 2495 quia
504 2435 586 2494 ipsi
621 2436 835 2480 lucernae
868 2435 1007 2479 etiam
1042 2438 1148 2479 sunt
1182 2448 1317 2493 super
1349 2434 1673 2479 candelabrum
1709 2431 1897 2491 positae,
1934 2445 2011 2476 ne-

226 2533 351 2564 cesse
385 2533 566 2578 quoque
599 2523 668 2563 est
701 2524 751 2563 ut
784 2518 1102 2563 continentiae
1136 2518 1454 2576 virtutumque
1487 2518 1695 2566 omnium
1741 2516 1793 2573 ,in
1834 2519 2013 2561 ceteros

228 2602 383 2647 lumen
418 2602 652 2654 emittant,
690 2602 734 2646 in
769 2614 846 2646 eos
878 2601 1003 2645 enim
1039 2605 1274 2660 tamquam
1318 2599 1363 2644 in
1398 2599 1590 2645 totidem
1635 2600 1814 2657 specula
1863 2598 2011 2656 suspi-

227 2686 357 2730 ciunt
387 2689 614 2744 quotquot
644 2684 700 2729 ad
736 2698 894 2728 veram
929 2682 1064 2728 fidem
1097 2687 1370 2727 convertere
1405 2683 1476 2727 vel
1517 2683 1732 2727 reducere
1754 2686 2001 2726 conantur.

349 2772 484 2812 Porro
518 2780 735 2823 canones,
770 2767 826 2811 ad
858 2779 971 2825 quos
1015 2765 1289 2811 Missionarii
1328 2779 1489 2810 eorum
1531 2765 1678 2809 vitam
1718 2765 1900 2823 exigere
1934 2764 2011 2809 de-

229 2852 354 2907 bent,
393 2851 558 2909 partim
593 2850 806 2896 omnibus
837 2863 1108 2895 communes
1140 2849 1459 2904 suntclericis,
1480 2848 1646 2907 partim
1665 2862 1824 2893 eorum
1857 2851 2005 2893 status

227 2939 335 2980 sunt
368 2934 550 2993 proprii.
586 2934 703 2979 Hinc
735 2933 790 2978 de
823 2932 1072 2992 privilegiis
1103 2937 1150 2977 et
1182 2933 1398 2977 oneribus
1438 2931 1711 2980 clericorum
1745 2929 2001 2989 generatim

226 3032 430 3077 agemus,
465 3018 685 3063 addentes
716 3031 833 3077 quae
869 3015 1262 3062 Missionariorum
1297 3014 1541 3074 peculiaria
1575 3019 1701 3060 sunt.

336 3138 357 3158 '¹
387 3139 422 3175 S.
449 3139 486 3176 C.
513 3138 624 3174 Conc.
652 3138 690 3174 in
715 3137 872 3174 Melevit.
899 3137 1092 3173 Dismemb.
1122 3135 1139 3171 1
1169 3135 1257 3173 febr.
1287 3134 1389 3172 1845.
