2176 3386
15 0 405 49 Wffim²'
414 0 440 21 ’κ’
464 0 540 47 ’.ᾖδ’
558 0 595 21 ·.-,-

503 191 631 219 LIBER
659 191 683 218 1.
719 189 775 218 DE
806 189 942 218 nssssus
972 189 1205 218 ECCLESIAE
1235 189 1562 219 SPIRITUALIBUS
1846 182 1925 221 285

148 312 252 343 rum
284 297 548 357 requiritur.
586 297 701 342 Hinc
735 295 1039 341 instituantur
1070 294 1117 339 in
1151 295 1418 340 Seminariis
1450 296 1694 342 cathedrae
1726 312 1924 357 praeser-

142 379 234 424 tim
267 379 578 440 philosophiae
611 384 657 424 et
689 378 942 436 theologiae
975 377 1219 423 sufficienti
1242 378 1544 436 amplitudine
1567 377 1804 425 doctrinae
1837 385 1926 425 tra·

150 464 325 509 dendae
349 464 636 521 conspicuae.
665 463 824 509 Schola
851 461 1157 522 philosophiae
1179 462 1341 507 saltem
1367 463 1423 507 ad
1445 463 1558 508 duos
1591 478 1763 521 annos;
1799 465 1926 509 theo-

151 547 295 604 logiae
323 561 434 593 vero
466 547 521 592 ad
540 546 884 606 quatriennium
908 545 1202 590 extendatur.
1240 545 1442 590 Maxime
1467 546 1616 590 idonei
1654 547 1928 605 professores

152 629 292 675 etiam
326 630 509 675 aliunde
542 629 818 686 arcessendi,
854 629 1096 687 eligantur.
1138 628 1441 686 Designentur
1464 643 1543 686 pro
1566 629 1755 686 singulis
1788 630 1926 674 facul-

153 713 323 758 tatibus
357 713 471 770 libri,
506 712 581 773 qui
616 712 813 758 sanitate
846 716 893 757 et
924 711 1151 757 soliditate
1184 711 1421 756 doctrinae
1466 712 1809 769 commendati,
1845 713 1929 757 sal-

154 802 247 842 tem
276 796 599 855 compendium
638 795 911 840 contineant
943 795 1084 840 totius
1117 794 1383 852 disciplinae
1416 809 1441 839 a
1475 795 1803 853 professoribus
1833 809 1929 840 am-

155 880 283 940 pliori
317 879 636 938 explanatione
669 878 1019 923 collustrandae.
1063 877 1221 922 Schola
1257 877 1565 936 philosophiae
1599 879 1931 937 complectetur

155 962 484 1021 philosophiam
534 961 822 1017 rationalem,
857 976 995 1021 quam
1029 961 1205 1017 dIcunt,
1240 961 1431 1019 logicam
1472 961 1646 1006 scilicet
1694 967 1739 1006 et
1788 967 1929 1007 meta-

155 1046 424 1104 physicam,
459 1045 658 1090 ethicam
704 1059 808 1090 cum
859 1044 1092 1103 principiis
1124 1045 1235 1089 iuris
1270 1045 1516 1103 naturalis;
1566 1050 1802 1104 praeterea
1841 1051 1930 1090 tra·

157 1128 326 1173 dantur
359 1128 580 1187 principia
616 1129 776 1173 saltem
813 1133 858 1172 et
890 1129 1118 1173 elementa
1153 1129 1521 1185 mathematicos,
1546 1144 1599 1174 ac
1633 1129 1932 1175 scientiarum

158 1212 469 1270 physicarum,
505 1211 565 1256 ita
600 1216 651 1256 ut
683 1211 911 1256 auditores
943 1212 998 1256 ad
1022 1212 1297 1268 detegendos
1327 1212 1604 1270 perniciosos
1636 1227 1828 1271 errores,
1855 1213 1931 1273 qui

157 1294 279 1339 hisce
313 1294 564 1353 disciplinis
598 1309 722 1339 nunc
756 1295 923 1353 passim
958 1294 1240 1350 inseruntur,
1276 1295 1387 1340 satis
1418 1296 1671 1354 comparati
1705 1297 1810 1341 sint.
1854 1301 1933 1341 Fa·

157 1378 302 1423 cultas
336 1393 467 1436 porro
500 1379 751 1436 theologica
794 1380 1153 1437 comprehendat
1195 1380 1467 1437 theologiam
1511 1381 1846 1439 dogmaticam,
1881 1396 1934 1426 ac

159 1464 397 1517 moralem,
433 1463 662 1520 exegesim
697 1463 928 1518 biblicam,
968 1463 1202 1508 historiam
1238 1464 1596 1509 ecclesiasticam
1636 1470 1773 1523 atque
1808 1465 1934 1509 insti-

159 1545 360 1590 tutiones
394 1545 503 1589 iur1s
536 1546 762 1590 canonici.
800 1550 972 1591 Omnes
1004 1546 1088 1590 hae
1122 1546 1342 1591 scientiae
1376 1561 1548 1603 sacrae,
1573 1553 1618 1592 et
1654 1547 1935 1606 philosophia

161 1628 425 1684 rationalis,
463 1629 614 1687 lingua
649 1629 790 1674 latina
826 1631 1096 1687 tradentur,
1133 1632 1383 1690 eademque
1434 1632 1585 1690 lingua
1629 1631 1674 1676 in
1709 1631 1934 1689 theologia

159 1711 443 1769 dogmatica,
493 1717 539 1757 et
587 1713 866 1771 philosophia
913 1714 1244 1772 disputationes
1292 1714 1608 1759 instituentur.
1665 1719 1776 1761 Cum
1827 1729 1936 1760 vero

161 1793 468 1839 ministerium
497 1796 721 1841 Ecclesiae
755 1797 1090 1842 decentissimis
1114 1798 1364 1857 iisdemque
1394 1797 1742 1855 religiosissimis
1775 1797 1937 1842 ritibus

162 1878 312 1936 perlici
348 1884 570 1937 oporteat,
606 1880 917 1925 adolescentes
952 1880 1157 1938 religioni
1192 1882 1419 1937 sacrandi,
1446 1882 1508 1926 ita
1532 1881 1783 1927 subsecivis
1815 1882 1938 1927 horis

162 1961 215 2005 iis
247 1961 533 2007 addiscendis
570 1976 732 2007 xacare
765 1963 949 2019 debent,
986 1970 1036 2007 ut
1069 1968 1113 2008 et
1148 1964 1229 2022 ipsi
1265 1964 1309 2008 in
1344 1965 1485 2009 sacris
1517 1964 1677 2009 officiis
1718 1965 1939 2010 obeundis

162 2043 259 2088 illos
294 2049 416 2089 recte
448 2051 711 2090 exerceant.
763 2051 858 2100 Qua
900 2048 952 2091 de
987 2062 1033 2091 re
1068 2052 1114 2092 et
1146 2048 1508 2093 ecclesiasticum
1551 2054 1765 2104 cantum,
1800 2063 1937 2108 quem

162 2131 355 2189 firmum
390 2135 591 2187 vocant,
629 2131 759 2189 plane
802 2132 1069 2188 addiscant,
1104 2138 1173 2178 est
1204 2132 1327 2177 enim
1374 2133 1643 2191 iampridem
1677 2148 1700 2177 a
1739 2133 1939 2192 pluribus

165 2212 458 2257 Pontificibus
490 2214 812 2271 constitutum,
849 2219 897 2258 ut
929 2215 1128 2260 scienter
1160 2220 1205 2260 et
1243 2230 1300 2261 ex
1340 2217 1452 2260 artis
1492 2216 1828 2261 ecclesiasticae
1872 2232 1939 2261 ra·
2006 2218 2009 2219 ⁷

165 2294 291 2340 tione
322 2295 379 2339 ab
410 2295 623 2341 omnibus
657 2302 866 2342 canatur.

292 2380 413 2424 1260.
452 2381 651 2425 Tandem
687 2381 733 2426 in
768 2386 866 2427 Istr.
901 2383 989 2427 lata
1024 2397 1047 2427 a
1083 2387 1124 2427 S.
1161 2386 1325 2440 Congr.
1362 2383 1456 2428 Fid.
1484 2388 1614 2441 Prop.
1652 2398 1731 2442 pro
1764 2384 1940 2429 dioece-

166 2459 287 2505 sibus
320 2462 673 2507 Foederatorum
707 2467 918 2508 Statuum
963 2464 1199 2510 Americae
1243 2467 1361 2524 Sept.
1399 2467 1753 2510 commendatur
1799 2466 1938 2511 etiam

168 2543 380 2588 villarum
414 2544 659 2601 institutio,
696 2546 742 2590 in
775 2546 940 2606 quibus
972 2548 1146 2592 alumni
1181 2548 1540 2593 Seminariorum
1575 2553 1781 2608 tempore
1809 2563 1941 2594 vaca·

168 2627 344 2673 tionum
380 2629 683 2674 retineantur.
721 2630 799 2674 His
822 2645 932 2675 vero
956 2625 1059 2676 non'
1081 2631 1405 2687 existentibus,
1431 2632 1607 2677 alumni
1640 2632 1944 2678 subiiciantur

167 2710 408 2755 directioni
441 2716 488 2756 et
522 2711 784 2771 vigilantiae
833 2714 1017 2772 parochi
1065 2714 1152 2759 loci
1194 2715 1239 2759 in
1272 2729 1361 2774 quo
1408 2715 1611 2773 degunt,
1647 2715 1724 2775 qui
1767 2716 1944 2760 exactis

171 2792 502 2850 vacationibus,
538 2801 727 2852 gravata
761 2795 858 2840 eius
891 2797 1190 2853 conscientia,
1226 2797 1477 2843 informare
1509 2798 1643 2843 debet
1670 2799 1942 2858 Episcopum

169 2875 224 2919 de
257 2876 457 2921 moribus
488 2878 810 2934 alumnorum,
846 2879 900 2923 de
933 2893 1092 2924 eorum
1128 2878 1315 2924 vivendi
1353 2880 1526 2924 ratione
1564 2884 1695 2924 extra
1741 2880 1943 2925 Semina·

170 2959 306 3016 rium,
340 2961 396 3005 de
427 2968 824 3007 sacramentorum
857 2962 1133 3019 frequentia,
1168 2966 1215 3007 et
1245 2962 1512 3008 assiduitate
1545 2962 1592 3007 in
1625 2963 1724 3009 aliis
1747 2964 1944 3009 functio·

171 3043 305 3089 nibus
335 3045 493 3103 sacris,
528 3060 581 3091 ac
613 3046 668 3091 de
703 3045 859 3091 nabitu
892 3046 1090 3092 clericali
1122 3047 1180 3091 ab
1211 3046 1266 3091 iis
1299 3052 1494 3093 retento.
