2176 3386
823 213 951 241 Limia
980 213 1005 241 1.
1037 213 1095 241 DE
1124 211 1318 240 eLEmcls
1883 198 1963 239 419

701 391 719 438 g
746 393 803 428 15.
827 413 874 416 -
900 391 1168 439 Conyreyatio
1197 391 1438 427 studiorum.

298 488 399 534 544.
436 487 591 533 Sixtus
615 490 650 530 V
672 487 683 509 ²
709 487 828 532 hanc
852 490 893 532 S.
920 486 1330 545 congregationem
1354 485 1612 532 constituit.
1650 486 1772 531 Illius
1796 491 1865 532 est
1886 487 1963 532 ad-

187 572 375 631 probare
408 585 634 616 novarum
661 570 1017 616 universitatum
1051 570 1390 616 Catholicarum
1425 570 1699 624 erectiones,
1724 569 1880 628 eisque
1902 570 1962 614 le-

183 667 260 713 ges
291 655 347 699 ad
379 668 539 699 eorum
574 653 777 712 regimen
811 653 1137 709 determinare,
1165 667 1218 698 ac
1250 653 1372 698 inter
1405 666 1482 698 eas
1514 657 1638 697 ortas
1667 652 1962 712 quaestiones

178 738 390 783 dirimere
413 739 445 783 ².

932 869 1113 912 CAPUT
1147 871 1200 911 ll.

763 1000 825 1035 DE
857 999 1014 1036 CURIIS
1042 998 1367 1036 DIOECESANIS.

295 1100 395 1145 545.
451 1105 510 1144 De
548 1099 693 1145 Curiis
729 1099 1017 1144 Dioecesanis
1062 1098 1267 1143 brexiter
1313 1103 1502 1157 agentes
1534 1100 1722 1158 expedit
1755 1106 1806 1145 ut
1838 1100 1961 1147 inter

178 1188 430 1229 Romanam
477 1183 658 1228 Curiam
710 1182 1068 1238 Dioecesanam,
1115 1196 1167 1227 ac
1199 1187 1406 1227 caeteras
1451 1184 1773 1242 Episcoporum
1809 1185 1960 1230 curias

173 1268 524 1326 distinguamus,
552 1281 657 1313 cum
681 1271 728 1311 et
750 1267 971 1324 dignitate
993 1271 1040 1310 et
1060 1266 1374 1311 iurisdictione
1402 1270 1606 1311 Romana
1640 1268 1772 1313 Curia
1798 1283 1960 1314 omnes

177 1350 497 1409 Episcoporum
532 1350 689 1396 Curias
720 1363 858 1409 quam
894 1349 1096 1394 maxime
1130 1349 1339 1394 excellat.

908 1514 1140 1543 ARTlCULUS
1184 1515 1211 1543 1.

652 1610 714 1651 De
751 1609 893 1651 Curia
928 1610 1146 1651 Romana
1175 1609 1477 1652 Diocaesana.

293 1716 393 1760 546.
434 1715 496 1761 Ad
525 1715 774 1761 Dioecesim
812 1719 1065 1760 Romanam
1100 1715 1443 1768 gubernandam
1484 1719 1718 1759 Romanus
1742 1716 1953 1760 Pontifex

171 1799 416 1843 adiuvatur
462 1812 486 1843 a
528 1798 752 1844 Cardinali
803 1799 932 1843 Urbis
966 1798 1171 1854 Vicario‚
1208 1798 1264 1842 ab
1296 1798 1394 1842 eius
1429 1797 1749 1856 Vicesgerente
1797 1798 1955 1843 ordine

170 1881 411 1940 episcopali
446 1881 681 1939 insignito,
716 1896 769 1926 ac
802 1882 859 1926 ab
890 1881 990 1926 aliis
1022 1881 1306 1926 officialibus.

292 1970 383 2010 Iam
441 1966 497 2009 ab
543 1965 820 2024 antiquitate
871 1965 1062 2010 Romani
1115 1964 1360 2009 Pontifices
1403 1964 1635 2009 Vicarium
1686 1968 1956 2010 constanter

172 2048 337 2093 habere
385 2048 592 2093 solebant
638 2048 715 2107 qui
751 2052 1008 2093 Romanum
1058 2048 1327 2093 Pontificem
1377 2047 1630 2093 adiuvabat
1678 2062 1731 2093 ac
1777 2062 1955 2107 reprae-

170 2130 381 2175 sentabat
428 2136 665 2190 tamquam
717 2134 973 2175 Romanum
1012 2130 1279 2188 Episcopum
1321 2144 1426 2175 cum
1461 2131 1591 2189 plena
1638 2131 1953 2177 iurisdictione

170 2214 442 2259 exercenda.
482 2217 547 2258 Ex
582 2213 704 2258 Pauli
740 2216 797 2258 IV
833 2217 1023 2258 Decreto
1059 2213 1111 2257 18
1145 2217 1259 2258 Nov.
1288 2214 1400 2258 1558
1424 2214 1510 2258 hoc
1535 2227 1703 2258 munus
1732 2213 1868 2258 alicui
1896 2229 1953 2258 ex

170 2295 481 2341 Cardinalibus
529 2296 744 2341 collatum
780 2296 880 2340 fuit.
922 2295 1172 2342 Cardinalis
1207 2296 1414 2341 Vicarius
1461 2297 1709 2342 adiuvatur
1741 2311 1765 2341 a
1801 2298 1953 2342 Vices-

169 2384 354 2436 gerente
386 2381 461 2439 qui
495 2379 639 2425 veluti
672 2380 923 2425 Cardinalis
960 2379 1126 2425 Vicarii
1164 2380 1368 2425 Vicarius
1401 2380 1636 2426 Generalis
1669 2380 1949 2426 considerari

171 2467 332 2522 potest.
371 2463 434 2508 Illi
467 2464 525 2508 ab
556 2463 657 2509 aliis
690 2463 957 2508 officialibus
988 2463 1286 2519 adiuvantur,
1318 2464 1439 2508 inter
1471 2477 1583 2522 quos
1619 2464 1848 2509 notandus
1881 2469 1950 2508 est

169 2546 371 2591 officialis
403 2561 482 2605 pro
515 2546 778 2605 cognitione
823 2559 1066 2591 causarum
1100 2546 1309 2592 civilium
1342 2546 1440 2591 sive
1475 2546 1799 2604 temporalium
1848 2546 1946 2591 sive

168 2629 490 2687 spiritualium,
526 2644 611 2675 nec
659 2643 752 2674 non
786 2630 989 2675 officialis
1023 2645 1102 2689 pro
1135 2630 1399 2688 cognitione
1442 2643 1685 2676 causarum
1729 2630 1946 2676 crimina-

167 2711 306 2768 lium,
342 2715 388 2757 et
420 2712 505 2757 iste
553 2713 703 2757 locum
737 2717 902 2758 tenens
934 2714 1204 2773 appellatur.
1252 2714 1438 2759 Accedit
1477 2713 1684 2759 Vicarius
1730 2727 1808 2772 pro
1853 2728 1948 2759 mo·

169 2796 475 2841 nasteriorum
509 2796 750 2854 regimine,
784 2797 861 2856 qui
897 2797 1165 2842 Monialium
1203 2801 1453 2855 Deputatus
1485 2796 1742 2855 appellatur
1765 2797 1797 2841 ⁸.

287 2944 296 2962 ¹
325 2943 475 2981 Constit.
501 2945 696 2982 Immensa.

284 3015 298 3034 ²
323 3015 378 3051 DE
405 3015 508 3052 Luca
534 3015 809 3054 Praelectiones
836 3017 906 3054 hoc
932 3018 1026 3054 loco.

286 3085 300 3105 ³
325 3086 396 3123 Cfr.
421 3086 524 3124 Card.
552 3087 607 3124 Dr:
634 3088 733 3125 LucA
761 3088 799 3124 in
824 3089 939 3125 Relat.
965 3088 1095 3127 Curiae
1122 3090 1320 3127 Romanae.
