2176 3386
219 171 271 211 46
865 184 973 213 PARS
1003 184 1027 212 1.
1064 185 1119 212 DE
1148 184 1360 214 PERSONIS

339 289 411 333 65.
458 292 759 348 Posteaquam
808 290 1051 347 postulatio
1093 289 1315 348 superiori
1358 295 1542 335 ostensa
1580 290 1654 346 sit,
1700 292 1868 338 variari
1903 307 1996 338 non

220 375 368 429 potest
391 371 423 416 ¹.
466 372 714 416 Postulatio
737 386 762 416 a
785 371 1018 430 superiore
1041 371 1239 426 admissa
1264 372 1360 417 vim
1393 372 1531 418 habet
1559 373 1924 420 confirmationis
1945 389 1999 420 ac

219 454 288 499 ius
327 455 447 499 reale
481 454 526 498 in
562 456 819 512 praelatura
854 455 1082 513 postulato
1114 454 1275 499 tribuit
1297 455 1329 499 ².
1367 455 1614 501 Postulatio
1649 470 1758 501 vero
1803 435 1998 516 simplex

218 536 399 581 subdito
432 536 593 581 tribuit
626 536 861 582 licentiam
885 542 937 580 ut
968 536 1181 581 electioni
1214 537 1269 581 de
1301 550 1348 582 se
1382 538 1529 582 sactae
1553 537 1815 583 consentire
1839 539 1995 597 possit.

338 620 409 664 66.
449 619 696 664 Postulatio
730 619 851 664 intra
885 619 911 662 8
945 619 1040 664 dies
1074 620 1296 677 postulato
1332 621 1664 677 praesentanda
1699 626 1784 676 est,
1819 622 1896 681 qui
1931 622 1996 666 in·

218 707 287 747 tra
321 717 530 748 mensem
561 703 792 748 declarare
825 703 961 748 debet
993 717 1051 747 an
1086 702 1282 760 accipiat
1316 717 1402 748 nec
1425 718 1482 748 ne
1507 704 1863 762 postulationem
1888 719 1996 750 con-

217 785 442 830 ditionate
475 800 640 844 nempe
673 785 708 830 si
743 785 950 844 superior
984 785 1106 830 illam
1141 785 1393 830 admiserit.

823 918 839 961 ,ξ
866 919 897 953 4.
929 938 966 941 -
998 917 1055 953 De
1082 917 1405 963 Confirmationc.

337 1039 407 1082 67.
450 1038 677 1082 Electores
724 1037 843 1082 intra
888 1037 915 1081 8
956 1036 1052 1080 dies
1096 1037 1368 1081 electionem
1414 1036 1559 1081 electo
1601 1040 1891 1093 praesentare
1923 1036 1998 1080 de-

218 1121 344 1176 bent,
380 1119 582 1179 alioquin
620 1134 696 1177 per
728 1118 984 1164 triennium
1018 1123 1075 1163 ab
1106 1119 1320 1164 omnibus
1354 1118 1585 1163 beneficiis
1617 1132 1734 1177 quae
1758 1117 1804 1162 in
1839 1131 1891 1162 ea
1919 1122 1997 1162 Ec-

217 1203 354 1248 clesia
398 1203 610 1247 obtinent
650 1202 963 1246 excluduntur
996 1201 1026 1246 ³.
1084 1202 1263 1246 Electus
1309 1201 1429 1245 intra
1463 1214 1669 1245 mensem
1712 1199 1879 1258 accipit
1910 1199 1998 1244 ele-

217 1287 437 1341 ctionem,
473 1286 674 1345 alioquin
710 1286 806 1329 iure
841 1285 964 1329 cadit
997 1285 1029 1328 ⁸.
1069 1288 1151 1329 Per
1182 1284 1455 1329 electionem
1488 1284 1661 1328 electus
1694 1282 1890 1342 acquirit
1924 1285 1994 1326 las

218 1371 281 1414 ad
316 1384 428 1423 rem,
465 1374 512 1413 at
546 1371 852 1427 praelaturam
888 1367 1211 1412 administrare
1245 1382 1335 1412 non
1372 1371 1519 1425 potest
1553 1371 1661 1411 ante
1686 1365 1994 1410 confirmatio-

219 1469 325 1499 nem
361 1455 391 1510 5,
428 1453 630 1513 alioquin
665 1454 761 1497 iure
795 1452 1034 1497 electionis
1067 1450 1276 1510 privatur
1309 1451 1341 1505 ⁶,
1377 1456 1422 1495 et
1457 1450 1506 1494 lit
1539 1450 1798 1508 ineligibilis
1832 1451 1862 1493 ⁷.
1904 1450 1997 1494 lile-

218 1543 318 1583 ctus
352 1538 472 1582 intra
507 1537 738 1581 trimestre
773 1550 797 1580 a
832 1536 905 1581 die
940 1535 1143 1594 praestiti
1178 1548 1430 1579 consensus
1451 1534 1734 1592 aSuperiore
1753 1532 1996 1578 confirma—

218 1622 390 1666 tionem
427 1627 580 1680 petere
616 1625 800 1665 tenetur
832 1620 902 1664 cui
943 1619 1140 1663 Ecclesia
1175 1619 1247 1663 vel
1271 1618 1470 1676 dignitas
1509 1617 1775 1663 immediate
1819 1617 1991 1672 subest,

217 1704 420 1764 alioquin
456 1704 501 1749 in
540 1718 733 1762 poenam
780 1702 1084 1760 negligentiae
1124 1702 1219 1760 ipso
1258 1704 1378 1747 facto
1417 1701 1514 1746 iure
1562 1701 1798 1747 electionis
1847 1700 1996 1758 priva-

219 1794 294 1832 tur
326 1789 357 1832 ⁸.
400 1787 538 1832 Electi
576 1801 684 1831 vero
717 1787 773 1830 ad
811 1786 1033 1831 Ecclesias
1064 1786 1350 1831 cathedrales
1382 1799 1576 1844 quarum
1611 1783 1902 1829 confirmatio
1940 1782 1995 1826 ad

218 1871 378 1916 Sedem
414 1869 716 1929 Apostolicam
752 1869 1013 1927 pertinent,
1050 1868 1171 1913 intra
1205 1882 1349 1912 unum
1387 1881 1591 1912 mensem
1625 1880 1649 1910 a
1682 1865 1754 1910 die
1792 1863 1994 1924 praestiti

218 1967 470 1998 consensus
502 1951 905 1997 confirmationem
941 1956 1093 2010 petere
1126 1954 1346 1995 tenentur
1377 1950 1410 1994 ⁹.
1466 1953 1541 1994 Est
1583 1948 1838 1993 notandum
1877 1946 1996 2005 quod

218 2052 274 2081 ex
311 2036 642 2082 constitutione
680 2035 744 2079 l’ii
778 2040 851 2090 lx,
892 2038 1133 2079 Romanus
1180 2033 1413 2090 Pontifex,
1464 2033 1567 2076 data
1591 2046 1714 2077 anno
1743 2031 1870 2086 1875,
1900 2029 1997 2088 Epi-

217 2135 380 2179 scopus
415 2120 505 2165 ullo
540 2120 673 2165 modo
706 2133 751 2164 se
776 2119 939 2178 nequit
963 2117 1222 2163 immiscere
1248 2117 1292 2161 in
1317 2115 1717 2161 administratione
1744 2129 1852 2160 suae
1875 2114 1995 2158 dioe-

218 2218 372 2250 ‹·eseos
394 2204 478 2249 nisi
505 2209 742 2262 postquam
764 2201 1025 2261 praebuerit
1042 2200 1218 2246 litteras
1237 2200 1516 2258 Apostolicas
1538 2213 1646 2243 suae
1666 2196 1999 2242 nominationis

219 2289 399 2335 Vicario
422 2287 666 2346 Capitulari
688 2286 758 2330 vel
784 2286 829 2329 in
855 2298 1021 2342 genere
1043 2283 1104 2328 illi
1127 2283 1204 2342 qui
1229 2283 1389 2327 Sedem
1411 2285 1659 2327 Vacantem
1685 2280 1993 2326 administrat.

340 2486 346 2502 ¹
377 2486 412 2520 (j.
441 2484 472 2525 4,
503 2484 535 2519 h.
566 2488 585 2517 Ι.
614 2502 635 2508 -
662 2494 691 2516 (τ.
720 2482 751 2522 5
781 2482 812 2516 ll.
844 2487 863 2517 1.

337 2556 348 2573 ‘²
376 2556 412 2590 C.
440 2555 473 2597 ⁹2,
502 2556 537 2589 li.
565 2561 589 2589 l.

337 2615 349 2633 ³
375 2615 410 2650 C.
441 2615 494 2656 16,
520 2619 534 2654 ἐ
560 2618 729 2653 ceterum,
759 2613 791 2648 li.
820 2618 842 2647 1.
873 2613 907 2647 in
935 2612 982 2648 6⁰.
1076 2636 1089 2655 ,

335 2687 348 2706 ”
374 2687 411 2724 C.
438 2687 470 2724 6.
499 2687 532 2722 h.
559 2690 582 2722 t.

337 2759 349 2778 ³
377 2760 412 2794 C.
440 2758 544 2797 9-l7‚
574 2757 608 2791 11.
637 2762 659 2790 l.

336 2833 348 2848 ⁶
375 2834 411 2868 (ἰ,
438 2832 471 2875 5,
501 2832 534 2867 b.
563 2837 584 2867 t.
614 2831 649 2865 iu
681 2830 728 2865 6⁰.

335 2903 348 2920 ⁷
375 2904 411 2939 C.
442 2903 483 2937 ¹2
510 2906 543 2938 ct
577 2902 626 2941 17,
656 2902 686 2936 li.
718 2906 740 2934 ι.
770 2906 906 2936 oxu-ar.
941 2901 968 2935 l.
997 2899 1076 2933 coil.
1107 2898 1201 2933 inlei·
1227 2905 1361 2933 conum.

336 2975 349 2994 ⁸³
376 2975 412 3010 C.
439 2974 471 3014 6,
502 2976 534 3008 il.
564 2978 585 3007 t.
615 2973 651 3008 in
679 2971 726 3007 6⁰.

338 3045 350 3062 ⁹
377 3046 414 3080 C.
450 3044 501 3083 16,
532 3044 565 3079 li.
594 3049 616 3078 t.
