2176 3386
558 216 688 245 LlBEn
717 216 756 243 11.
793 215 849 244 DE
880 214 1019 244 izi-:nus
1048 214 1387 244 TEMPORALlssus
1417 215 1470 243 Ac
1500 215 1647 244 Mix‘ms
1903 207 1980 246 297

320 321 446 366 1284.
484 321 651 366 Unioni
685 321 1014 366 beneficiorum
1047 319 1252 379 opposita
1286 323 1355 365 est
1386 320 1722 385 divisim-quae
1754 323 1983 382 contingit

196 404 380 463 quando
413 418 470 448 cx
505 418 596 449 uno
629 403 747 448 fiunt
778 404 882 449 duo.
930 403 1056 449 Illam
1090 404 1241 448 facere
1295 408 1444 462 potest
1485 404 1759 463 Episcopus,
1795 407 1830 450 si
1865 407 1983 452 adsit

198 486 315 531 iusta
350 501 515 544 causa;
551 500 686 532 causa
719 493 873 532 autem
917 487 1034 532 iuzta
1069 492 1137 532 est
1170 487 1205 531 si
1239 488 1409 547 absque
1451 487 1677 533 divisione
1711 503 1803 534 non
1843 491 1984 548 possit

197 571 550 629 obligationibus
583 571 789 616 beneficii
824 571 1049 616 satisfieri.
1087 571 1129 615 Si
1162 585 1210 616 se
1246 576 1448 630 opponat
1481 572 1706 631 parochus
1738 577 1819 617 aut
1855 587 1981 632 paro-

199 654 382 711 chiani,
418 655 553 700 debet
589 654 832 713 Episcopus
875 668 952 699 eos
985 655 1142 699 audire
1190 668 1440 714 eorumque
1489 668 1650 700 causas
1692 656 1978 702 examinare.

200 738 241 782 Si
277 738 575 783 nibilominus
607 740 653 783 in
686 752 767 783 sua
811 743 1003 783 maneat·
1039 738 1297 793 sententia,
1335 743 1482 796 potest
1527 739 1614 784 illis
1645 739 1786 784 eliam
1822 739 1981 786 invitis

198 820 474 865 divisionem
507 821 770 875 decernere,
794 819 946 864 relicta
983 825 1139 865 tamen
1174 819 1282 878 ipsis
1314 820 1635 878 appellatione,
1671 822 1706 866 si
1732 821 1900 866 iniuste
1933 836 1981 867 se

198 908 413 960 gravatos
445 902 730 947 existiment.
769 907 890 949 Haec
924 917 1034 948 vero
1067 904 1310 962 appellatio
1346 917 1437 948 non
1473 904 1611 948 babet
1650 904 1866 949 effectum
1888 919 1982 951 sus-

198 986 459 1044 pensivum,
493 987 571 1031 sed
609 987 947 1032 devolutivum.
989 988 1339 1033 Dismembratio
1362 987 1571 1034 beneficii
1595 988 1647 1033 fit
1667 989 1851 1048 quando
1882 1003 1984 1048 pars

199 1070 459 1115 reddituum
495 1070 631 1115 unius
663 1071 793 1116 alteri
828 1071 1051 1117 beneficio
1073 1071 1358 1127 attribuitur,
1383 1076 1463 1116 aut
1485 1073 1706 1117 ecclesiae
1739 1072 1981 1131 indigenti,

197 1154 323 1199 salva
358 1154 476 1199 illius
508 1155 703 1200 unitate.
752 1160 878 1200 Hanc
912 1169 967 1201 ex
1004 1156 1121 1201 iusta
1161 1170 1298 1201 causa
1337 1158 1488 1202 facere
1535 1157 1782 1216 Episcopus
1815 1162 1981 1216 potest,

198 1238 415 1297 requisito
450 1240 639 1285 rectoris
670 1253 915 1296 consensu,
952 1241 1117 1285 auditis
1152 1241 1372 1286 interesse
1406 1241 1681 1287 habentibus
1702 1247 1787 1288 etc.
1814 1245 1839 1288 ¹.

879 1493 1187 1547 TITULUS
1230 1495 1290 1546 ΙΙ.

771 1659 850 1712 De
890 1660 1015 1713 Iure
1057 1660 1410 1716 patronatus.

321 1827 444 1872 1285.
485 1831 556 1872 [us
589 1833 859 1886 patronatus
891 1832 959 1873 est
993 1834 1194 1887 potestas
1227 1831 1550 1888 praesentandi
1585 1831 1805 1889 superiori
1842 1835 1984 1879 eccle-

197 1910 379 1955 siastico
400 1911 470 1955 vel
496 1911 765 1956 nominandi
790 1911 1009 1956 clericum
1034 1913 1087 1956 ad
1108 1913 1382 1957 beneficium
1407 1914 1771 1959 ecclesiasticum
1792 1929 1981 1961 vacans.

200 1997 335 2039 Porro
369 1999 463 2039 tota
499 1994 607 2039 iuris
643 1999 912 2052 patronatus
938 1995 1129 2040 materia
1164 1995 1219 2040 ad
1255 1997 1366 2040 haec
1390 1997 1540 2056 capita
1574 1998 1782 2042 revocari
1808 2003 1981 2056 potest:

202 2078 239 2134 l)
272 2076 348 2136 qui
372 2076 465 2121 sint
498 2077 608 2122 iuris
643 2083 912 2135 patronatus
945 2092 1166 2136 capaccs;
1219 2080 1260 2135 2)
1294 2083 1406 2137 quot
1438 2078 1532 2123 sint
1570 2079 1681 2124 iuris
1715 2086 1985 2147 patronatus

197 2159 393 2219 species;
446 2162 487 2216 5)
524 2175 752 2219 quaenam
788 2160 881 2205 sint
916 2162 1124 2220 propriae
1165 2176 1324 2207 earum
1367 2163 1512 2221 leges;
1563 2165 1605 2219 4)
1642 2165 1871 2223 quomodo
1912 2180 1985 2210 ac·

197 2242 431 2301 quiratur;
481 2244 521 2299 5)
562 2243 792 2302 quomodo
835 2244 1037 2288 eiusdem
1081 2244 1322 2304 acquisitio
1373 2247 1621 2303 probetur,
1666 2252 1711 2291 et
1757 2249 1985 2306 quomodo

198 2325 452 2371 amittatur.

319 2410 591 2468 Appendicis
633 2415 787 2456 autem
828 2411 926 2457 loco
966 2413 1227 2457 addendum
1274 2418 1343 2457 est
1376 2427 1492 2472 quae
1525 2413 1617 2458 sint
1651 2413 1737 2458 alia
1771 2418 1985 2472 patrono-

200 2507 302 2537 rum
336 2493 451 2547 iura,
486 2497 532 2537 et
564 2508 680 2553 quae
713 2494 1027 2552 obligationes.

320 2661 327 2676 ¹
359 2659 399 2695 In
426 2659 628 2703 divisione,
657 2661 813 2703 unione,
843 2660 899 2697 vel
935 2661 1261 2698 dismembratione
1290 2663 1543 2700 Vicariatuum
1571 2663 1871 2709 Apostolicorum
1910 2674 1985 2701 non

201 2729 407 2774 exquiritur
432 2739 637 2767 consensus
665 2731 815 2773 Vicarii,
843 2732 907 2767 sed
934 2741 977 2768 ea
1004 2732 1043 2768 lit
1069 2733 1116 2768 ab
1143 2732 1210 2778 Ap.
1240 2733 1332 2769 Sede
1359 2742 1424 2778 pro
1453 2734 1580 2770 lubito.
