2176 3386
213 180 294 221 308
857 194 968 224 PARS
997 195 1022 223 1.
1058 186 1114 223 m:
1142 195 1353 225 PERsorus

332 303 469 346 Porro
501 301 558 345 ab
592 301 678 346 hoc
710 301 857 348 officio
891 303 1165 361 praestando
1197 317 1275 348 eos
1307 317 1399 349 non
1433 305 1600 350 eximit
1631 319 1780 366 neque
1812 311 1992 354 cuntra-

212 381 278 427 ria
312 383 595 428 consuetudo
627 384 1028 443 immemorabilis;
1067 400 1214 445 neque
1247 386 1376 445 copia
1424 387 1618 432 habendi
1660 387 1773 434 alias
1813 388 1994 434 concio·

213 479 295 510 nes
328 465 374 510 in
407 466 507 511 aliis
539 466 744 512 ecclesiis
768 468 799 523 ¹,
838 481 984 527 neque
1020 482 1189 526 parvus
1220 469 1482 514 auditorum
1517 483 1755 526 numerus,
1790 477 1870 515 aut
1906 470 1994 516 alia

211 549 442 607 quaelibet
472 563 610 594 causa
644 550 674 593 ².
723 553 879 610 Neque
904 551 1104 596 parocho
1127 552 1482 608 Cathedralium,
1506 553 1684 598 etiamsi
1707 552 1766 597 sit
1790 554 1995 599 Vicarius

212 632 489 689 amovibilis,
524 634 610 678 hoc
642 634 932 692 suffragatur,
967 634 1087 693 quod
1120 633 1179 678 ibi
1214 634 1564 692 praedicationis
1587 649 1755 681 munus
1779 636 1995 695 Episcopo

214 716 501 761 incumbat³.
538 717 761 771 Quamvis
795 732 873 775 per
906 718 1168 762 Adventum
1203 723 1248 763 et
1281 719 1684 775 Quadragesimam
1709 719 1756 764 in
1780 721 1870 765 sola
1902 734 1994 765 ma-

214 798 295 842 iori
330 799 522 843 ecclesia
556 800 716 844 concio
752 800 991 856 habeatur,
1027 814 1118 845 non
1154 800 1322 845 idcirco
1356 802 1559 846 Parocho
1593 802 1888 848 interdictum
1926 807 1996 848 est

215 881 260 925 in
295 882 431 926 missa
467 882 711 939 parochiali
748 883 940 927 verbum
974 883 1184 927 divinum
1222 884 1498 942 praedicare.

335 966 559 1024 Praecipit
590 971 745 1011 autem
780 966 1046 1011 Tridentina
1080 968 1290 1025 Synodus
1318 968 1330 992 ⁵
1367 973 1417 1011 ut
1455 969 1696 1027 Episcopus
1739 969 1993 1025 parochos,

214 1051 247 1095 si
285 1050 448 1095 moniti
482 1052 623 1094 trium
658 1051 887 1095 mensium
921 1053 1066 1109 spatio
1100 1052 1280 1096 muneri
1305 1066 1385 1096 suo
1407 1052 1654 1108 defuerint,
1681 1066 1759 1110 per
1779 1065 1997 1098 censuras

213 1135 546 1179 ecclesiasticas
578 1148 656 1178 seu
690 1135 801 1179 alias
835 1149 1004 1193 poenas
1037 1136 1091 1179 ad
1127 1136 1266 1193 ipsius
1303 1136 1505 1194 Episcopi
1528 1135 1786 1191 arbitrium,
1834 1136 1890 1181 ad
1927 1150 1995 1181 sa-

213 1221 536 1266 tisfaciendum
570 1219 675 1265 huic
708 1220 973 1276 obligationi
997 1220 1254 1277 compellat.

337 1304 522 1348 Parochi
559 1304 752 1358 nullum,
789 1304 928 1348 etiam
964 1303 1207 1361 episcopali
1231 1304 1452 1360 dignitate
1472 1303 1745 1362 praeditum,
1771 1303 1868 1347 sine
1897 1318 1996 1362 pro-

215 1387 297 1446 prii
332 1389 561 1433 ordinarii
596 1387 780 1432 licentia
814 1388 869 1432 ad
904 1388 1261 1446 praedicandum
1295 1387 1340 1431 in
1383 1400 1510 1432 suain
1555 1386 1794 1431 ecclesiam
1834 1386 1996 1431 admit·

215 1474 332 1526 tant,
369 1471 454 1515 nisi
490 1471 700 1529 cognitus
732 1476 778 1515 et
810 1471 971 1515 doctus
1005 1471 1125 1514 idem
1159 1475 1306 1525 esset,
1343 1475 1478 1530 atque
1512 1470 1555 1515 id
1588 1470 1655 1514 bis
1690 1471 1759 1515 vel
1794 1475 1884 1524 ter,
1920 1470 1996 1514 sed

214 1555 271 1600 ab
297 1555 512 1614 Episcopo
536 1555 803 1599 facultatem
831 1555 1076 1599 habentem
1105 1554 1341 1612 prohibere
1365 1569 1388 1598 a
1415 1553 1717 1611 praedicando
1741 1558 1993 1612 nequeunt.

337 1644 384 1683 ln
419 1639 689 1697 explicanda
724 1653 833 1683 vero
866 1638 1075 1683 doctrina
1109 1638 1358 1682 christiana
1392 1638 1632 1695 diligentes
1654 1651 1731 1682 eos
1752 1650 1850 1682 esse
1869 1651 1996 1695 opor-

215 1727 297 1778 tet,
333 1737 386 1767 ac
418 1722 576 1767 diebus
611 1720 736 1765 festis
769 1722 854 1766 hoc
903 1726 995 1765 tam
1049 1720 1354 1764 necessarium
1401 1719 1676 1764 exercitium
1718 1719 1999 1777 adimpleant

216 1805 418 1864 parvulis
451 1806 703 1863 frangendo
739 1819 921 1863 panem.
962 1808 1036 1848 Est
1067 1809 1223 1848 autem
1250 1803 1478 1861 Episcopis
1498 1801 1748 1847 auctoritas
1771 1801 1997 1860 plectendi

216 1904 294 1948 per
326 1888 658 1934 ecclesiasticas
691 1901 925 1941 censuras,
962 1887 996 1931 si
1031 1900 1143 1944 opus
1177 1886 1251 1940 sit,
1279 1886 1586 1930 parochorum
1613 1885 1937 1942 negligentiam
1961 1883 1997 1928 si

215 1973 321 2018 huic
357 1973 535 2016 muneri
569 1971 850 2016 defuerint5.

333 2058 433 2118 522.
476 2057 676 2115 Denique
724 2055 859 2101 debet
906 2055 1133 2099 l'arochus
1184 2057 1513 2108 Sacramenta,
1551 2068 1644 2099 non
1683 2067 1741 2097 ex
1774 2052 1998 2097 charitate

215 2149 398 2189 tantum
426 2143 502 2187 sed
526 2158 584 2187 ex
608 2142 781 2187 iustitia
815 2141 1104 2200 parochianis
1134 2140 1423 2197 1ninistrare;
1461 2139 1559 2184 ideo
1582 2139 1706 2184 enim
1731 2137 1997 2196 temporalia

216 2227 424 2286 percipit,
460 2232 510 2271 ut
543 2226 796 2286 spiritualia
833 2225 1078 2270 ministret.
1116 2229 1265 2278 Quare
1301 2238 1354 2268 ne
1389 2223 1625 2268 saeviente
1658 2223 1841 2282 quidem
1876 2227 1998 2280 peste

217 2314 367 2369 potest
399 2324 444 2355 se
478 2309 683 2354 eximere
717 2323 740 2352 a
765 2307 1066 2353 sacramentis
1101 2306 1432 2351 ministrandis.
1470 2306 1587 2350 Hinc
1620 2305 1754 2350 debet
1798 2306 1999 2350 infantes

215 2395 463 2454 baptizare,
501 2407 585 2438 nec
619 2407 711 2437 non
746 2391 979 2450 patrinum
1014 2395 1059 2434 et
1094 2390 1342 2434 matrinam
1377 2389 1430 2434 de
1464 2394 1702 2433 contracta
1724 2389 1998 2446 cognatione

216 2493 421 2534 monere,
460 2476 747 2536 parochianis
780 2478 1123 2520 sacramentum
1148 2472 1458 2531 poenitentiae
1483 2475 1528 2516 et
1559 2471 1866 2516 Eucharistiae
1889 2484 1998 2529 quo-

215 2564 300 2609 ties
333 2563 414 2622 ipsi
450 2561 782 2607 rationabiliter
817 2562 980 2618 petunt
1013 2557 1292 2612 ministrare,
1323 2569 1481 2601 eorum
1518 2555 1688 2614 nuptiis
1711 2554 1995 2609 benedicere,

336 2731 342 2748 ¹
374 2729 509 2766 Bened.
537 2728 635 2767 Xlll.
663 2726 786 2763 Const.
813 2725 856 2760 In
881 2733 1049 2770 supremo
1080 2722 1122 2758 15
1149 2727 1239 2766 sept.
1270 2719 1371 2757 1724.

334 2804 345 2822 ²
375 2803 593 2839 Benedictus
621 2798 823 2843 X1V‚Inst.
850 2796 938 2833 eccl.
969 2795 1023 2837 10,
1051 2804 1086 2830 n.
1114 2793 1291 2837 531nnoc.
1318 2792 1415 2835 XIII,
1435 2791 1558 2828 Const.
1578 2789 1770 2836 Apostolum·
1794 2786 2001 2843 ministerii,

218 2878 261 2913 15
279 2877 365 2913 maii
394 2874 496 2915 1725,
524 2881 634 2919 quam
662 2870 880 2907 Benedictus
908 2868 994 2903 XIII
1021 2866 1215 2903 confirmat
1240 2864 1299 2901 cit.
1328 2868 1444 2900 const.

335 2946 348 2965 ³
374 2946 453 2983 Sac.
481 2946 614 2989 congr.
641 2943 751 2979 Conc.
780 2942 817 2977 in
844 2941 1012 2976 plentina
1041 2938 1163 2975 Praed.
1193 2936 1235 2972 14
1253 2940 1344 2982 sept.
1365 2935 1476 2977 1748;
1504 2933 1698 2970 Sarzancn.
1727 2931 1770 2967 18
1788 2933 1879 2976 sept.
1896 2928 1997 2965 1828.

334 3018 346 3038 '⁴
374 3019 470 3055 Sess.
498 3018 542 3060 V,
569 3026 648 3062 cap.
676 3016 709 3051 ΙΙ
735 3014 778 3050 de
806 3013 883 3050 Ref.

335 3090 346 3109 ⁵
375 3091 484 3127 Conc.
512 3088 609 3125 Trid.
637 3087 733 3125 Sess.
762 3086 895 3127 XXIV,
924 3094 1002 3130 cap.
1033 3083 1081 3120 [V
1107 3082 1151 3119 de
1178 3080 1253 3118 Res.

2109 2588 2142 2693 'i
2159 2632 2171 2689 1.

2152 2875 2168 2900 J

2154 2901 2176 2930 ›.

2154 2929 2176 2959 e.

2103 3037 2107 3046 .
2150 3012 2167 3046 z.
