2176 3386
244 183 327 223 144
362 166 371 179 ⁴
921 197 1031 225 PARS
1060 198 1099 225 11.
1131 198 1186 225 DE
1217 197 1355 226 izi-:nus

241 304 351 348 alibi
388 286 558 349 habent
590 310 635 349 et
669 306 741 349 cui
779 319 868 350 non
907 305 1289 351 renuntiarunt¹.
1339 308 1453 351 Sunt.
1493 312 1705 354 auctores
1745 309 1820 368 qui
1864 309 2025 355 dicunt

247 387 365 446 quod
400 387 435 431 si
471 386 499 431 ii
537 388 884 433 matrimonium
921 388 1067 434 velint
1100 390 1390 445 contrahere,
1429 391 1691 435 remittendi
1726 396 1833 436 sunt
1866 392 1920 437 ad
1949 392 2025 437 do·

251 483 375 513 mum
411 475 683 528 parentum;
722 471 806 515 hoc
842 485 932 516 non
971 471 1153 516 xidetur
1184 486 1281 517 esse
1313 477 1547 518 exactum.
1587 477 1701 518 Nam
1734 473 1770 519 si
1803 474 1863 518 ibi
1897 474 2025 533 quasi

241 552 532 597 domicilium
568 553 756 608 habent,
792 553 852 598 ibi
888 554 1036 599 valide
1069 555 1368 611 contrahunt,
1403 556 1487 600 etsi
1521 556 1681 601 deceat
1712 556 1840 601 ulad
1866 570 2026 614 paren-

248 640 316 680 tes
351 637 667 681 remittantur.
706 640 805 682 Non
843 643 1031 695 possunt
1062 642 1219 684 autem
1252 639 1526 684 contrahere
1571 638 1918 685 matrimonium
1953 654 2025 685 co·

251 733 348 764 ram
386 724 575 764 Rectore
614 721 684 764 vel
719 722 962 779 Capeliano
999 721 1224 778 instituti,
1272 722 1357 767 nisi
1401 722 1439 767 is
1481 722 1715 767 licentiam
1756 722 2022 767 obtinuerit.
2068 751 2070 754 -

244 802 291 847 si
332 817 442 847 vero
475 803 567 847 sint
600 803 645 847 in
680 804 1032 849 Conservatorio
1068 806 1136 849 vel
1174 805 1428 850 Seminario
1457 809 1545 850 etc.
1592 805 1638 849 in
1672 805 1782 850 urbe
1827 805 2024 864 propria,

252 887 483 931 Parochus
519 886 726 946 proprius
759 887 846 932 erit
879 889 1106 945 parochus
1138 888 1354 933 domicilii
1389 890 1595 947 paterni,
1643 889 1712 932 vel
1755 887 1946 932 fraterni
1982 893 2028 932 et

250 970 441 1029 insuper
473 971 560 1015 erit
595 971 818 1028 parochus
850 971 979 1031 quasi
1011 972 1230 1016 domicilii
1264 972 1405 1017 etiam
1440 972 1530 1027 ille,
1575 972 1620 1016 in
1654 972 1785 1016 cuius
1819 971 2024 1029 paroecia

243 1053 651 1098 conservatorium
685 1053 824 1098 situm
858 1059 942 1098 est.
990 1055 1029 1111 5)
1068 1055 1267 1100 Famulis
1299 1055 1582 1100 domicilium
1626 1059 1694 1099 est
1737 1055 1782 1098 in
1820 1054 2027 1112 paroecia

254 1138 299 1181 in
334 1152 422 1196 qua
459 1138 755 1182 famulantur.
795 1139 835 1193 6)
878 1139 1077 1196 Expositi
1114 1144 1347 1183 morantes
1381 1139 1425 1182 in
1462 1137 1655 1196 hospitio
1677 1138 1846 1181 debent
1873 1138 2027 1182 matri-

250 1222 460 1267 monium
494 1224 767 1267 contrahere
800 1237 955 1268 coram
990 1224 1193 1268 Parocho
1227 1215 1345 1267 illius
1379 1223 1613 1280 paroeciae
1659 1222 1703 1266 in
1747 1236 1834 1281 qua
1882 1222 2027 1280 hospi·

255 1306 371 1350 tium
405 1306 578 1350 existit.
617 1306 656 1351 Si
697 1320 804 1351 xero
839 1321 930 1350 non
964 1306 1056 1351 sint
1090 1307 1135 1350 in
1170 1305 1383 1364 hospitio,
1419 1306 1495 1350 sed
1528 1305 1627 1350 aliis
1661 1305 1894 1351 commissi
1937 1304 2030 1350 sint

253 1391 542 1435 educationis
604 1405 740 1435 causa
780 1392 847 1435 xel
883 1390 1147 1445 famulatus,
1183 1391 1352 1435 debent
1383 1390 1657 1435 contrahere
1699 1404 1853 1435 coram
1897 1395 2029 1435 Paro·

246 1476 338 1519 cho
374 1475 467 1519 heri
503 1479 590 1519 etc.
619 1477 650 1519 ⁴².
689 1477 729 1531 7)
753 1474 1031 1532 Coniugandi
1058 1474 1225 1518 milites
1247 1473 1503 1518 sortiuntur
1529 1473 1779 1518 Parochum
1804 1473 1901 1518 eius
1923 1473 2026 1527 loci,

254 1558 329 1602 ubi
364 1558 575 1603 stationis
609 1559 682 1602 vel
718 1557 924 1616 praesidii
960 1571 1096 1602 causa
1130 1562 1495 1612 commorantur,
1533 1571 1623 1602 non
1660 1571 1769 1601 vero
1803 1556 1921 1601 illius
1944 1557 2027 1601 loci

253 1640 331 1684 ubi
365 1646 473 1685 sunt
506 1641 551 1685 in
577 1641 869 1700 expeditione
894 1640 924 1686 ⁸.
952 1641 993 1696 8)
1020 1645 1332 1685 lncarceratus
1356 1654 1448 1685 non
1475 1644 1622 1698 potest
1644 1643 1917 1684 contrahere
1936 1653 2029 1683 ma-

258 1722 530 1768 trimonium
565 1738 718 1769 coram
755 1724 955 1769 Parocho
990 1723 1201 1778 carceris,
1237 1724 1271 1767 si
1305 1723 1538 1768 custodiae
1572 1727 1752 1766 tantum
1789 1735 1924 1766 causa
1970 1721 2029 1765 ibi

251 1806 313 1852 sit
346 1808 582 1852 detentus:
621 1812 785 1866 potest,
822 1807 857 1852 si
891 1812 1135 1867 perpetuo,
1180 1811 1259 1851 aut
1297 1807 1352 1851 ad
1388 1805 1586 1851 notabile
1629 1811 1808 1864 tempus
1842 1805 1901 1849 ibi
1936 1806 2030 1850 luat

258 1904 470 1949 poenam.
509 1892 550 1948 9)
589 1891 761 1936 Inlirmi
797 1891 1064 1949 regulariter
1097 1905 1190 1936 non
1224 1890 1472 1950 adquirunt
1504 1890 1630 1949 quasi
1665 1890 1949 1935 domicilium
1985 1890 2029 1934 in

261 1975 489 2033 hospitali,
524 1980 569 2019 et
602 1989 726 2030 casu,
762 1989 852 2034 quo
885 1974 1012 2032 gravi
1046 1974 1314 2018 infirmitate
1350 1975 1608 2018 laborantes
1640 1975 1913 2019 contrahere
1957 1974 2031 2018 de·

256 2059 397 2104 beant
432 2058 796 2113 matrimonium,
831 2064 912 2103 aut
946 2058 1273 2103 recurrendum
1297 2062 1365 2102 est
1387 2057 1443 2101 ad
1479 2057 1730 2101 l’arochum
1765 2057 1848 2102 loci
1889 2057 2030 2101 domi-

256 2142 348 2186 cilii
382 2142 454 2187 vel
487 2142 613 2201 quasi
649 2141 884 2195 domicilii,
920 2146 970 2186 ut
1003 2142 1100 2186 eius
1132 2140 1355 2199 delegatio
1387 2140 1677 2195 obtineatur,
1718 2144 1798 2184 aut
1828 2140 1941 2184 haec
1975 2140 2032 2183 ab

260 2226 358 2271 eius
381 2225 623 2271 Ordinario
646 2225 842 2284 petenda
866 2231 952 2280 est,
971 2229 1017 2269 et
1039 2224 1375 2284 exquirendum
1400 2223 1618 2268 iudicium
1637 2223 1867 2268 Ordinarii
1893 2223 1976 2268 loci
1995 2223 2027 2267 ¹⁶.

260 2310 463 2369 Denique
499 2323 720 2366 vagorum
755 2308 926 2365 nuptiis
958 2309 1169 2354 assistere
1202 2306 1337 2352 debet
1369 2307 1599 2353 Parochus
1630 2306 1715 2351 loci
1742 2305 1790 2350 in
1813 2320 1902 2365 quo
1925 2311 2029 2351 actu

255 2398 516 2437 versantur.

377 2477 475 2522 9⁹27.
508 2477 552 2521 4.
590 2476 651 2520 Ad
687 2488 848 2520 causas
879 2474 998 2535 quod
1031 2473 1228 2531 attinet,
1264 2486 1380 2532 quae
1427 2473 1484 2518 ab
1524 2471 1817 2517 observantia
1861 2470 2046 2515 decretiv

254 2559 465 2605 >eximere
499 2564 704 2618 possunt,
741 2560 853 2603 haec
885 2571 1002 2617 quae
1035 2560 1290 2616 sequuntur
1323 2555 1523 2601 notanda
1556 2559 1680 2600 sunt.
1714 2554 1844 2608 Quod
1876 2552 2032 2598 matri·
2170 2612 2176 2613 ⁷

258 2644 417 2689 monia
451 2642 736 2689 clandestina
772 2647 871 2687 rata
903 2646 950 2686 et
982 2640 1113 2686 firma
1145 2639 1405 2685 consistunt
1438 2639 1513 2684 ubi
1537 2640 1774 2684 decretum
1802 2638 1873 2683 vel
1895 2650 2033 2681 num-
2167 2639 2176 2701 ζ

2133 2730 2176 2773 ἕ;

380 2853 387 2871 ·
418 2852 451 2888 s,
480 2852 516 2888 C.
544 2851 637 2897 Epp.
663 2855 699 2887 et
723 2851 812 2896 aeg.
839 2850 861 2886 s
886 2854 956 2886 oct.
984 2849 1086 2885 1725.
2127 2802 2176 2912 j?

377 2925 389 2943 ²
418 2924 452 2961 S.
479 2924 516 2960 C.
544 2924 653 2960 Conc.
681 2924 719 2959 in
744 2922 892 2959 Ianue‘n.
920 2921 1201 2968 Brephotrophii
1226 2920 1248 2957 5
1274 2920 1365 2963 iulii,
1391 2919 1437 2956 22
1463 2919 1635 2956 novemb.
1663 2918 1764 2955 1856.

379 2995 392 3014 ³
418 2995 554 3032 Bened.
582 2994 678 3038 XIV,
706 2994 795 3030 Inst.
822 2994 915 3030 Eccl.
944 2993 1000 3038 88,
1026 3002 1062 3029 n.
1088 2990 1121 3028 9.

377 3067 392 3088 ¹*
418 3067 554 3105 Bened.
580 3066 679 3110 XIV,
705 3066 787 3103 Inst.
818 3065 911 3102 Eccl.
938 3065 995 3109 55,
1021 3073 1057 3101 n.
1086 3064 1139 3107 15,
1166 3068 1203 3101 et
1227 3064 1313 3102 Inst.
1341 3064 1397 3107 88,
1424 3073 1460 3100 n.
1486 3064 1518 3100 5.
