2176 3386
1455 0 1464 8 -
1500 3 1502 6 ψ
1774 0 2079 35 wevera-225,

221 178 298 217 198
889 187 1000 217 PARS
1030 189 1069 216 11.
1104 188 1161 216 DE
1191 169 1329 217 nEBUS
1717 218 1722 221 ,
2153 0 2176 291 Ι

166 315 169 318 ·
220 297 277 342 ab
310 297 396 342 hoc
425 297 756 356 impedimento
777 296 1015 343 affinitatis
1038 311 1187 357 neque
1209 297 1473 356 dispensare
1506 302 1697 356 possunt
1725 298 2002 345 Missionarii

220 380 385 439 quibus
431 394 510 438 per
557 380 790 424 indultum
839 378 1110 425 conceditur
1141 379 1336 424 facultas
1377 378 1668 437 dispensandi
1711 380 1757 424 in
1792 380 2003 438 gradibus

222 461 639 520 consanguinitatis
674 461 772 506 iure
804 461 964 507 divino
997 476 1091 507 non
1127 461 1380 521 prohibitis.

345 545 472 590 1041.
523 547 560 603 e)
598 545 939 602 Impedimenta
980 559 1009 590 a
1047 545 1210 603 quibus
1257 545 1525 602 dispensari
1571 559 1665 589 non
1711 546 1820 590 solet
1866 549 1999 590 sunt:

225 627 263 684 1)
298 627 683 684 impedimentum
717 627 1110 672 clandestinitatis
1139 628 1303 672 saltem
1334 641 1440 671 cum
1475 634 1654 685 ayatur
1684 628 1740 672 de
1762 629 2002 673 matrimo-

220 712 299 754 nio
321 710 659 764 contrahendo;
695 712 736 766 2)
763 711 1150 767 impedimentum
1184 712 1402 755 criminis
1432 716 1626 769 utroque
1667 710 1738 754 vel
1776 710 2004 755 alterutro

219 792 539 849 machinante,
564 796 605 837 si
627 793 916 839 machinatio
937 796 996 837 sit
1018 794 1211 849 occulta,
1249 795 1443 844 nonnisi
1462 807 1517 838 ex
1539 796 1804 838 necessitate
1820 793 2003 851 dispen-

218 882 372 929 satur,·
398 877 439 931 5)
467 890 581 921 raro
609 879 749 920 etiam
774 877 1075 934 dispensatur
1100 879 1148 920 in
1172 877 1502 933 impedimento
1525 877 1703 933 publico
1721 880 1872 934 primi
1890 891 2003 935 yra-

220 959 307 1003 dus
340 957 595 1017 affinitatis
627 960 781 1003 tineae
813 965 966 1003 rectae
997 973 1053 1003 ex
1075 960 1243 1016 copula
1278 960 1458 1003 illicita.
1496 961 1623 1013 Quod
1657 958 1692 1002 si
1726 959 1882 1015 detur,
1917 960 2003 1004 hoc

220 1042 266 1087 in
301 1056 407 1087 casu
442 1043 721 1100 dispensatio
761 1043 846 1087 hac
891 1042 1156 1087 conditione
1189 1043 1324 1087 datur
1356 1049 1407 1087 ut
1439 1057 1604 1101 sponsa
1643 1049 1750 1088 nata
1784 1044 1843 1089 sit
1875 1050 2003 1089 ante-

219 1141 359 1186 quam
393 1141 586 1185 sponsus
619 1141 725 1171 cum
762 1131 908 1171 matre
943 1140 1135 1183 sponsae
1171 1141 1266 1171 rem
1303 1127 1528 1171 habuerit.
1580 1128 1709 1181 Quod
1741 1129 1776 1172 si
1812 1127 2003 1173 coniun-

220 1209 311 1254 ctio
346 1210 536 1265 illicita,
571 1225 629 1254 ex
662 1224 750 1269 qua
783 1215 883 1254 orta
917 1214 985 1254 est
1024 1209 1253 1265 affinitas,
1297 1213 1485 1268 putatur
1522 1210 1755 1268 legitima,
1790 1209 2005 1255 adiicitur

220 1293 422 1337 conditio
456 1298 506 1337 ut
538 1298 646 1337 ante
681 1292 1005 1337 executionem
1039 1292 1393 1350 dispensationis
1441 1298 1663 1337 caveatur
1695 1307 1753 1338 ne
1786 1294 1832 1337 in
1867 1294 2003 1351 vulgo

220 1376 396 1420 oriatur
432 1375 586 1434 opinio
633 1390 826 1421 erronea
876 1375 1191 1434 dispensatum
1242 1377 1381 1420 fuisse
1415 1375 1461 1420 in
1495 1376 1827 1434 impedimento
1870 1377 2003 1435 primi

220 1458 386 1515 gradus
419 1458 564 1503 lineae
600 1463 752 1502 rectae
784 1473 843 1502 ex
877 1458 1080 1515 legitima
1104 1458 1448 1504 coniunctione.
1484 1460 1526 1515 4)
1555 1463 1682 1503 Raro
1704 1461 2003 1517 dispensatur

221 1543 277 1586 ab
311 1542 638 1598 impedimento
671 1542 966 1598 disparitatis
995 1542 1146 1585 cultus
1180 1544 1229 1585 in
1263 1543 1529 1599 reyionibus
1551 1542 1800 1598 catholicis,
1827 1544 2003 1589 facilius

220 1624 341 1669 inter
375 1625 593 1670 infideles.
632 1625 824 1670 Nonnisi
859 1640 915 1670 ex
949 1625 1220 1683 gratissima
1254 1631 1300 1670 et
1334 1626 1513 1684 publica
1545 1639 1682 1671 causa
1715 1627 2004 1685 dispensatur

220 1709 277 1754 ab
307 1710 638 1766 impedimento
670 1710 851 1753 ordinis
882 1712 1023 1763 sacri,
1064 1710 1133 1753 vei
1163 1709 1469 1766 professionis
1499 1709 1732 1754 solemnis.

346 1794 471 1837 1042.
507 1793 553 1849 d)
592 1793 934 1849 Impedimenta
956 1795 1008 1836 in
1040 1793 1203 1851 quibus
1231 1795 1406 1849 passim
1441 1793 1753 1849 dispensatur,
1779 1799 1890 1837 sunt
1919 1795 2003 1836 im-

216 1878 487 1935 pedimenta
524 1891 579 1920 ex
612 1876 934 1920 remotioribus
964 1876 1193 1933 yravdibus
1232 1878 1683 1933 consanyuinitatis‘,
1720 1876 1999 1934 affinitatis,

216 1960 428 2016 publicae
459 1958 725 2013 honestatis,
760 1960 1053 2015 cognationis
1083 1959 1348 2015 spiritualis
1381 1964 1465 2003 aut
1497 1959 1676 2015 teqatis.

344 2044 472 2088 1045.
510 2047 544 2088 A
567 2044 732 2103 quibus
755 2044 1099 2103 impedimentis
1123 2043 1479 2102 impedientibus
1514 2044 1684 2102 petitur
1705 2044 2004 2102 dispensatio?

223 2128 287 2170 Ab
333 2126 547 2171 omnibus
595 2127 936 2185 impedimentis
984 2126 1339 2185 impedientibus
1378 2126 1468 2184 peti
1507 2131 1655 2185 potest
1701 2126 1995 2184 dispensatio,

221 2209 375 2253 habita
410 2210 588 2253 ratione
622 2215 777 2254 tamen
812 2210 867 2254 ad
901 2209 1233 2268 impedimenta
1266 2209 1563 2267 impedientia
1600 2213 1806 2254 Romano
1849 2209 2001 2254 Ponti-

220 2292 291 2337 fici
317 2297 551 2337 reservata
577 2294 649 2337 vel
675 2307 783 2337 non.
823 2292 1029 2337 Vidimus
1055 2293 1098 2336 in
1123 2293 1318 2338 articulo
1353 2292 1499 2350 primo
1523 2293 1658 2337 huius
1680 2291 1843 2349 capitis
1864 2278 2000 2351 quae·

221 2390 328 2420 nam
362 2377 456 2421 sint
489 2376 784 2434 impedientia
819 2377 1149 2435 impedimenta
1184 2381 1236 2421 R.
1275 2377 1482 2422 Pontifici
1517 2382 1767 2422 reservata.

604 2534 622 2581 ἓ
647 2536 680 2571 2.
706 2555 753 2559 —
780 2534 927 2580 Quibus
954 2534 1003 2570 de
1029 2534 1157 2570 causis
1184 2535 1427 2581 dispensatio
1449 2537 1612 2581 petatur

750 2605 799 2642 ab
827 2605 1122 2652 impedimentis
1149 2605 1470 2652 impedientibus.

343 2712 470 2755 1044.
509 2715 558 2755 ln
592 2724 758 2768 genere
791 2724 898 2754 cum
931 2708 1210 2768 dispensatio
1246 2709 1397 2767 prouti
1432 2708 1541 2767 legis
1574 2709 1744 2754 vulnus
1776 2709 1873 2754 iure
1906 2723 2000 2753 me·

217 2792 308 2838 rito
342 2793 580 2846 habeatur,
618 2793 802 2838 nonnisi
834 2807 892 2838 ex
926 2791 1185 2837 rationabili
1226 2805 1364 2837 causa
1402 2791 1681 2850 dispensatio
1722 2792 1779 2837 ab
1812 2791 1999 2849 impedi-

219 2876 390 2920 mentis
422 2876 561 2921 etiam
596 2875 919 2921 tantummodo
954 2874 1308 2933 impedientibus
1340 2875 1432 2933 peti
1467 2878 1631 2932 potest.
1669 2878 1718 2919 In
1748 2873 1898 2932 specie
1920 2888 1999 2918 au-

217 2962 312 3002 tem
346 2958 467 3017 quod
488 2958 658 3003 attinet
678 2959 735 3003 ad
757 2958 1094 3015 impedimenta
1119 2958 1422 3015 impedientia
1452 2960 1504 3002 R.
1531 2955 1740 3002 Pontifici
1764 2958 1997 3001 reservata

220 3041 332 3086 haec
364 3046 472 3086 sunt
505 3042 736 3087 notanda:

2139 2400 2153 2523 two-w·
2139 2334 2153 2377 »-
