2176 3386
225 199 300 239 102
897 211 1005 240 rans
1035 212 1075 240 n.
1112 212 1166 240 DE
1198 212 1334 240 nesus

226 331 301 362 ex.
338 332 402 376 gr,
439 317 621 370 tutoris,
657 317 915 375 obligantur
948 333 1058 363 suae
1095 317 1509 364 administrationis
1553 319 1736 364 reddere
1783 319 2000 376 rationes,

227 401 315 446 nisi
348 401 455 446 illud
495 414 667 445 munus
698 406 806 446 ante
839 403 1088 460 deponant,
1123 406 1170 446 et
1201 401 1304 456 nisi,
1342 402 1527 447 redditis
1559 402 1828 455 rationibus,
1861 403 1920 447 ab
1951 402 2005 447 iis

231 483 402 528 fuerint
435 483 646 538 absoluti,
683 485 753 528 vel
788 484 842 528 de
869 484 1107 529 reddendis
1138 484 1365 540 caverint,
1392 499 1484 530 non
1518 485 1554 529 si
1587 489 1749 540 agatur
1780 486 1834 530 de
1867 499 2002 530 causa

228 566 511 625 privilegiata
549 581 591 611 v.
616 582 678 623 gr.
710 568 850 612 tutela
883 567 1102 612 ecclesiae
1130 567 1200 612 vel
1226 581 1501 625 pauperum;
1538 568 1567 612 ii
1590 572 1747 613 autem
1771 568 1807 612 si
1832 568 2006 613 fuerint

228 650 442 704 ordinati,
479 663 573 694 non
610 649 910 708 probibentur
943 649 1163 695 exercitio
1196 650 1391 707 ordinis;
1428 651 1470 708 5)
1505 650 1752 708 coniugati,
1778 650 1854 710 qui
1888 650 2004 695 ordi-

232 733 331 777 nari
358 733 427 777 iel
464 732 729 789 religionem
763 732 938 789 ingredi
972 738 1224 791 nequeunt,
1251 733 1337 777 nisi
1372 747 1538 778 uxores
1571 732 1880 788 consentiant,
1905 747 2005 777 eae-

229 829 317 875 que
352 815 618 872 religionem
654 813 957 872 profiteantur
991 815 1060 859 iel
1101 816 1261 859 saltem
1304 814 1527 860 castitatis
1561 819 1777 873 perpetuo
1818 828 2004 859 servan-

230 899 313 943 dae
341 903 496 942 votum
522 897 756 952 emittant,
782 897 1062 955 approbante
1091 898 1331 956 l<2piscopo;
1356 899 1398 951 4)
1425 898 1652 953 Monacbi,
1672 911 1752 942 seu
1774 898 2007 955 regulares

233 980 446 1038 professi,
483 979 569 1024 nisi
605 979 880 1038 Superioris,
926 980 1054 1024 cuius
1088 980 1315 1025 voluntati
1364 985 1472 1024 sunt
1509 979 1721 1035 obnoxii,
1757 993 2007 1024 consensus

485 1065 532 1084 Ὀ

232 1065 436 1108 accedat.
485 1079 510 1107 o
572 1067 632 1107 Ex
667 1065 847 1108 defectu
890 1064 1035 1108 bonae
1071 1066 1218 1108 lamae
1262 1064 1531 1121 irregulares
1563 1066 1671 1107 sunt
1707 1063 1782 1121 qui
1816 1062 2006 1107 infamia

234 1146 345 1191 iuris
385 1147 615 1201 laborant,
646 1147 722 1191 sed
758 1146 1032 1204 probabilius
1055 1152 1155 1205 post
1176 1146 1337 1190 iudicis
1359 1146 1654 1200 sententiam,
1688 1159 1768 1189 seu
1801 1145 2009 1204 quisunt

235 1231 299 1275 rei
335 1230 501 1275 notorii
537 1231 706 1285 delicti,
743 1230 813 1274 cui
843 1245 867 1274 a
889 1230 1030 1274 sacris
1052 1229 1306 1275 canonibus
1328 1230 1506 1274 adnexa
1541 1234 1610 1274 est
1632 1228 1837 1273 infamia.
1873 1230 1923 1272 40
1951 1233 2007 1273 lr-

234 1314 503 1371 regularitas
534 1329 591 1358 cx
626 1314 805 1358 del'ectu
841 1313 1117 1357 sacramenti
1161 1313 1306 1357 oritur
1337 1327 1394 1357 ex
1432 1312 1648 1369 bigamia,
1683 1326 1798 1371 quae
1845 1311 2007 1370 triplex

228 1401 312 1451 est,
349 1411 477 1452 vera,
514 1399 888 1453 interpretativa,
915 1402 961 1439 et
982 1396 1395 1440 similitudinaria.
1446 1398 1557 1439 Vera
1584 1400 1668 1450 est,
1694 1395 1876 1453 quando
1909 1394 2009 1454 quis

233 1479 397 1537 duplex
437 1478 782 1523 matrimonium
815 1478 1073 1522 successive
1107 1478 1371 1532 contraxit,
1407 1483 1453 1522 et
1500 1466 1745 1536 utrumque
1794 1490 2008 1520 consum·

235 1561 397 1605 maxit.
439 1554 815 1618 Interpretalz’va‚
841 1561 1024 1619 quando
1056 1560 1156 1619 quis
1188 1561 1313 1605 ducit
1346 1575 1537 1605 uxorem
1575 1560 1778 1616 viduam,
1814 1573 2007 1618 eamque

237 1644 326 1688 iam
362 1658 386 1687 a
420 1657 501 1687 suo
538 1643 700 1688 marito
734 1644 880 1702 priore
913 1643 1117 1700 agnitam
1161 1649 1206 1688 et
1246 1643 1337 1702 ipse
1384 1644 1612 1702 agnoscit,
1646 1649 1727 1688 ant
1770 1644 2007 1689 mulierem

235 1727 293 1771 ab
323 1726 411 1770 alio
448 1726 691 1770 fornicarie
740 1731 1031 1784 corruptam,
1066 1732 1146 1770 aut
1193 1726 1333 1785 siquis
1380 1726 1678 1771 commisceat
1726 1726 1855 1771 uxori
1900 1741 2008 1771 suae

235 1811 386 1868 lapsae
421 1824 465 1853 in
499 1810 737 1855 adulterio.
776 1811 1182 1855 Sz'mz'litttdinm·z'a
1217 1824 1326 1854 vero
1359 1815 1444 1866 est,
1480 1810 1515 1854 si
1548 1811 1649 1870 quis
1681 1824 1810 1855 sacro
1833 1810 2008 1866 ordine,

235 1898 317 1937 aut
349 1893 540 1937 solemni
570 1898 675 1938 xoto
709 1893 934 1937 castilatis
965 1893 1226 1948 obstrictus,
1252 1893 1419 1937 audeat
1452 1893 1796 1938 matrimonium
1832 1898 2011 1938 contra-

237 1976 344 2021 here
378 1982 424 2021 et
457 1991 780 2021 consummare
806 1977 834 2021 ¹.
882 1977 1009 2021 Solus
1049 1980 1282 2021 Romanus
1317 1976 1526 2021 l’ontil'ex
1564 1977 1831 2034 'dispensare
1863 1979 2013 2034 potest

241 2075 266 2105 a
303 2061 496 2118 bigamia
533 2075 640 2105 iera
675 2066 721 2105 et
753 2060 1122 2118 interpretativa,
1158 2074 1183 2104 a
1219 2059 1412 2117 bigamia
1446 2059 1815 2104 similitudinaria
1865 2064 2013 2117 potest

233 2144 494 2202 dispensare
533 2144 774 2202 Episcopus
798 2144 828 2188 ².

353 2227 454 2273 827.
493 2232 661 2280 Quarta
698 2226 1007 2284 irregularitas
1044 2226 1188 2270 oritur
1220 2241 1276 2270 ex
1313 2226 1513 2271 lenitatis
1545 2227 1758 2282 defectu,
1793 2240 1931 2285 (piam
1976 2225 2011 2270 is

234 2308 482 2364 contrabit,
517 2309 591 2368 qni
627 2310 892 2354 voluntarie
924 2312 1071 2354 active
1105 2312 1317 2366 proxime
1354 2309 1461 2354 licet
1499 2313 1613 2353 iuste
1644 2310 1701 2354 ad
1734 2324 1913 2365 necem,
1940 2310 2012 2354 vel

238 2393 576 2437 mutilationem
611 2392 810 2437 hominis
858 2392 1123 2447 concurrit,
1164 2393 1234 2437 xel
1268 2392 1456 2450 physice
1492 2393 1563 2437 vel
1598 2392 1861 2448 moraliter,
1898 2392 2013 2437 idest

241 2477 519 2532 mandando,
555 2476 834 2530 adiuvando,
871 2475 1216 2530 consentiendo,
1253 2480 1302 2519 ut
1333 2476 1602 2530 advocatuS,
1638 2475 1711 2520 vel
1745 2479 2012 2532 procurator

240 2560 544 2615 accusatoris,
581 2564 745 2615 testes,
784 2559 868 2604 nisi
901 2558 1180 2603 accesserint
1212 2557 1433 2616 compulsi
1469 2558 1541 2602 vel
1579 2557 1697 2602 iusto
1744 2561 2011 2615 praecepto,

240 2644 459 2698 notarius,
498 2643 652 2698 iudex,
688 2649 734 2687 et
766 2644 950 2688 demum
987 2643 1080 2701 ipse
1112 2646 1369 2698 accusator,
1405 2641 1491 2686 nisi
1524 2641 1618 2700 ipse
1650 2653 1863 2698 expresse
1911 2652 2011 2697 pro-

243 2732 463 2782 testetur,
499 2741 545 2771 se
580 2727 859 2782 xindictam,
896 2741 973 2772 seu
1009 2739 1202 2784 poenam
1237 2723 1472 2782 sanguinis
1509 2737 1602 2768 non
1640 2722 1903 2775 intendere,
1937 2719 2014 2765 sed

240 2811 613 2856 emendationem
649 2812 721 2855 x‘el
754 2810 1008 2855 remedium
1047 2813 1250 2865 tantum3
1289 2809 1359 2852 vel
1383 2807 1579 2867 denique
1612 2805 1841 2864 negative,
1867 2804 1902 2849 si
1932 2803 2014 2849 sci-

358 3009 365 3027 ¹
397 3010 483 3046 Can.
513 3008 565 3050 14,
586 3016 699 3044 causa
715 3005 748 3049 2,
769 3011 910 3051 quaest.
932 3005 962 3041 1.

356 3081 368 3099 ²
395 3080 481 3127 Cap.
506 3081 520 3116 l
544 3084 576 3116 et
596 3079 617 3116 4
637 3079 680 3115 de
700 3078 848 3116 Clericis
869 3077 1088 3123 coniugatis.
