2176 3386
248 197 300 237 52
917 206 1027 236 PARS
1056 207 1095 234 11.
1130 206 1187 235 DE
1218 205 1354 234 nanus

246 316 289 371 ίι)
327 314 621 359 interdictam
657 327 749 358 non
782 327 880 358 esse
912 312 1136 358 sacerdoti
1174 311 1337 357 missae
1372 311 1664 357 iterationem
1697 312 1878 371 quoties
1907 311 2024 357 alius

249 396 402 442 haberi
447 395 589 455 possit
637 395 879 450 sacerdos,
914 395 990 455 qui
1037 394 1188 453 populi
1237 395 1499 439 necessitati
1542 396 1694 440 valeat
1740 396 2025 440 satisfacere.

247 479 468 534 Quocirca
520 478 643 537 prius
673 493 811 538 quam
851 477 1125 522 admittatur
1172 478 1335 522 missae
1380 477 1587 533 iteratio,
1624 477 1874 523 videndum
1918 477 2022 534 erit,

249 577 361 607 num
400 562 580 622 aliquod
624 577 647 606 e
682 561 895 606 remediis
927 576 951 605 a
986 561 1083 605 iure
1127 560 1408 619 praestitutis
1455 565 1667 619 suppetat
1697 561 1752 605 ad
1785 559 2024 605 consulen-

248 647 358 691 dum
392 645 614 705 spirituali
651 645 802 704 populi
837 644 1117 690 necessitati.
1158 645 1275 689 Hinc
1308 644 1362 688 ad
1396 644 1727 688 consulendum
1762 643 2024 688 necessitati

251 730 295 773 iu
334 729 489 786 primis
523 728 752 773 Parochus
786 728 878 785 ipse
912 733 1097 772 tenetur
1129 727 1406 785 stipendium
1441 726 1571 771 alteri
1605 726 1827 771 sacerdoti
1867 740 2026 784 suppe-

249 813 421 869 ditare,
457 827 510 857 eo
546 826 634 857 uon
675 816 876 870 potente,
914 812 1119 869 populus,
1145 815 1191 855 et
1223 810 1258 855 si
1293 811 1350 856 ob
1383 814 1698 868 paupertatem
1734 809 1770 854 is
1803 823 1895 854 non
1929 823 2028 867 pos-

250 882 324 949 sit,
362 900 547 940 tenetur
577 895 859 939 ordinarius.

371 980 471 1024 699.
515 979 670 1033 Quoad
707 993 817 1022 vero
865 990 1027 1032 casus,
1062 977 1226 1036 quibus
1279 976 1483 1034 Episcopi
1533 975 1719 1020 binandi
1763 976 2027 1021 facultatem

253 1063 504 1109 concedere
530 1065 735 1119 possunt,
771 1062 932 1104 Bened.
961 1063 1056 1103 XlV
1081 1060 1335 1103 declaravit
1360 1058 1561 1116 permitti
1584 1072 1685 1101 eam
1712 1071 1864 1116 posse:
1904 1059 1941 1114 l)
1963 1071 2031 1102 sa-

253 1145 454 1201 cerdoti,
489 1145 566 1204 qui
600 1145 775 1188 duabus
810 1143 1034 1201 parochiis
1077 1142 1244 1200 praesit
1281 1142 1351 1186 tel
1384 1143 1497 1186 duos
1531 1142 1718 1199 populos
1758 1145 1889 1185 curet
1920 1140 2032 1184 adeo

256 1229 513 1283 seiunctos,
552 1231 601 1270 ut
634 1228 855 1270 alteruter
904 1226 1104 1270 Parocho
1153 1224 1401 1270 celebranti
1436 1225 1508 1268 die
1552 1225 1667 1268 festo
1699 1225 1856 1268 adesse
1889 1224 2032 1267 nulla—

255 1317 389 1356 tenus
425 1311 588 1369 possit;
626 1313 667 1365 ⁴2)
695 1311 729 1355 si
766 1324 855 1353 uua
882 1314 1064 1353 tantum
1099 1309 1158 1352 sit
1189 1307 1397 1363 ecclesia,
1425 1308 1470 1351 in
1493 1321 1580 1366 qua
1617 1306 1750 1352 missa
1775 1306 2035 1351 celebratur

255 1401 302 1438 et
325 1395 379 1439 ad
402 1409 539 1454 quam
568 1393 752 1438 insimul
786 1393 1032 1437 universus
1065 1393 1255 1450 populus
1287 1390 1538 1435 convenire
1575 1404 1664 1434 non
1697 1393 1859 1448 potest.
1898 1393 2034 1433 Porro

259 1479 329 1522 his
363 1477 782 1522 intervenientibus
819 1475 1014 1531 casibus,
1050 1475 1205 1519 iterari
1242 1476 1377 1519 missa
1412 1474 1579 1532 poterit
1610 1474 1749 1517 etiam
1784 1475 1840 1517 ab
1874 1472 1926 1517 iis
1959 1472 2033 1530 qui

257 1561 445 1606 binaudi
482 1562 699 1605 facultate
723 1575 814 1604 non
839 1565 945 1604 sunt
970 1558 1202 1614 instructi,
1226 1572 1330 1602 cum
1368 1557 1408 1601 id
1432 1557 1654 1603 concedat
1677 1557 1746 1601 ius
1770 1570 2033 1611 commune,

258 1659 441 1702 semper
475 1649 629 1688 tamen
678 1642 993 1701 dependenter
1038 1642 1094 1686 ab
1140 1640 1406 1695 Ordinario,
1443 1640 1498 1684 ad
1531 1653 1667 1699 quem
1703 1638 1902 1697 pertinet
1936 1642 2034 1682 tum

257 1730 311 1773 de
349 1743 454 1773 vera
498 1727 728 1772 existente
773 1725 1077 1780 necessitate,
1115 1730 1212 1769 tum
1255 1724 1308 1768 de
1342 1722 1640 1782 possibilitate
1681 1721 1766 1766 alia
1816 1721 2037 1766 canonica

260 1812 460 1857 remedia
485 1810 760 1870 applicandi,
788 1809 1007 1853 iudicium
1034 1810 1167 1853 ferre.
1206 1807 1326 1862 Quin
1363 1806 1454 1851 imo
1479 1805 1523 1850 in
1548 1818 1653 1850 casu
1691 1804 1825 1848 unius
1848 1803 2037 1848 Parochi

388 2026 400 2042 ιι
428 2011 506 2047 Hoc
534 2011 656 2055 itaque
685 2010 721 2045 in
748 2018 835 2044 casu
862 2007 1033 2044 sacerdos
1060 2012 1143 2052 post
1170 2006 1342 2042 baustum
1378 2005 1415 2040 in
1448 2005 1564 2050 prima
1591 2004 1702 2039 Missa
1729 2003 1924 2048 diligenter
1950 2002 2041 2038 San—

266 2083 416 2129 guinem
450 2081 618 2123 Domini,
645 2081 783 2116 omissa
809 2083 988 2115 consueta
1027 2077 1302 2124 purificatione,
1330 2082 1465 2122 patena
1496 2075 1647 2112 calicem
1675 2080 1711 2111 et
1737 2075 1834 2120 palla
1871 2079 2042 2120 patenam

262 2159 391 2200 tegens
418 2164 461 2190 ac
488 2163 599 2199 super
626 2152 816 2198 corporale
843 2151 1068 2196 relinquens,
1095 2150 1184 2185 dieit
1212 2149 1348 2185 iunctis
1374 2148 1565 2184 manibus:
1603 2147 1703 2190 Quod
1729 2156 1790 2183 ore
1818 2146 2043 2192 sumpsimus

263 2227 414 2264 Domine
439 2230 507 2262 etc.
534 2224 672 2260 Deinde
700 2223 846 2269 digitos,
874 2222 1009 2268 quibus
1037 2221 1099 2258 SS.
1129 2221 1407 2257 Sacramentum
1435 2219 1564 2264 tetigit,
1592 2218 1629 2254 in
1647 2218 1772 2263 aliquo
1801 2227 1884 2253 vase
1902 2216 2042 2252 mundo

264 2299 309 2335 ad
349 2298 418 2333 hoe
455 2297 492 2332 in
521 2297 643 2332 Altare
684 2299 900 2341 praeparato
926 2293 1073 2336 abluet,
1108 2293 1252 2329 interim
1279 2292 1429 2328 dicens:
1471 2290 1610 2336 Corpus
1645 2293 1748 2326 tuum
1780 2289 1930 2324 Domine
1963 2291 2044 2330 etc„

264 2370 517 2415 abstersisque
538 2367 788 2414 purificatorio
816 2366 945 2411 digitis
971 2365 1124 2401 calicem
1152 2365 1233 2401 velo
1260 2364 1457 2409 cooperiet,
1485 2362 1681 2407 velumque
1708 2365 1817 2407 ponet
1837 2370 1947 2406 super
1964 2369 2045 2396 cor-

266 2440 391 2486 porale
418 2443 624 2476 extensum.
652 2438 834 2474 Absoluta
860 2437 982 2479 Missa,
1010 2437 1040 2472 si
1066 2436 1170 2472 nulla
1196 2436 1234 2471 in
1260 2435 1418 2471 ecelesia
1444 2434 1490 2470 sit
1516 2433 1682 2469 sacristia
1698 2461 1706 2474 ,
1732 2431 1884 2468 calicem
1916 2431 2043 2466 eodem

267 2513 377 2548 modo
404 2521 515 2557 super
548 2511 669 2546 Altare
695 2509 895 2554 relinquet3
935 2518 1042 2545 secus
1068 2518 1155 2544 vero
1183 2508 1220 2543 in
1246 2507 1451 2543 sacristiam
1478 2505 1631 2549 deferet,
1660 2504 1785 2549 ibique
1823 2512 1934 2548 super
1961 2501 2049 2538 Cor·
2173 2542 2176 2554 Ι

268 2583 393 2630 porale
420 2583 477 2619 vel
504 2582 638 2629 pallam
666 2582 704 2618 in
729 2581 854 2626 aliquo
881 2581 962 2617 loeo
1000 2580 1143 2616 decenti
1171 2583 1206 2615 et
1237 2578 1365 2615 clauso
1404 2576 1600 2614 collocabit
1633 2584 1748 2620 usque
1774 2574 1820 2610 ad
1845 2572 2046 2610 secundam
2137 2598 2176 2637 .<

268 2655 437 2697 Missam;
467 2655 504 2689 in
530 2663 613 2700 qua,
641 2662 723 2689 cum
751 2652 882 2688 eodem
909 2650 1028 2688 Calice
1056 2650 1107 2686 uti
1134 2650 1277 2694 debeat,
1305 2648 1407 2685 illum
1433 2657 1559 2684 rursus
1586 2655 1712 2683 secum
1750 2644 1888 2682 deferet
1912 2643 1958 2680 ad
1984 2642 2050 2678 Al-
2171 2637 2176 2646 “

271 2731 359 2769 tare,
384 2735 428 2761 ac
455 2734 566 2771 super
593 2722 782 2769 corporale
808 2729 1003 2758 extensum
1030 2724 1193 2767 reponet.
1220 2719 1311 2756 Cum
1339 2724 1461 2755 autem
1488 2718 1526 2754 in
1552 2716 1714 2754 secunda
1738 2715 1851 2752 Missa
1876 2713 2048 2750 sacerdos

268 2796 316 2833 ad
345 2795 581 2832 offertorium
608 2794 806 2837 devenerit,
833 2792 956 2829 ablato
982 2792 1064 2828 velo
1089 2791 1133 2827 de
1161 2791 1293 2833 Calice‚
1321 2791 1418 2826 hunc
1445 2797 1642 2835 parumper
1667 2796 1794 2823 versus
1820 2794 1938 2822 cornu
1963 2783 2050 2829 Epi-

270 2870 387 2906 stolae
413 2867 619 2911 collocabit,
635 2866 701 2903 sed
718 2874 793 2901 non
818 2869 923 2901 extra
947 2863 1148 2909 corporale,
1169 2863 1335 2908 factaque
1354 2861 1497 2898 hostiae
1523 2859 1721 2901 oblatione,
1741 2857 1885 2894 cavebit
1909 2865 1956 2892 ne
1983 2865 2050 2902 pu-

271 2939 471 2977 rificatorio
497 2941 665 2983 extergat
702 2936 881 2981 Calicem,
908 2935 973 2972 sed
997 2944 1081 2971 eum
1107 2935 1204 2970 intra
1241 2932 1432 2980 corporale
1469 2932 1682 2977 relinquens
1718 2929 1846 2965 leviter
1880 2926 2050 2969 elevabit,
2099 2961 2102 2963 ,

271 3014 474 3058 vinumque
500 3015 535 3049 et
560 3019 693 3057 aquam
720 3010 840 3046 eidem
867 3014 972 3046 caute
999 3008 1166 3054 imponet
1191 3016 1237 3044 ne
1265 3010 1389 3051 guttae
1414 3005 1562 3052 aliquae
1587 3003 1634 3040 ad
1659 3001 1760 3039 labia
1777 3000 1893 3047 ipsius
1918 2998 2052 3036 Calicis

273 3083 453 3126 resiliant,
480 3091 590 3128 quem
616 3081 748 3118 deinde
774 3080 987 3117 nullatenus
1013 3078 1060 3115 ab
1086 3079 1185 3115 intus
1209 3077 1419 3114 abstersum
1445 3085 1548 3112 more
1574 3073 1683 3111 solito
1709 3071 1836 3110 offeret
1854 3085 1887 3107 ι.
