2176 3386
276 218 301 258 2
949 227 1058 256 PARS
1089 228 1128 255 11.
1164 228 1220 266 DE
1251 227 1389 256 nanus

1001 481 1246 542 LIBER
1290 482 1332 541 Ι.

450 636 559 691 De
597 635 859 690 Rebus
900 634 1294 689 Ecclesiae
1332 632 1883 700 spiritualibus.

399 792 499 836 612.
538 795 599 835 De
633 789 766 834 rebus
797 788 1109 847 spiritualibus
1143 787 1468 833 tractationem
1493 787 1539 831 in
1562 787 1675 832 duos
1706 787 1865 832 titulos
1896 787 2061 833 distin--

278 873 475 932 guimus,
502 886 697 932 quorum
723 873 767 916 in
794 872 940 930 primo
963 871 1017 916 de
1044 871 1177 916 rebus
1199 870 1511 929 spiritualibus
1533 868 1711 928 agimus
1733 869 1896 930 quibus
1920 871 2063 916 homo

276 958 332 1003 ad
365 957 559 1016 gratiam
593 954 974 1001 sanctificandam
1008 953 1336 1013 acquirendam
1362 954 1433 998 vel
1457 952 1713 1011 augendam
1746 953 1973 1012 dirigitur,
2011 953 2057 998 in

275 1041 418 1086 altero
451 1040 506 1085 de
539 1039 673 1084 rebus
698 1038 924 1084 Ecclesiae
957 1036 1270 1095 spiritualibus
1301 1036 1465 1096 quibus
1499 1036 1635 1081 homo
1658 1036 1712 1081 ad
1737 1037 1930 1095 gratiam
1954 1050 2056 1082 san·

276 1122 559 1167 ctificantem
593 1121 683 1166 iam
707 1122 919 1179 adeptam
943 1120 1310 1165 conservandam
1345 1119 1591 1164 adiuvatur
1614 1119 1742 1164 iuxta
1772 1119 1918 1165 officia
1940 1134 2063 1179 quae

277 1205 415 1249 habet
436 1218 541 1262 erga
570 1210 728 1258 Deum,
754 1217 859 1261 erga
883 1203 1101 1261 seipsum,
1123 1217 1226 1260 erga
1251 1202 1363 1247 alios
1386 1201 1483 1246 six‘e
1503 1201 1650 1257 vivos,
1677 1202 1774 1246 sive
1796 1202 2058 1247 defunctos.

974 1406 1281 1460 TITULUS
1323 1406 1359 1458 Ι.

277 1552 355 1606 De
395 1553 564 1606 rebus
604 1550 892 1605 Ecclesiae
931 1548 1318 1624 spiritualibus
1358 1548 1559 1623 quibus
1586 1547 1750 1600 homo
1778 1547 1959 1601 fidelis
1988 1548 2058 1600 ad

395 1652 636 1721 qratiam
680 1646 1131 1701 sanctificantem
1180 1645 1581 1720 acquirendam
1627 1665 1690 1696 ac
1737 1643 2061 1717 augendam

395 1745 663 1817 dirigitur.

394 1898 494 1942 615.
552 1897 701 1942 Media
754 1896 918 1956 quibus
958 1896 1096 1941 homo
1143 1896 1199 1940 ad
1248 1894 1442 1952 gratiam
1492 1893 1861 1939 sanctificantem
1904 1893 2061 1952 acqui-

277 1980 466 2025 rendam
500 1995 554 2025 ac
586 1980 842 2037 augendam
876 1979 1106 2038 dirigitur,
1141 1983 1250 2024 sunt
1279 1981 1574 2024 Sacramenta
1600 1991 1654 2022 ac
1687 1975 2058 2021 sacramentalia.

275 2066 386 2108 Cum
422 2076 531 2107 vero
564 2062 617 2107 de
652 2061 705 2106 iis
737 2076 853 2121 quae
901 2063 957 2107 ad
1006 2061 1358 2107 sacramentalia
1409 2061 1643 2120 pertinent
1687 2060 1974 2120 potissimum
2010 2061 2055 2105 in

275 2149 475 2190 tractatu
508 2145 563 2189 de
598 2145 803 2203 personis
849 2150 1004 2190 actum
1039 2145 1122 2199 sit,
1160 2145 1268 2190 hinc
1302 2145 1356 2189 de
1390 2144 1693 2190 sacramentis
1734 2145 2062 2190 tantummodo

249 2228 407 2285 ‚nobis
440 2229 525 2274 hoc
558 2228 604 2272 in
638 2228 771 2273 titulo
805 2229 1034 2287 agendum
1069 2233 1150 2274 est.

1038 2421 1217 2465 CAPUT
1251 2422 1280 2463 1.

784 2551 846 2587 DE
873 2550 1194 2588 SACRAMENTO
1221 2550 1429 2587 BAPTISM
1437 2550 1550 2587 ATIS.

398 2671 498 2714 6¹14.
534 2670 755 2715 Omnium
790 2673 946 2715 Novae
980 2669 1108 2728 Legis
1141 2673 1563 2725 Sacramentorum,
1591 2670 1788 2728 primum
1824 2668 1976 2714 locum
2010 2672 2063 2713 et

276 2756 437 2799 ordine
469 2757 515 2800 et
548 2758 821 2800 neceSS1tate
854 2757 983 2800 tenet
1016 2754 1262 2813 Baptisma,
1298 2754 1419 2814 quod
1451 2753 1668 2799 delinitur
1706 2755 2057 2798 Sacramentum

278 2836 640 2895 regenerationis
686 2852 767 2896 per
805 2851 973 2897 aquam
1018 2836 1065 2881 in
1101 2837 1255 2882 verbo.
1310 2836 1546 2895 Proprium
1580 2835 1705 2880 enim
1739 2833 1952 2894 baptismi
1985 2837 2060 2879 est.

278 2918 453 2964 homini
489 2920 685 2978 primam
718 2919 912 2979 gratiam
945 2923 992 2964 et
1024 2920 1171 2964 vitam
1204 2917 1487 2977 spiritualem
1521 2918 1748 2973 conferre,
1783 2921 1835 2961 ut
1865 2915 1942 2976 qui
1977 2929 2059 2960 na-

277 3004 421 3050 scitur
453 3004 569 3050 filius
601 3005 695 3050 irae
727 3009 774 3050 et
805 3004 966 3050 mortis
999 3007 1184 3063 propter
1215 3002 1435 3060 originale
1468 3006 1726 3061 peccatum,
1762 2999 1953 3059 incipiat
1975 3013 2061 3058 per

277 3087 492 3146 baptismi
524 3087 719 3147 gratiam
753 3088 930 3133 renasci
965 3087 1009 3132 in
1044 3091 1215 3133 sortem
1248 3090 1294 3131 et
1325 3085 1622 3145 adoptionem
1655 3084 1854 3130 filiorum
1893 3081 1989 3128 Dei.

2117 3126 2176 3386 Ι
