<?xml version="1.0" encoding="UTF-8"?>
<!DOCTYPE html PUBLIC "-//W3C//DTD XHTML 1.0 Transitional//EN"
    "http://www.w3.org/TR/xhtml1/DTD/xhtml1-transitional.dtd">
<html xmlns="http://www.w3.org/1999/xhtml" xml:lang="en" lang="en">
 <head>
  <title>
</title>
<meta http-equiv="Content-Type" content="text/html;charset=utf-8" />
  <meta name='ocr-system' content='tesseract 3.04.00' />
  <meta name='ocr-capabilities' content='ocr_page ocr_carea ocr_par ocr_line ocrx_word'/>
</head>
<body>
  <div class='ocr_page' id='page_1' title='image "apparatus00ziteuoft_0190.png"; bbox 0 0 2176 3386; ppageno 0'>
   <div class='ocr_carea' id='block_1_1' title="bbox 664 0 1268 35">
    <p class='ocr_par' dir='ltr' id='par_1_1' title="bbox 664 0 1268 35">
     <span class='ocr_line' id='line_1_1' title="bbox 664 0 1268 35; baseline 0 -25"><span class='ocrx_word' id='word_1_1' title='bbox 664 24 670 33; x_wconf 32' lang='grc' dir='ltr'><strong><em>μ</em></strong></span> <span class='ocrx_word' id='word_1_2' title='bbox 708 0 787 28; x_wconf 38' lang='grc' dir='ltr'>Ὗ</span> <span class='ocrx_word' id='word_1_3' title='bbox 812 0 1073 35; x_wconf 43' lang='grc' dir='ltr'>ῳ-ἳρῇξτπῖιῖ</span> <span class='ocrx_word' id='word_1_4' title='bbox 1087 0 1147 29; x_wconf 47' lang='grc' dir='ltr'><strong>τῖ’-ν</strong></span> <span class='ocrx_word' id='word_1_5' title='bbox 1169 0 1241 20; x_wconf 50' lang='grc'>,’·“·«.</span> <span class='ocrx_word' id='word_1_6' title='bbox 1263 0 1268 5; x_wconf 87' lang='lat'>·</span> 
     </span>
    </p>
   </div>
   <div class='ocr_carea' id='block_1_2' title="bbox 1285 0 2176 178">
    <p class='ocr_par' dir='ltr' id='par_1_2' title="bbox 1285 0 2176 178">
     <span class='ocr_line' id='line_1_2' title="bbox 1285 0 2176 178; baseline 0 3208"><span class='ocrx_word' id='word_1_7' title='bbox 1285 0 2176 178; x_wconf 95' lang='lat' dir='ltr'> </span> 
     </span>
    </p>
   </div>
   <div class='ocr_carea' id='block_1_3' title="bbox 259 169 1394 218">
    <p class='ocr_par' dir='ltr' id='par_1_3' title="bbox 259 169 1394 218">
     <span class='ocr_line' id='line_1_3' title="bbox 259 169 1394 218; baseline 0.001 -11"><span class='ocrx_word' id='word_1_8' title='bbox 259 169 336 218; x_wconf 88' lang='grc'>178</span> <span class='ocrx_word' id='word_1_9' title='bbox 899 180 1008 209; x_wconf 79' lang='lat' dir='ltr'><strong>PARS</strong></span> <span class='ocrx_word' id='word_1_10' title='bbox 1037 180 1062 208; x_wconf 91' lang='lat'>1.</span> <span class='ocrx_word' id='word_1_11' title='bbox 1097 180 1154 208; x_wconf 85' lang='lat' dir='ltr'>DE</span> <span class='ocrx_word' id='word_1_12' title='bbox 1182 179 1394 209; x_wconf 78' lang='lat' dir='ltr'><strong>PERSONIS</strong></span> 
     </span>
    </p>
   </div>
   <div class='ocr_carea' id='block_1_4' title="bbox 257 287 2037 510">
    <p class='ocr_par' dir='ltr' id='par_1_4' title="bbox 257 287 2037 510">
     <span class='ocr_line' id='line_1_4' title="bbox 257 287 2037 348; baseline 0.004 -15"><span class='ocrx_word' id='word_1_13' title='bbox 257 288 361 333; x_wconf 88' lang='lat' dir='ltr'>data</span> <span class='ocrx_word' id='word_1_14' title='bbox 395 293 465 333; x_wconf 91' lang='lat' dir='ltr'>est</span> <span class='ocrx_word' id='word_1_15' title='bbox 499 288 542 332; x_wconf 93' lang='lat' dir='ltr'>in</span> <span class='ocrx_word' id='word_1_16' title='bbox 569 289 680 333; x_wconf 92' lang='lat' dir='ltr'>locis</span> <span class='ocrx_word' id='word_1_17' title='bbox 714 287 1000 333; x_wconf 89' lang='lat' dir='ltr'>Missionum.</span> <span class='ocrx_word' id='word_1_18' title='bbox 1037 288 1154 333; x_wconf 89' lang='lat' dir='ltr'>Hinc</span> <span class='ocrx_word' id='word_1_19' title='bbox 1187 291 1226 332; x_wconf 90' lang='lat' dir='ltr'>S.</span> <span class='ocrx_word' id='word_1_20' title='bbox 1250 293 1412 346; x_wconf 89' lang='lat' dir='ltr'>Congr.</span> <span class='ocrx_word' id='word_1_21' title='bbox 1449 289 1494 334; x_wconf 90' lang='lat' dir='ltr'>in</span> <span class='ocrx_word' id='word_1_22' title='bbox 1527 291 1815 348; x_wconf 81' lang='lat' dir='ltr'>generalibus</span> <span class='ocrx_word' id='word_1_23' title='bbox 1835 294 2037 340; x_wconf 87' lang='lat' dir='ltr'>comitiis</span> 
     </span>
     <span class='ocr_line' id='line_1_5' title="bbox 257 369 2032 427; baseline 0.005 -13"><span class='ocrx_word' id='word_1_24' title='bbox 257 369 344 414; x_wconf 84' lang='lat' dir='ltr'>diei</span> <span class='ocrx_word' id='word_1_25' title='bbox 369 371 416 414; x_wconf 73' lang='lat'>21</span> <span class='ocrx_word' id='word_1_26' title='bbox 446 370 642 414; x_wconf 82' lang='lat' dir='ltr'>tannarii</span> <span class='ocrx_word' id='word_1_27' title='bbox 661 369 771 414; x_wconf 89' lang='lat' dir='ltr'>anni</span> <span class='ocrx_word' id='word_1_28' title='bbox 795 369 900 414; x_wconf 84' lang='lat'>1861</span> <span class='ocrx_word' id='word_1_29' title='bbox 921 370 1135 427; x_wconf 88' lang='lat' dir='ltr'>expedire</span> <span class='ocrx_word' id='word_1_30' title='bbox 1158 370 1339 415; x_wconf 91' lang='lat' dir='ltr'>censuit</span> <span class='ocrx_word' id='word_1_31' title='bbox 1362 391 1380 411; x_wconf 75' lang='lat' dir='ltr'>a</span> <span class='ocrx_word' id='word_1_32' title='bbox 1405 371 1450 416; x_wconf 94' lang='lat' dir='ltr'>in</span> <span class='ocrx_word' id='word_1_33' title='bbox 1470 373 1742 419; x_wconf 73' lang='lat' dir='ltr'>memoriam</span> <span class='ocrx_word' id='word_1_34' title='bbox 1761 389 2032 422; x_wconf 86' lang='lat' dir='ltr'>revocaren-</span> 
     </span>
     <span class='ocr_line' id='line_1_6' title="bbox 260 452 2034 510; baseline 0.005 -14"><span class='ocrx_word' id='word_1_35' title='bbox 260 455 334 496; x_wconf 98' lang='lat' dir='ltr'>tur</span> <span class='ocrx_word' id='word_1_36' title='bbox 376 452 709 510; x_wconf 80' lang='lat' dir='ltr'>praedictorum</span> <span class='ocrx_word' id='word_1_37' title='bbox 760 453 1022 497; x_wconf 87' lang='lat' dir='ltr'>Praesulum</span> <span class='ocrx_word' id='word_1_38' title='bbox 1055 452 1309 498; x_wconf 79' lang='lat' dir='ltr'>canonicae</span> <span class='ocrx_word' id='word_1_39' title='bbox 1342 452 1605 500; x_wconf 83' lang='lat' dir='ltr'>sanctiones</span> <span class='ocrx_word' id='word_1_40' title='bbox 1637 456 1758 502; x_wconf 87' lang='lat' dir='ltr'>circa</span> <span class='ocrx_word' id='word_1_41' title='bbox 1798 462 2034 505; x_wconf 87' lang='lat' dir='ltr'>Pastorum</span> 
     </span>
    </p>
   </div>
   <div class='ocr_carea' id='block_1_5' title="bbox 187 534 2080 596">
    <p class='ocr_par' dir='ltr' id='par_1_5' title="bbox 187 534 2080 596">
     <span class='ocr_line' id='line_1_7' title="bbox 187 534 2080 596; baseline 0.004 -17"><span class='ocrx_word' id='word_1_42' title='bbox 187 554 190 557; x_wconf 92' lang='lat'>·</span> <span class='ocrx_word' id='word_1_43' title='bbox 259 534 554 580; x_wconf 72' lang='lat' dir='ltr'>residentiam</span> <span class='ocrx_word' id='word_1_44' title='bbox 590 549 676 580; x_wconf 90' lang='lat' dir='ltr'>nec</span> <span class='ocrx_word' id='word_1_45' title='bbox 710 549 801 579; x_wconf 92' lang='lat' dir='ltr'>non</span> <span class='ocrx_word' id='word_1_46' title='bbox 825 535 1008 579; x_wconf 87' lang='lat' dir='ltr'>decreta</span> <span class='ocrx_word' id='word_1_47' title='bbox 1032 549 1148 593; x_wconf 88' lang='lat' dir='ltr'>quae</span> <span class='ocrx_word' id='word_1_48' title='bbox 1171 535 1292 580; x_wconf 90' lang='lat' dir='ltr'>circa</span> <span class='ocrx_word' id='word_1_49' title='bbox 1325 535 1528 582; x_wconf 86' lang='lat' dir='ltr'>eiusdem</span> <span class='ocrx_word' id='word_1_50' title='bbox 1556 538 1880 596; x_wconf 83' lang='lat' dir='ltr'>obligationem</span> <span class='ocrx_word' id='word_1_51' title='bbox 1915 542 2035 587; x_wconf 89' lang='lat' dir='ltr'>edita</span> <span class='ocrx_word' id='word_1_52' title='bbox 2077 535 2080 537; x_wconf 57' lang='grc'><strong>’</strong></span> 
     </span>
    </p>
   </div>
   <div class='ocr_carea' id='block_1_6' title="bbox 257 617 2035 924">
    <p class='ocr_par' dir='ltr' id='par_1_6' title="bbox 257 617 2035 924">
     <span class='ocr_line' id='line_1_8' title="bbox 257 617 2034 678; baseline 0.005 -18"><span class='ocrx_word' id='word_1_53' title='bbox 257 622 366 661; x_wconf 91' lang='lat' dir='ltr'>sunt</span> <span class='ocrx_word' id='word_1_54' title='bbox 401 632 478 674; x_wconf 86' lang='lat' dir='ltr'>pro</span> <span class='ocrx_word' id='word_1_55' title='bbox 512 617 622 661; x_wconf 90' lang='lat' dir='ltr'>locis</span> <span class='ocrx_word' id='word_1_56' title='bbox 656 617 945 671; x_wconf 83' lang='lat' dir='ltr'>Missionum,</span> <span class='ocrx_word' id='word_1_57' title='bbox 983 630 1039 661; x_wconf 91' lang='lat' dir='ltr'>ne</span> <span class='ocrx_word' id='word_1_58' title='bbox 1072 617 1174 675; x_wconf 87' lang='lat' dir='ltr'>quis</span> <span class='ocrx_word' id='word_1_59' title='bbox 1208 617 1422 663; x_wconf 88' lang='lat' dir='ltr'>videlicet</span> <span class='ocrx_word' id='word_1_60' title='bbox 1454 619 1755 678; x_wconf 78' lang='lat' dir='ltr'>imposterum</span> <span class='ocrx_word' id='word_1_61' title='bbox 1788 622 2034 668; x_wconf 90' lang='lat' dir='ltr'>dioecesim</span> 
     </span>
     <span class='ocr_line' id='line_1_9' title="bbox 258 700 2035 763; baseline 0.004 -19"><span class='ocrx_word' id='word_1_62' title='bbox 258 704 338 744; x_wconf 90' lang='lat' dir='ltr'>aut</span> <span class='ocrx_word' id='word_1_63' title='bbox 371 700 629 745; x_wconf 87' lang='lat' dir='ltr'>districtum</span> <span class='ocrx_word' id='word_1_64' title='bbox 664 701 735 745; x_wconf 89' lang='lat' dir='ltr'>cui</span> <span class='ocrx_word' id='word_1_65' title='bbox 773 704 950 757; x_wconf 87' lang='lat' dir='ltr'>praeest</span> <span class='ocrx_word' id='word_1_66' title='bbox 984 700 1056 744; x_wconf 90' lang='lat' dir='ltr'>vel</span> <span class='ocrx_word' id='word_1_67' title='bbox 1089 700 1146 744; x_wconf 87' lang='lat' dir='ltr'>ad</span> <span class='ocrx_word' id='word_1_68' title='bbox 1180 705 1361 758; x_wconf 92' lang='lat' dir='ltr'>tempus</span> <span class='ocrx_word' id='word_1_69' title='bbox 1395 701 1624 762; x_wconf 89' lang='lat' dir='ltr'>relinquat</span> <span class='ocrx_word' id='word_1_70' title='bbox 1656 705 1826 763; x_wconf 86' lang='lat' dir='ltr'>absque</span> <span class='ocrx_word' id='word_1_71' title='bbox 1852 707 2035 763; x_wconf 87' lang='lat' dir='ltr'>praevia</span> 
     </span>
     <span class='ocr_line' id='line_1_10' title="bbox 259 783 2035 846; baseline 0.004 -19"><span class='ocrx_word' id='word_1_72' title='bbox 259 783 444 827; x_wconf 91' lang='lat' dir='ltr'>licentia</span> <span class='ocrx_word' id='word_1_73' title='bbox 493 783 696 827; x_wconf 87' lang='lat' dir='ltr'>eiusdem</span> <span class='ocrx_word' id='word_1_74' title='bbox 744 785 783 826; x_wconf 93' lang='lat' dir='ltr'><strong>S.</strong></span> <span class='ocrx_word' id='word_1_75' title='bbox 822 783 1197 840; x_wconf 70' lang='lat' dir='ltr'>congregationis</span> <span class='ocrx_word' id='word_1_76' title='bbox 1224 803 1242 822; x_wconf 81' lang='lat' dir='ltr'><em>n</em></span> <span class='ocrx_word' id='word_1_77' title='bbox 1281 786 1310 828; x_wconf 85' lang='lat'><strong>¹.</strong></span> <span class='ocrx_word' id='word_1_78' title='bbox 1370 790 1495 838; x_wconf 83' lang='lat' dir='ltr'>Quae</span> <span class='ocrx_word' id='word_1_79' title='bbox 1539 791 1692 831; x_wconf 86' lang='lat' dir='ltr'>tamen</span> <span class='ocrx_word' id='word_1_80' title='bbox 1741 789 2035 846; x_wconf 87' lang='lat' dir='ltr'>intelligenda</span> 
     </span>
     <span class='ocr_line' id='line_1_11' title="bbox 259 862 2035 924; baseline 0.005 -19"><span class='ocrx_word' id='word_1_81' title='bbox 259 868 368 906; x_wconf 88' lang='lat' dir='ltr'>sunt</span> <span class='ocrx_word' id='word_1_82' title='bbox 403 877 494 906; x_wconf 89' lang='lat' dir='ltr'>non</span> <span class='ocrx_word' id='word_1_83' title='bbox 530 862 734 906; x_wconf 87' lang='lat' dir='ltr'>absolute</span> <span class='ocrx_word' id='word_1_84' title='bbox 768 864 845 906; x_wconf 86' lang='lat' dir='ltr'>sed</span> <span class='ocrx_word' id='word_1_85' title='bbox 878 863 933 906; x_wconf 90' lang='lat' dir='ltr'>de</span> <span class='ocrx_word' id='word_1_86' title='bbox 966 862 1180 907; x_wconf 88' lang='lat' dir='ltr'>omnibus</span> <span class='ocrx_word' id='word_1_87' title='bbox 1212 864 1391 908; x_wconf 83' lang='lat' dir='ltr'>casibus</span> <span class='ocrx_word' id='word_1_88' title='bbox 1414 864 1460 908; x_wconf 95' lang='lat' dir='ltr'>in</span> <span class='ocrx_word' id='word_1_89' title='bbox 1484 865 1649 924; x_wconf 89' lang='lat' dir='ltr'>quibus</span> <span class='ocrx_word' id='word_1_90' title='bbox 1673 868 1795 911; x_wconf 89' lang='lat' dir='ltr'>nulla</span> <span class='ocrx_word' id='word_1_91' title='bbox 1819 868 1878 912; x_wconf 88' lang='lat' dir='ltr'>sit</span> <span class='ocrx_word' id='word_1_92' title='bbox 1899 882 2035 914; x_wconf 88' lang='lat' dir='ltr'>causa</span> 
     </span>
    </p>
   </div>
   <div class='ocr_carea' id='block_1_7' title="bbox 258 945 2042 2670">
    <p class='ocr_par' dir='ltr' id='par_1_7' title="bbox 258 945 2042 2670">
     <span class='ocr_line' id='line_1_12' title="bbox 259 945 2034 1006; baseline 0.003 -16"><span class='ocrx_word' id='word_1_93' title='bbox 259 946 482 990; x_wconf 90' lang='lat' dir='ltr'>canonica</span> <span class='ocrx_word' id='word_1_94' title='bbox 527 945 786 990; x_wconf 83' lang='lat' dir='ltr'>discedendi</span> <span class='ocrx_word' id='word_1_95' title='bbox 823 949 872 989; x_wconf 92' lang='lat' dir='ltr'>ut</span> <span class='ocrx_word' id='word_1_96' title='bbox 904 945 1158 990; x_wconf 78' lang='lat' dir='ltr'>declaravit</span> <span class='ocrx_word' id='word_1_97' title='bbox 1191 949 1231 990; x_wconf 88' lang='lat' dir='ltr'>S.</span> <span class='ocrx_word' id='word_1_98' title='bbox 1269 950 1314 992; x_wconf 87' lang='lat' dir='ltr'><strong>C.</strong></span> <span class='ocrx_word' id='word_1_99' title='bbox 1352 951 1480 1006; x_wconf 91' lang='lat' dir='ltr'>Prop.</span> <span class='ocrx_word' id='word_1_100' title='bbox 1516 949 1637 994; x_wconf 83' lang='lat' dir='ltr'>Fidei</span> <span class='ocrx_word' id='word_1_101' title='bbox 1681 965 1805 994; x_wconf 87' lang='lat' dir='ltr'>anno</span> <span class='ocrx_word' id='word_1_102' title='bbox 1857 952 1962 996; x_wconf 83' lang='lat'>1861</span> <span class='ocrx_word' id='word_1_103' title='bbox 2001 952 2034 995; x_wconf 77' lang='lat'><strong>².</strong></span> 
     </span>
     <span class='ocr_line' id='line_1_13' title="bbox 260 1029 2039 1090; baseline 0.004 -19"><span class='ocrx_word' id='word_1_104' title='bbox 260 1029 426 1073; x_wconf 85' lang='lat' dir='ltr'>Vicarii</span> <span class='ocrx_word' id='word_1_105' title='bbox 463 1029 707 1086; x_wconf 82' lang='lat' dir='ltr'>Apostolici</span> <span class='ocrx_word' id='word_1_106' title='bbox 744 1029 1024 1073; x_wconf 73' lang='lat' dir='ltr'>Vicariatum</span> <span class='ocrx_word' id='word_1_107' title='bbox 1063 1030 1133 1073; x_wconf 84' lang='lat' dir='ltr'>vel</span> <span class='ocrx_word' id='word_1_108' title='bbox 1167 1044 1247 1087; x_wconf 90' lang='lat' dir='ltr'>per</span> <span class='ocrx_word' id='word_1_109' title='bbox 1279 1044 1325 1075; x_wconf 90' lang='lat' dir='ltr'>se</span> <span class='ocrx_word' id='word_1_110' title='bbox 1361 1032 1430 1075; x_wconf 87' lang='lat' dir='ltr'>vel</span> <span class='ocrx_word' id='word_1_111' title='bbox 1468 1046 1546 1089; x_wconf 89' lang='lat' dir='ltr'>per</span> <span class='ocrx_word' id='word_1_112' title='bbox 1567 1033 1825 1090; x_wconf 90' lang='lat' dir='ltr'>delegatum</span> <span class='ocrx_word' id='word_1_113' title='bbox 1852 1035 2039 1080; x_wconf 85' lang='lat' dir='ltr'>visitare</span> 
     </span>
     <span class='ocr_line' id='line_1_14' title="bbox 262 1112 2037 1173; baseline 0.004 -17"><span class='ocrx_word' id='word_1_114' title='bbox 262 1117 493 1156; x_wconf 74' lang='lat' dir='ltr'>tenentur.</span> <span class='ocrx_word' id='word_1_115' title='bbox 533 1114 573 1155; x_wconf 89' lang='lat' dir='ltr'>S.</span> <span class='ocrx_word' id='word_1_116' title='bbox 602 1112 900 1169; x_wconf 86' lang='lat' dir='ltr'>Congregatio</span> <span class='ocrx_word' id='word_1_117' title='bbox 932 1116 1059 1170; x_wconf 85' lang='lat' dir='ltr'>Prop.</span> <span class='ocrx_word' id='word_1_118' title='bbox 1091 1112 1209 1157; x_wconf 84' lang='lat' dir='ltr'>Fidei</span> <span class='ocrx_word' id='word_1_119' title='bbox 1245 1128 1368 1158; x_wconf 87' lang='lat' dir='ltr'>anno</span> <span class='ocrx_word' id='word_1_120' title='bbox 1397 1116 1505 1159; x_wconf 83' lang='grc'>1669</span> <span class='ocrx_word' id='word_1_121' title='bbox 1541 1116 1837 1173; x_wconf 82' lang='lat' dir='ltr'>petitionibus</span> <span class='ocrx_word' id='word_1_122' title='bbox 1872 1117 2037 1163; x_wconf 86' lang='lat' dir='ltr'>Vicarii</span> 
     </span>
     <span class='ocr_line' id='line_1_15' title="bbox 261 1195 2038 1256; baseline 0.003 -17"><span class='ocrx_word' id='word_1_123' title='bbox 261 1198 412 1253; x_wconf 78' lang='lat' dir='ltr'>Apost.</span> <span class='ocrx_word' id='word_1_124' title='bbox 448 1195 674 1239; x_wconf 79' lang='lat' dir='ltr'>&#39;suucliini</span> <span class='ocrx_word' id='word_1_125' title='bbox 716 1195 971 1253; x_wconf 84' lang='lat' dir='ltr'>rescripsit:</span> <span class='ocrx_word' id='word_1_126' title='bbox 1026 1215 1044 1235; x_wconf 70' lang='lat' dir='ltr'>a</span> <span class='ocrx_word' id='word_1_127' title='bbox 1072 1197 1156 1240; x_wconf 90' lang='grc'>0110</span> <span class='ocrx_word' id='word_1_128' title='bbox 1200 1196 1572 1254; x_wconf 82' lang='lat' dir='ltr'>giudizialmente</span> <span class='ocrx_word' id='word_1_129' title='bbox 1616 1212 1810 1256; x_wconf 90' lang='lat' dir='ltr'>possono</span> <span class='ocrx_word' id='word_1_130' title='bbox 1849 1201 2038 1246; x_wconf 88' lang='lat' dir='ltr'>visitare</span> 
     </span>
     <span class='ocr_line' id='line_1_16' title="bbox 259 1277 2037 1339; baseline 0.003 -18"><span class='ocrx_word' id='word_1_131' title='bbox 259 1277 365 1321; x_wconf 89' lang='lat' dir='ltr'>tutti</span> <span class='ocrx_word' id='word_1_132' title='bbox 391 1278 447 1335; x_wconf 90' lang='lat' dir='ltr'>gli</span> <span class='ocrx_word' id='word_1_133' title='bbox 473 1277 676 1332; x_wconf 88' lang='lat' dir='ltr'>oratorii,</span> <span class='ocrx_word' id='word_1_134' title='bbox 714 1279 931 1335; x_wconf 85' lang='lat' dir='ltr'>cappelle,</span> <span class='ocrx_word' id='word_1_135' title='bbox 968 1278 1119 1322; x_wconf 84' lang='lat' dir='ltr'>chiese</span> <span class='ocrx_word' id='word_1_136' title='bbox 1153 1279 1206 1322; x_wconf 85' lang='lat' dir='ltr'>ed</span> <span class='ocrx_word' id='word_1_137' title='bbox 1240 1279 1342 1323; x_wconf 88' lang='lat' dir='ltr'>altri</span> <span class='ocrx_word' id='word_1_138' title='bbox 1379 1280 1529 1337; x_wconf 88' lang='lat' dir='ltr'>luogbi</span> <span class='ocrx_word' id='word_1_139' title='bbox 1553 1280 1613 1339; x_wconf 89' lang='lat' dir='ltr'>pii</span> <span class='ocrx_word' id='word_1_140' title='bbox 1648 1296 1671 1325; x_wconf 91' lang='lat' dir='ltr'>e</span> <span class='ocrx_word' id='word_1_141' title='bbox 1707 1285 1990 1339; x_wconf 88' lang='lat' dir='ltr'>provvedere</span> <span class='ocrx_word' id='word_1_142' title='bbox 2012 1297 2037 1327; x_wconf 89' lang='lat' dir='ltr'>a</span> 
     </span>
     <span class='ocr_line' id='line_1_17' title="bbox 258 1361 2041 1421; baseline 0.003 -16"><span class='ocrx_word' id='word_1_143' title='bbox 258 1362 407 1420; x_wconf 89' lang='lat' dir='ltr'>quello</span> <span class='ocrx_word' id='word_1_144' title='bbox 440 1362 523 1406; x_wconf 87' lang='lat' dir='ltr'>che</span> <span class='ocrx_word' id='word_1_145' title='bbox 557 1361 918 1419; x_wconf 80' lang='lat' dir='ltr'>giudicheranno</span> <span class='ocrx_word' id='word_1_146' title='bbox 952 1362 1210 1406; x_wconf 80' lang='lat' dir='ltr'>necessario</span> <span class='ocrx_word' id='word_1_147' title='bbox 1245 1364 1311 1420; x_wconf 90' lang='lat' dir='ltr'>pel</span> <span class='ocrx_word' id='word_1_148' title='bbox 1347 1363 1541 1408; x_wconf 73' lang='lat' dir='ltr'>servizio</span> <span class='ocrx_word' id='word_1_149' title='bbox 1573 1364 1615 1408; x_wconf 92' lang='lat' dir='ltr'>di</span> <span class='ocrx_word' id='word_1_150' title='bbox 1655 1365 1751 1421; x_wconf 87' lang='lat' dir='ltr'>Dio,</span> <span class='ocrx_word' id='word_1_151' title='bbox 1777 1380 1862 1410; x_wconf 86' lang='lat' dir='ltr'>con</span> <span class='ocrx_word' id='word_1_152' title='bbox 1896 1366 2041 1410; x_wconf 89' lang='lat' dir='ltr'>darne</span> 
     </span>
     <span class='ocr_line' id='line_1_18' title="bbox 261 1444 2039 1505; baseline 0.004 -17"><span class='ocrx_word' id='word_1_153' title='bbox 261 1444 330 1502; x_wconf 91' lang='lat' dir='ltr'>poi</span> <span class='ocrx_word' id='word_1_154' title='bbox 359 1450 483 1502; x_wconf 87' lang='lat' dir='ltr'>parte</span> <span class='ocrx_word' id='word_1_155' title='bbox 518 1459 541 1488; x_wconf 88' lang='lat' dir='ltr'>a</span> <span class='ocrx_word' id='word_1_156' title='bbox 576 1450 735 1503; x_wconf 82' lang='lat' dir='ltr'>questa</span> <span class='ocrx_word' id='word_1_157' title='bbox 771 1447 812 1488; x_wconf 91' lang='lat' dir='ltr'><strong>S.</strong></span> <span class='ocrx_word' id='word_1_158' title='bbox 841 1449 885 1489; x_wconf 69' lang='lat' dir='ltr'>(J.</span> <span class='ocrx_word' id='word_1_159' title='bbox 919 1463 955 1489; x_wconf 66' lang='grc' dir='ltr'>υ.</span> <span class='ocrx_word' id='word_1_160' title='bbox 996 1444 1161 1489; x_wconf 82' lang='lat' dir='ltr'>Vicarii</span> <span class='ocrx_word' id='word_1_161' title='bbox 1188 1446 1429 1502; x_wconf 80' lang='lat' dir='ltr'>Apostolici</span> <span class='ocrx_word' id='word_1_162' title='bbox 1460 1446 1523 1490; x_wconf 92' lang='lat' dir='ltr'>uti</span> <span class='ocrx_word' id='word_1_163' title='bbox 1561 1447 1605 1491; x_wconf 91' lang='grc'>111</span> <span class='ocrx_word' id='word_1_164' title='bbox 1640 1449 1927 1505; x_wconf 83' lang='lat' dir='ltr'>generalibus</span> <span class='ocrx_word' id='word_1_165' title='bbox 1959 1454 2039 1495; x_wconf 88' lang='lat' dir='ltr'>Co-</span> 
     </span>
     <span class='ocr_line' id='line_1_19' title="bbox 262 1527 2036 1586; baseline 0.003 -14"><span class='ocrx_word' id='word_1_166' title='bbox 262 1527 402 1572; x_wconf 90' lang='lat' dir='ltr'>mitiis</span> <span class='ocrx_word' id='word_1_167' title='bbox 434 1543 556 1572; x_wconf 87' lang='lat' dir='ltr'>anno</span> <span class='ocrx_word' id='word_1_168' title='bbox 598 1530 706 1572; x_wconf 82' lang='grc'>1870</span> <span class='ocrx_word' id='word_1_169' title='bbox 742 1530 862 1573; x_wconf 86' lang='lat' dir='ltr'>Sacr.</span> <span class='ocrx_word' id='word_1_170' title='bbox 900 1533 1061 1586; x_wconf 76' lang='lat' dir='ltr'>Congr.</span> <span class='ocrx_word' id='word_1_171' title='bbox 1111 1533 1238 1586; x_wconf 86' lang='lat' dir='ltr'>Prop.</span> <span class='ocrx_word' id='word_1_172' title='bbox 1276 1529 1398 1573; x_wconf 86' lang='lat' dir='ltr'>Fidei</span> <span class='ocrx_word' id='word_1_173' title='bbox 1433 1530 1655 1586; x_wconf 84' lang='lat' dir='ltr'>decrevit,</span> <span class='ocrx_word' id='word_1_174' title='bbox 1697 1545 1824 1576; x_wconf 89' lang='lat' dir='ltr'>sacra</span> <span class='ocrx_word' id='word_1_175' title='bbox 1862 1533 2036 1577; x_wconf 90' lang='lat' dir='ltr'>Limina</span> 
     </span>
     <span class='ocr_line' id='line_1_20' title="bbox 262 1611 2037 1668; baseline 0.004 -15"><span class='ocrx_word' id='word_1_176' title='bbox 262 1611 448 1655; x_wconf 85' lang='lat' dir='ltr'>visitare</span> <span class='ocrx_word' id='word_1_177' title='bbox 484 1617 703 1655; x_wconf 83' lang='lat' dir='ltr'>tenentur</span> <span class='ocrx_word' id='word_1_178' title='bbox 736 1625 826 1655; x_wconf 89' lang='lat' dir='ltr'>non</span> <span class='ocrx_word' id='word_1_179' title='bbox 865 1611 908 1655; x_wconf 84' lang='lat' dir='ltr'>vi</span> <span class='ocrx_word' id='word_1_180' title='bbox 942 1611 1293 1656; x_wconf 74' lang='lat' dir='ltr'>constitutionis</span> <span class='ocrx_word' id='word_1_181' title='bbox 1327 1611 1439 1656; x_wconf 84' lang='lat' dir='ltr'>Sixti</span> <span class='ocrx_word' id='word_1_182' title='bbox 1466 1615 1539 1668; x_wconf 82' lang='lat' dir='ltr'><strong>V.,</strong></span> <span class='ocrx_word' id='word_1_183' title='bbox 1565 1614 1642 1658; x_wconf 91' lang='lat' dir='ltr'>sed</span> <span class='ocrx_word' id='word_1_184' title='bbox 1674 1614 1850 1659; x_wconf 85' lang='lat' dir='ltr'>ratione</span> <span class='ocrx_word' id='word_1_185' title='bbox 1883 1616 2037 1661; x_wconf 84' lang='lat' dir='ltr'>officii.</span> 
     </span>
     <span class='ocr_line' id='line_1_21' title="bbox 260 1693 2037 1754; baseline 0.005 -19"><span class='ocrx_word' id='word_1_186' title='bbox 260 1698 384 1746; x_wconf 82' lang='lat' dir='ltr'>Quae</span> <span class='ocrx_word' id='word_1_187' title='bbox 422 1698 573 1737; x_wconf 85' lang='lat' dir='ltr'>tamen</span> <span class='ocrx_word' id='word_1_188' title='bbox 610 1695 851 1737; x_wconf 84' lang='lat' dir='ltr'>Sacrorum</span> <span class='ocrx_word' id='word_1_189' title='bbox 888 1693 1117 1738; x_wconf 82' lang='lat' dir='ltr'>Limiuum</span> <span class='ocrx_word' id='word_1_190' title='bbox 1152 1693 1355 1738; x_wconf 81' lang='lat' dir='ltr'>visitatio</span> <span class='ocrx_word' id='word_1_191' title='bbox 1393 1695 1532 1739; x_wconf 85' lang='lat' dir='ltr'>etiam</span> <span class='ocrx_word' id='word_1_192' title='bbox 1575 1709 1654 1753; x_wconf 88' lang='lat' dir='ltr'>per</span> <span class='ocrx_word' id='word_1_193' title='bbox 1696 1703 2037 1754; x_wconf 87' lang='lat' dir='ltr'>procuratorem</span> 
     </span>
     <span class='ocr_line' id='line_1_22' title="bbox 261 1775 2038 1839; baseline 0.005 -21"><span class='ocrx_word' id='word_1_194' title='bbox 261 1775 306 1819; x_wconf 92' lang='lat' dir='ltr'>in</span> <span class='ocrx_word' id='word_1_195' title='bbox 343 1777 452 1820; x_wconf 91' lang='lat' dir='ltr'>urbe</span> <span class='ocrx_word' id='word_1_196' title='bbox 485 1777 727 1834; x_wconf 74' lang='lat' dir='ltr'>degentem</span> <span class='ocrx_word' id='word_1_197' title='bbox 763 1778 923 1821; x_wconf 88' lang='lat' dir='ltr'>saltem</span> <span class='ocrx_word' id='word_1_198' title='bbox 959 1777 1161 1836; x_wconf 81' lang='lat' dir='ltr'>quolibet</span> <span class='ocrx_word' id='word_1_199' title='bbox 1193 1778 1418 1822; x_wconf 86' lang='lat' dir='ltr'>decennio</span> <span class='ocrx_word' id='word_1_200' title='bbox 1454 1779 1467 1801; x_wconf 78' lang='lat'>³</span> <span class='ocrx_word' id='word_1_201' title='bbox 1519 1779 1615 1823; x_wconf 85' lang='lat' dir='ltr'>fieri</span> <span class='ocrx_word' id='word_1_202' title='bbox 1649 1780 1783 1824; x_wconf 87' lang='lat' dir='ltr'>debet</span> <span class='ocrx_word' id='word_1_203' title='bbox 1807 1781 1821 1803; x_wconf 73' lang='lat'>&#39;²</span> <span class='ocrx_word' id='word_1_204' title='bbox 1867 1783 2038 1839; x_wconf 89' lang='lat' dir='ltr'>specia-</span> 
     </span>
     <span class='ocr_line' id='line_1_23' title="bbox 260 1858 2036 1917; baseline 0.003 -15"><span class='ocrx_word' id='word_1_205' title='bbox 260 1858 364 1903; x_wconf 80' lang='lat' dir='ltr'>liter</span> <span class='ocrx_word' id='word_1_206' title='bbox 396 1860 585 1917; x_wconf 87' lang='lat' dir='ltr'>singulis</span> <span class='ocrx_word' id='word_1_207' title='bbox 620 1860 796 1904; x_wconf 85' lang='lat' dir='ltr'>vicibus</span> <span class='ocrx_word' id='word_1_208' title='bbox 831 1860 1110 1905; x_wconf 82' lang='lat' dir='ltr'>visitationis</span> <span class='ocrx_word' id='word_1_209' title='bbox 1144 1861 1380 1906; x_wconf 85' lang='lat' dir='ltr'>faciendae</span> <span class='ocrx_word' id='word_1_210' title='bbox 1425 1862 1816 1908; x_wconf 88' lang='lat' dir='ltr'>constituendum.</span> <span class='ocrx_word' id='word_1_211' title='bbox 1874 1864 2036 1909; x_wconf 84' lang='lat' dir='ltr'>vicarii</span> 
     </span>
     <span class='ocr_line' id='line_1_24' title="bbox 261 1942 2042 2002; baseline 0.003 -16"><span class='ocrx_word' id='word_1_212' title='bbox 261 1942 384 1986; x_wconf 87' lang='lat' dir='ltr'>enim</span> <span class='ocrx_word' id='word_1_213' title='bbox 422 1943 663 2000; x_wconf 77' lang='lat' dir='ltr'>Apostolici</span> <span class='ocrx_word' id='word_1_214' title='bbox 702 1957 846 2002; x_wconf 79' lang='lat' dir='ltr'>neque</span> <span class='ocrx_word' id='word_1_215' title='bbox 882 1948 1123 2001; x_wconf 87' lang='lat' dir='ltr'>praetextu</span> <span class='ocrx_word' id='word_1_216' title='bbox 1171 1944 1386 1989; x_wconf 87' lang='lat' dir='ltr'>visitandi</span> <span class='ocrx_word' id='word_1_217' title='bbox 1437 1959 1564 1990; x_wconf 88' lang='lat' dir='ltr'>sacra</span> <span class='ocrx_word' id='word_1_218' title='bbox 1615 1945 1807 2002; x_wconf 87' lang='lat' dir='ltr'>Limina,</span> <span class='ocrx_word' id='word_1_219' title='bbox 1848 1951 1890 1991; x_wconf 88' lang='lat' dir='ltr'>S.</span> <span class='ocrx_word' id='word_1_220' title='bbox 1929 1948 2042 1993; x_wconf 90' lang='lat' dir='ltr'>Sede</span> 
     </span>
     <span class='ocr_line' id='line_1_25' title="bbox 261 2025 2041 2088; baseline 0.004 -20"><span class='ocrx_word' id='word_1_221' title='bbox 261 2025 538 2081; x_wconf 86' lang='lat' dir='ltr'>inconsulta,</span> <span class='ocrx_word' id='word_1_222' title='bbox 565 2026 762 2070; x_wconf 75' lang='lat' dir='ltr'>creditas</span> <span class='ocrx_word' id='word_1_223' title='bbox 788 2027 1027 2071; x_wconf 78' lang='lat' dir='ltr'>Missiones</span> <span class='ocrx_word' id='word_1_224' title='bbox 1052 2041 1194 2085; x_wconf 83' lang='lat' dir='ltr'>perse</span> <span class='ocrx_word' id='word_1_225' title='bbox 1221 2027 1479 2087; x_wconf 87' lang='lat' dir='ltr'>relinquere</span> <span class='ocrx_word' id='word_1_226' title='bbox 1503 2029 1688 2086; x_wconf 83' lang='lat' dir='ltr'>pollent.</span> <span class='ocrx_word' id='word_1_227' title='bbox 1726 2028 1892 2073; x_wconf 86' lang='lat' dir='ltr'>Vicarii</span> <span class='ocrx_word' id='word_1_228' title='bbox 1925 2033 2041 2088; x_wconf 82' lang='lat' dir='ltr'>Apo-</span> 
     </span>
     <span class='ocr_line' id='line_1_26' title="bbox 261 2108 2039 2168; baseline 0.002 -16"><span class='ocrx_word' id='word_1_229' title='bbox 261 2108 406 2153; x_wconf 84' lang='lat' dir='ltr'>stoliei</span> <span class='ocrx_word' id='word_1_230' title='bbox 451 2109 603 2153; x_wconf 84' lang='lat' dir='ltr'>habita</span> <span class='ocrx_word' id='word_1_231' title='bbox 648 2109 823 2153; x_wconf 87' lang='lat' dir='ltr'>ratione</span> <span class='ocrx_word' id='word_1_232' title='bbox 869 2110 1086 2168; x_wconf 86' lang='lat' dir='ltr'>temporis</span> <span class='ocrx_word' id='word_1_233' title='bbox 1125 2125 1148 2154; x_wconf 89' lang='lat' dir='ltr'>a</span> <span class='ocrx_word' id='word_1_234' title='bbox 1190 2110 1317 2154; x_wconf 88' lang='lat' dir='ltr'>Sixto</span> <span class='ocrx_word' id='word_1_235' title='bbox 1354 2114 1402 2155; x_wconf 89' lang='lat' dir='ltr'>V.</span> <span class='ocrx_word' id='word_1_236' title='bbox 1452 2125 1530 2167; x_wconf 86' lang='lat' dir='ltr'>pro</span> <span class='ocrx_word' id='word_1_237' title='bbox 1579 2110 1809 2168; x_wconf 89' lang='lat' dir='ltr'>Episcopis</span> <span class='ocrx_word' id='word_1_238' title='bbox 1851 2113 2039 2168; x_wconf 86' lang='lat' dir='ltr'>statuti,</span> 
     </span>
     <span class='ocr_line' id='line_1_27' title="bbox 263 2191 2039 2250; baseline 0.003 -15"><span class='ocrx_word' id='word_1_239' title='bbox 263 2191 334 2235; x_wconf 85' lang='lat' dir='ltr'>vel</span> <span class='ocrx_word' id='word_1_240' title='bbox 370 2191 654 2250; x_wconf 79' lang='lat' dir='ltr'>frequentius</span> <span class='ocrx_word' id='word_1_241' title='bbox 688 2193 934 2237; x_wconf 82' lang='lat' dir='ltr'>relationes</span> <span class='ocrx_word' id='word_1_242' title='bbox 966 2194 1021 2237; x_wconf 89' lang='lat' dir='ltr'>de</span> <span class='ocrx_word' id='word_1_243' title='bbox 1055 2198 1176 2238; x_wconf 88' lang='lat' dir='ltr'>statu</span> <span class='ocrx_word' id='word_1_244' title='bbox 1221 2207 1408 2238; x_wconf 90' lang='lat' dir='ltr'>suarum</span> <span class='ocrx_word' id='word_1_245' title='bbox 1444 2194 1713 2239; x_wconf 90' lang='lat' dir='ltr'>missionum</span> <span class='ocrx_word' id='word_1_246' title='bbox 1763 2195 1818 2239; x_wconf 87' lang='lat' dir='ltr'>ad</span> <span class='ocrx_word' id='word_1_247' title='bbox 1852 2198 1893 2239; x_wconf 90' lang='lat' dir='ltr'>S.</span> <span class='ocrx_word' id='word_1_248' title='bbox 1925 2198 2039 2240; x_wconf 83' lang='lat' dir='ltr'>Con·</span> 
     </span>
     <span class='ocr_line' id='line_1_28' title="bbox 261 2275 2038 2336; baseline 0.002 -18"><span class='ocrx_word' id='word_1_249' title='bbox 261 2275 574 2332; x_wconf 83' lang='lat' dir='ltr'>gregationein</span> <span class='ocrx_word' id='word_1_250' title='bbox 598 2279 641 2319; x_wconf 84' lang='lat' dir='ltr'><strong>P.</strong></span> <span class='ocrx_word' id='word_1_251' title='bbox 665 2276 784 2320; x_wconf 84' lang='lat' dir='ltr'>Fidei</span> <span class='ocrx_word' id='word_1_252' title='bbox 806 2276 1119 2320; x_wconf 85' lang='lat' dir='ltr'>transmittere</span> <span class='ocrx_word' id='word_1_253' title='bbox 1140 2281 1372 2321; x_wconf 87' lang='lat' dir='ltr'>tenentur.</span> <span class='ocrx_word' id='word_1_254' title='bbox 1395 2281 1488 2321; x_wconf 93' lang='lat' dir='ltr'>lam</span> <span class='ocrx_word' id='word_1_255' title='bbox 1507 2291 1631 2322; x_wconf 87' lang='lat' dir='ltr'>anno</span> <span class='ocrx_word' id='word_1_256' title='bbox 1653 2278 1779 2322; x_wconf 76' lang='lat'><strong>1759.</strong></span> <span class='ocrx_word' id='word_1_257' title='bbox 1806 2280 1848 2321; x_wconf 89' lang='lat' dir='ltr'>S.</span> <span class='ocrx_word' id='word_1_258' title='bbox 1875 2281 2038 2336; x_wconf 74' lang='lat' dir='ltr'>Congr-</span> 
     </span>
     <span class='ocr_line' id='line_1_29' title="bbox 262 2357 2040 2417; baseline 0.003 -17"><span class='ocrx_word' id='word_1_259' title='bbox 262 2357 375 2401; x_wconf 89' lang='lat' dir='ltr'>duos</span> <span class='ocrx_word' id='word_1_260' title='bbox 409 2357 640 2415; x_wconf 88' lang='lat' dir='ltr'>proposuit</span> <span class='ocrx_word' id='word_1_261' title='bbox 672 2357 844 2402; x_wconf 70' lang='lat' dir='ltr'>libellos</span> <span class='ocrx_word' id='word_1_262' title='bbox 876 2359 1040 2417; x_wconf 87' lang='lat' dir='ltr'>quibus</span> <span class='ocrx_word' id='word_1_263' title='bbox 1081 2359 1199 2403; x_wconf 88' lang='lat' dir='ltr'>datis</span> <span class='ocrx_word' id='word_1_264' title='bbox 1243 2360 1380 2404; x_wconf 83' lang='lat' dir='ltr'>certis</span> <span class='ocrx_word' id='word_1_265' title='bbox 1425 2359 1859 2417; x_wconf 77' lang='lat' dir='ltr'>interrogationibus</span> <span class='ocrx_word' id='word_1_266' title='bbox 1902 2374 2040 2405; x_wconf 88' lang='lat' dir='ltr'>unus·</span> 
     </span>
     <span class='ocr_line' id='line_1_30' title="bbox 261 2439 2039 2500; baseline 0.003 -18"><span class='ocrx_word' id='word_1_267' title='bbox 261 2439 452 2499; x_wconf 90' lang='lat' dir='ltr'>quisque</span> <span class='ocrx_word' id='word_1_268' title='bbox 484 2440 558 2498; x_wconf 90' lang='lat' dir='ltr'>qui</span> <span class='ocrx_word' id='word_1_269' title='bbox 593 2440 647 2484; x_wconf 91' lang='lat' dir='ltr'>de</span> <span class='ocrx_word' id='word_1_270' title='bbox 671 2441 822 2485; x_wconf 84' lang='lat' dir='ltr'>ot&#39;ticio</span> <span class='ocrx_word' id='word_1_271' title='bbox 863 2442 1106 2486; x_wconf 88' lang='lat' dir='ltr'>tenebatur</span> <span class='ocrx_word' id='word_1_272' title='bbox 1143 2442 1423 2487; x_wconf 85' lang='lat' dir='ltr'>adamussim</span> <span class='ocrx_word' id='word_1_273' title='bbox 1471 2443 1779 2500; x_wconf 87' lang='lat' dir='ltr'>responderet.</span> <span class='ocrx_word' id='word_1_274' title='bbox 1838 2446 1895 2487; x_wconf 74' lang='lat' dir='ltr'>At</span> <span class='ocrx_word' id='word_1_275' title='bbox 1931 2457 2039 2487; x_wconf 89' lang='lat' dir='ltr'>cum</span> 
     </span>
     <span class='ocr_line' id='line_1_31' title="bbox 263 2523 2042 2583; baseline 0.002 -17"><span class='ocrx_word' id='word_1_276' title='bbox 263 2523 375 2567; x_wconf 90' lang='lat' dir='ltr'>haec</span> <span class='ocrx_word' id='word_1_277' title='bbox 409 2525 450 2566; x_wconf 91' lang='lat' dir='ltr'>S.</span> <span class='ocrx_word' id='word_1_278' title='bbox 483 2526 701 2581; x_wconf 88' lang='lat' dir='ltr'>Congreg.</span> <span class='ocrx_word' id='word_1_279' title='bbox 738 2524 1035 2582; x_wconf 88' lang='lat' dir='ltr'>praescriptio</span> <span class='ocrx_word' id='word_1_280' title='bbox 1078 2525 1321 2583; x_wconf 84' lang='lat' dir='ltr'>diligenter</span> <span class='ocrx_word' id='word_1_281' title='bbox 1354 2540 1446 2570; x_wconf 90' lang='lat' dir='ltr'>non</span> <span class='ocrx_word' id='word_1_282' title='bbox 1479 2530 1769 2582; x_wconf 86' lang='lat' dir='ltr'>servaretur,</span> <span class='ocrx_word' id='word_1_283' title='bbox 1805 2540 1880 2570; x_wconf 89' lang='lat' dir='ltr'>an.</span> <span class='ocrx_word' id='word_1_284' title='bbox 1928 2526 2042 2570; x_wconf 82' lang='lat'>1858</span> 
     </span>
     <span class='ocr_line' id='line_1_32' title="bbox 264 2609 2042 2670; baseline 0.001 -18"><span class='ocrx_word' id='word_1_285' title='bbox 264 2609 304 2652; x_wconf 92' lang='lat' dir='ltr'><strong>S.</strong></span> <span class='ocrx_word' id='word_1_286' title='bbox 341 2611 502 2666; x_wconf 84' lang='lat' dir='ltr'>Congr.</span> <span class='ocrx_word' id='word_1_287' title='bbox 541 2612 670 2666; x_wconf 89' lang='lat' dir='ltr'>Prop.</span> <span class='ocrx_word' id='word_1_288' title='bbox 708 2609 830 2654; x_wconf 81' lang='lat' dir='ltr'>Fidei</span> <span class='ocrx_word' id='word_1_289' title='bbox 863 2611 1100 2655; x_wconf 88' lang='lat' dir='ltr'>decretum</span> <span class='ocrx_word' id='word_1_290' title='bbox 1134 2610 1288 2655; x_wconf 86' lang='lat' dir='ltr'>emisit</span> <span class='ocrx_word' id='word_1_291' title='bbox 1318 2626 1407 2670; x_wconf 91' lang='lat' dir='ltr'>quo</span> <span class='ocrx_word' id='word_1_292' title='bbox 1441 2610 1679 2670; x_wconf 88' lang='lat' dir='ltr'>antiquam</span> <span class='ocrx_word' id='word_1_293' title='bbox 1714 2609 2042 2668; x_wconf 86' lang='lat' dir='ltr'>obligationem</span> 
     </span>
    </p>
   </div>
   <div class='ocr_carea' id='block_1_8' title="bbox 382 2799 1233 3059">
    <p class='ocr_par' dir='ltr' id='par_1_8' title="bbox 383 2799 979 2846">
     <span class='ocr_line' id='line_1_33' title="bbox 383 2799 979 2846; baseline 0.003 -11"><span class='ocrx_word' id='word_1_294' title='bbox 383 2804 392 2817; x_wconf 80' lang='lat'><em>¹</em></span> <span class='ocrx_word' id='word_1_295' title='bbox 421 2799 571 2835; x_wconf 78' lang='lat' dir='ltr'>Collect.</span> <span class='ocrx_word' id='word_1_296' title='bbox 599 2800 706 2846; x_wconf 86' lang='lat' dir='ltr'>Prop.</span> <span class='ocrx_word' id='word_1_297' title='bbox 734 2801 811 2837; x_wconf 90' lang='lat' dir='ltr'>Fid.</span> <span class='ocrx_word' id='word_1_298' title='bbox 839 2811 872 2836; x_wconf 91' lang='lat' dir='ltr'>n.</span> <span class='ocrx_word' id='word_1_299' title='bbox 903 2802 979 2837; x_wconf 79' lang='lat'><strong>103.</strong></span> 
     </span>
    </p>

    <p class='ocr_par' dir='ltr' id='par_1_9' title="bbox 382 2870 978 2916">
     <span class='ocr_line' id='line_1_34' title="bbox 382 2870 978 2916; baseline 0.003 -10"><span class='ocrx_word' id='word_1_300' title='bbox 382 2870 394 2888; x_wconf 82' lang='lat'>‘¹</span> <span class='ocrx_word' id='word_1_301' title='bbox 421 2870 569 2907; x_wconf 88' lang='lat' dir='ltr'>Collect.</span> <span class='ocrx_word' id='word_1_302' title='bbox 597 2871 703 2916; x_wconf 88' lang='lat' dir='ltr'>Prop.</span> <span class='ocrx_word' id='word_1_303' title='bbox 731 2872 808 2909; x_wconf 87' lang='lat' dir='ltr'>Fid.</span> <span class='ocrx_word' id='word_1_304' title='bbox 836 2882 870 2908; x_wconf 93' lang='lat' dir='ltr'>n.</span> <span class='ocrx_word' id='word_1_305' title='bbox 901 2873 978 2909; x_wconf 84' lang='lat'><strong>105.</strong></span> 
     </span>
    </p>

    <p class='ocr_par' dir='ltr' id='par_1_10' title="bbox 383 2941 740 2979">
     <span class='ocr_line' id='line_1_35' title="bbox 383 2941 740 2979; baseline -0.006 -1"><span class='ocrx_word' id='word_1_306' title='bbox 383 2941 395 2960; x_wconf 81' lang='lat'><strong>³</strong></span> <span class='ocrx_word' id='word_1_307' title='bbox 422 2942 571 2979; x_wconf 87' lang='lat' dir='ltr'>Collect.</span> <span class='ocrx_word' id='word_1_308' title='bbox 598 2953 632 2979; x_wconf 89' lang='lat' dir='ltr'>n.</span> <span class='ocrx_word' id='word_1_309' title='bbox 663 2942 740 2978; x_wconf 86' lang='lat'>101.</span> 
     </span>
    </p>

    <p class='ocr_par' dir='ltr' id='par_1_11' title="bbox 382 3012 1233 3059">
     <span class='ocr_line' id='line_1_36' title="bbox 382 3012 1233 3059; baseline 0.004 -10"><span class='ocrx_word' id='word_1_310' title='bbox 382 3012 396 3032; x_wconf 72' lang='lat'>⁸</span> <span class='ocrx_word' id='word_1_311' title='bbox 421 3013 569 3049; x_wconf 81' lang='lat' dir='ltr'>Collect.</span> <span class='ocrx_word' id='word_1_312' title='bbox 596 3023 630 3050; x_wconf 91' lang='lat' dir='ltr'>n.</span> <span class='ocrx_word' id='word_1_313' title='bbox 659 3013 727 3050; x_wconf 91' lang='grc'>110</span> <span class='ocrx_word' id='word_1_314' title='bbox 750 3018 786 3051; x_wconf 88' lang='grc'>01</span> <span class='ocrx_word' id='word_1_315' title='bbox 812 3023 874 3050; x_wconf 89' lang='lat' dir='ltr'>nn.</span> <span class='ocrx_word' id='word_1_316' title='bbox 900 3014 957 3057; x_wconf 69' lang='lat'>82,</span> <span class='ocrx_word' id='word_1_317' title='bbox 984 3015 1040 3059; x_wconf 90' lang='grc'>96,</span> <span class='ocrx_word' id='word_1_318' title='bbox 1066 3014 1124 3058; x_wconf 83' lang='grc'>99,</span> <span class='ocrx_word' id='word_1_319' title='bbox 1152 3014 1233 3052; x_wconf 86' lang='grc'>109.</span> 
     </span>
    </p>
   </div>
  </div>
 </body>
</html>
