2176 3386
538 221 668 249 Lmen
697 221 721 249 1.
752 221 808 249 DE
839 219 977 248 nenos
1006 219 1240 248 nccmsmss
1269 219 1596 249 SPIRITUALIBUS
1882 211 1963 250 253

179 329 304 374 tione
349 328 616 374 corumdem
656 326 873 373 calicibus
914 326 1136 372 stamneis
1168 326 1235 371 uti
1267 326 1392 372 licite
1437 332 1621 385 possent
1653 332 1700 372 et
1732 329 1958 374 valerent.

181 410 389 456 Clemens
423 413 519 456 VIII
551 424 675 455 anno
711 410 821 455 1602
855 408 1063 468 permisit
1093 413 1144 453 ut
1176 410 1442 455 Sacerdotes
1477 411 1674 455 Rutbeni
1716 426 1804 456 non
1845 413 1961 458 schi-

181 492 379 550 smatici,
416 492 461 538 in
495 493 698 538 ecclesiis
729 492 1067 539 Catholicornm
1100 492 1230 537 latini
1263 492 1380 537 ritus
1412 493 1648 551 altaribus,
1675 495 1893 540 calicibus
1916 500 1962 541 et

182 576 387 622 vestibus
433 577 574 622 sacris
620 576 906 621 eorumdem'
936 575 1267 621 catholicorum
1311 576 1377 620 uti
1417 580 1463 621 et
1500 576 1683 622 Missam
1731 580 1961 624 celebrare

182 660 358 718 possint
389 660 436 705 in
471 673 577 705 casu
626 659 943 715 necessitatis,
978 658 1072 704 imo
1104 659 1243 704 etiam
1293 660 1439 704 solum
1489 661 1750 705 devotionis
1798 675 1959 719 causa,

182 744 430 789 dummodo
454 743 542 788 ritu
567 736 763 788 rutheno
796 742 1043 788 celebrent.
1082 736 1114 787 E
1137 747 1297 788 contra
1321 743 1580 788 sacerdotes
1608 745 1722 789 ritus
1751 744 1880 790 latini
1914 746 1961 791 in

182 827 373 872 ecclesia
411 827 726 871 Rutlienorum
763 839 854 870 non
888 826 1288 871 schismaticorum
1330 826 1549 870 altaribus
1582 832 1627 871 et
1660 827 1877 873 calicibus
1909 843 1962 874 ac

185 910 388 954 iestibus
419 909 558 954 sacris
591 909 655 953 uti
691 914 737 954 et
771 908 956 954 Missam
990 909 1220 954 celebrare
1256 910 1457 966 valeant,
1484 911 1573 955 ritu
1609 917 1764 957 tamen
1799 913 1959 971 latino,

182 994 431 1038 dummodo
462 992 692 1052 praedicta
717 998 980 1049 serventur,
1006 993 1182 1038 secluso
1204 994 1329 1038 omni
1364 995 1579 1040 scandalo
1613 1000 1659 1040 et
1690 997 1745 1042 de
1776 997 1962 1043 licentia

184 1077 494 1122 Praelatorum
528 1079 574 1119 et
611 1079 854 1120 Rectorum
890 1075 1090 1134 ipsarum
1129 1077 1451 1122 Ecclesiarum.

307 1160 433 1204 1174.
470 1159 587 1204 Olim
623 1163 722 1203 tum
756 1159 802 1203 in
838 1159 1025 1204 Oriente
1061 1163 1158 1204 tum
1194 1159 1238 1204 in
1272 1162 1521 1208 Occidente
1554 1165 1837 1211 consuetudo
1865 1171 1965 1211 erat

185 1247 234 1286 ut
266 1242 313 1287 in
347 1256 436 1286 una
472 1242 663 1287 ecclesia
697 1242 885 1286 unicum
920 1246 1101 1287 extaret
1124 1243 1293 1301 Altare,
1320 1244 1367 1289 in
1401 1258 1491 1303 quo
1524 1246 1664 1290 semel
1702 1251 1880 1292 tantum
1916 1249 1962 1293 in

184 1326 255 1370 die
288 1326 610 1371 celebraretur.
649 1331 769 1371 Haec
803 1340 913 1371 vero
955 1328 1239 1373 consuetudo
1276 1328 1448 1373 iamdiu
1491 1329 1534 1374 in
1582 1331 1778 1375 Ecclesia
1823 1333 1964 1378 latina

184 1411 403 1455 exolevit.
452 1411 535 1455 Sed
570 1411 613 1454 in
648 1410 860 1465 Oriente,
896 1410 930 1455 si
966 1411 1220 1455 Maronitas
1267 1411 1500 1470 excipias,
1538 1427 1796 1474 paucosque
1833 1416 1961 1472 alios,

183 1493 260 1552 qui
295 1506 387 1537 non
421 1507 445 1537 a
482 1491 637 1536 multis
670 1492 804 1537 annis
843 1492 1107 1537 Latinorum
1151 1493 1439 1538 sacerdotum
1477 1509 1653 1540 morem
1697 1496 1961 1555 imitantur,

185 1591 345 1621 omnes
394 1578 537 1621 ferme
584 1576 822 1635 antiquam
869 1576 1250 1621 consuetudinem
1299 1582 1503 1622 servant.
1557 1580 1812 1637 Apostolica
1854 1596 1964 1627 vero

185 1659 320 1704 Sedes
354 1658 577 1716 permittit
610 1658 784 1716 graecis
817 1659 1096 1717 presbyteris
1118 1658 1195 1719 qui
1229 1660 1275 1704 in
1313 1661 1438 1705 ltalia
1474 1661 1724 1721 insulisque
1754 1663 1963 1710 adiacen-

186 1741 306 1786 tibus
339 1742 526 1799 degunt,
564 1746 613 1785 ut
643 1740 677 1786 si
714 1741 859 1786 velint
894 1756 1068 1787 morem
1102 1748 1306 1799 servent,
1338 1759 1395 1788 ex
1429 1744 1748 1804 antiquissimo
1782 1751 1828 1791 et
1860 1747 1964 1792 hac-

185 1829 320 1869 tenus
360 1828 545 1870 servato
582 1825 672 1869 ritu
706 1831 979 1884 acceptum,
1018 1826 1200 1871 nonnisi
1236 1827 1377 1872 semel
1412 1827 1456 1872 in
1491 1828 1563 1873 die
1598 1843 1677 1887 per
1719 1844 1862 1874 unum
1897 1844 1964 1875 sa·

186 1910 418 1955 cerdotem
453 1910 499 1954 in
534 1910 869 1969 parochialibus
900 1911 1103 1956 ecclesiis
1136 1912 1412 1957 celebrandi.
1465 1914 1683 1958 Concedit
1724 1919 1878 1959 tamen
1917 1920 1966 1959 ut

186 1993 233 2038 in
266 1994 359 2039 suis
393 1994 725 2051 parochialibus
759 1995 831 2039 vel
870 1994 968 2040 aliis
1014 1995 1218 2040 ecclesiis
1270 2001 1450 2054 praeter
1493 1997 1636 2041 altare
1685 1997 1831 2042 maius
1879 1998 1965 2043 alia

185 2079 324 2124 etiam
361 2079 538 2124 minora
571 2078 730 2124 altaria
767 2079 1040 2135 habeantur,
1076 2079 1122 2124 in
1157 2079 1321 2139 quibus
1353 2079 1435 2124 sibi
1468 2080 1604 2125 liceat
1638 2095 1715 2139 pro
1758 2082 1963 2126 sacerdo-

186 2165 286 2206 tum
321 2176 514 2206 numero
548 2162 697 2220 plures
731 2162 775 2206 in
810 2162 882 2206 die
919 2162 1077 2207 Missas
1109 2163 1340 2207 celebrare
1366 2164 1394 2207 ¹.
1444 2165 1499 2207 At
1532 2164 1966 2209 Graeco—Melchitis

187 2245 522 2303 postulantibus
554 2250 605 2289 ut
636 2246 691 2290 ad
724 2246 1101 2291 satisfaciendum
1144 2246 1299 2304 pietati
1343 2246 1632 2291 sacerdotum
1666 2250 1713 2291 et
1750 2246 1964 2304 multipli-

186 2327 314 2373 cibus
345 2328 547 2373 fidelium
581 2329 887 2374 oblationibus
921 2330 1203 2387 praedictum
1242 2330 1379 2374 ritum
1414 2330 1691 2389 antiquitate
1731 2343 1965 2373 commen-

187 2411 345 2456 datum
379 2411 613 2456 immutari
648 2412 1007 2470 permitteretur,
1044 2418 1090 2458 et
1123 2414 1169 2458 in
1192 2415 1397 2458 ecclesiis
1433 2414 1587 2458 Libani
1624 2414 1772 2470 plures
1804 2413 1967 2458 Missas

188 2494 347 2539 eodem
380 2495 452 2540 die
485 2508 620 2554 super
652 2497 812 2540 eodem
847 2497 977 2540 altari
1003 2495 1222 2541 offerendi
1248 2497 1561 2540 sacerdotibus
1595 2496 1724 2540 lieret
1745 2501 1962 2554 potestas,

188 2578 354 2623 Bened.
392 2581 488 2623 XIV
513 2578 527 2600 ‘²
560 2578 798 2637 postulatis
832 2578 1023 2624 minime
1058 2578 1387 2636 indulgendum
1422 2578 1617 2624 censuit.
1656 2578 1866 2623 Permisit
1899 2582 1964 2623 ta-

189 2675 295 2706 men
320 2660 352 2716 ⁸,
388 2665 439 2705 ut
470 2661 556 2706 alia
590 2661 751 2706 altaria
786 2660 831 2705 in
864 2662 964 2707 loco
998 2661 1225 2707 Ecclesiae
1258 2666 1365 2720 apto
1398 2662 1506 2720 erigi
1542 2662 1732 2720 possint.
1768 2661 1895 2716 Quod
1929 2661 1967 2706 si

187 2745 402 2790 altarium
426 2759 646 2791 numerus
667 2745 999 2792 celebrantium
1024 2750 1070 2790 et
1091 2746 1385 2791 offerentium
1411 2745 1695 2790 multitudini
1718 2745 1776 2790 sit
1800 2745 1963 2803 impar,

309 2955 317 2973 ¹
346 2954 469 2992 Const.
496 2956 555 2992 cit.
582 2956 663 2993 Etsi
687 2957 897 3002 pastoralis,
924 2961 938 2997 s
964 2957 996 3000 6,
1024 2966 1058 2994 n.
1085 2957 1118 3001 8,
1143 2955 1176 2993 9.

307 3026 321 3046 ¹
348 3028 471 3064 Const.
497 3027 777 3065 Demandatum.

310 3099 323 3118 ⁸
348 3100 454 3137 quta
479 3100 665 3138 decretum
693 3101 728 3138 S.
754 3101 791 3138 C.
818 3101 896 3138 Fid.
923 3101 1030 3147 Prop.
1057 3100 1129 3137 diei
1155 3099 1198 3136 51
1227 3100 1347 3136 martii
1376 3098 1478 3136 1729.
