2176 3386
68 0 110 17 ,¹331
119 0 207 18 ⁷ka
212 0 222 11 5²⁷
233 0 243 17 Ἰ
284 0 288 3 ”
342 0 346 4 “
351 0 356 8 ’

116 20 149 27 0*-

297 252 373 292 196
938 261 1048 290 PAns
1077 262 1102 290 1.
1137 263 1194 290 m:
1223 261 1434 291 Pssnsoms

295 375 342 414 et
372 383 491 429 quae
527 369 700 428 reliqua
734 373 843 414 sunt
874 368 1118 414 Ordinario
1151 368 1408 413 tradantur.
1451 367 1653 426 Episcopi
1689 368 1932 426 probibent
1967 383 2077 428 quo-

297 453 452 498 minus
477 453 781 498 Ecclesiarum
808 456 1007 498 rectores
1038 453 1298 497 sacerdotes
1330 451 1595 510 peregrinos
1626 451 1725 497 sine
1758 451 1857 497 eius
1889 452 2076 498 licentia

296 537 351 581 ad
387 536 572 581 missam
620 535 939 581 celebrandam
986 534 1308 579 admittantur.
1360 535 1489 588 Quod
1530 548 1557 579 a
1598 535 1799 581 Concilio
1837 535 2078 581 Chalcedo-

298 633 440 664 nense
473 624 699 663 statutum
725 619 756 674 ¹,
793 617 1090 662 Innocentius
1114 620 1170 662 ΙΙΙ
1194 616 1492 662 confirmavit
1516 617 1549 673 ²,
1584 631 1638 662 ac
1668 618 1987 662 Tridentinum
2010 617 2078 661 in-

297 702 525 748 stauravit
552 702 583 744 ³.
625 707 750 755 Quae
783 700 1018 759 dispositio
1052 700 1190 745 etiam
1227 700 1456 758 regulares
1477 700 1618 745 afficit
1639 700 1787 760 quoad
1821 700 2079 747 sacerdotes

297 788 555 832 saeculares
591 787 661 830 vel
696 784 884 830 alterius
926 783 1098 829 ordinis
1140 785 1384 842 regulares.
1440 788 1504 828 Ex
1556 784 1759 844 Episcopi
1804 784 1989 829 licentia
2033 785 2079 829 in

298 869 501 914 ecclesiis
543 868 851 913 saecularibus
887 868 957 911 x‘el
1003 867 1282 925 regularibus
1324 867 1544 913 dioecesis
1589 868 1898 913 Eucharistiae
1932 882 2080 914 sacra·

300 958 509 997 mentum
550 950 833 995 adorandum
866 949 1141 1009 exponitur,
1180 950 1248 994 vel
1284 950 1340 994 ad
1375 955 1556 1008 tempus
1598 955 1840 1006 servatur,
1876 950 2082 1009 exceptis

300 1035 649 1093 parochialibus,
675 1035 867 1078 ecclesia
890 1034 1164 1090 Cathedrali,
1193 1035 1264 1078 vel
1302 1035 1581 1092 regularibus
1615 1034 1838 1089 ecclesiis,
1866 1034 2079 1079 ordinum

301 1119 477 1178 proprie
511 1119 739 1164 dictorum
774 1117 817 1161 in
853 1118 1019 1177 quibus
1050 1118 1105 1162 de
1135 1118 1230 1162 iure
1269 1117 1578 1162 Eucharistiae
1612 1122 1955 1163 sacramentum
1990 1131 2080 1161 ser-

302 1206 451 1245 vatur.
491 1200 716 1246 Ecclesiae
757 1200 1034 1257 regularium
1074 1204 1288 1245 votorum
1332 1200 1610 1258 simplicium
1659 1199 1862 1258 Episcopi
1896 1199 2081 1245 licentia

301 1284 509 1341 indigent
543 1288 592 1327 ut
625 1283 669 1327 in
705 1284 758 1327 iis
790 1284 845 1328 ad
887 1288 1067 1342 tempus
1111 1283 1421 1328 Eucharistiae
1465 1287 1809 1328 sacramentum
1852 1288 2079 1338 servetur,

303 1367 386 1411 nisi
421 1366 553 1411 aliter
586 1366 773 1411 veniam
806 1381 829 1410 a
855 1367 965 1411 Sede
998 1367 1246 1424 apostolica
1270 1367 1558 1411 obtinuerint
1581 1367 1612 1411 ⁸.
1652 1369 1946 1411 Sacramenta
1975 1371 2081 1411 con-

302 1451 575 1495 firmationis
608 1455 654 1495 et
685 1451 858 1495 ordinis
891 1453 1101 1496 conferre
1134 1452 1189 1496 ad
1228 1451 1497 1509 Episcopum
1531 1451 1767 1496 exclusive
1804 1452 2034 1509 pertineat
2068 1452 2081 1475 ⁵

301 1534 355 1579 de
389 1535 458 1578 his
491 1533 729 1578 remissixe
764 1534 819 1577 ad
852 1534 1018 1578 librum
1053 1523 1305 1578 secundum
1349 1534 1403 1578 de
1439 1534 1585 1578 rebus.
1641 1534 1702 1578 Ad
1753 1534 1897 1579 instar
1935 1548 2082 1579 sacra·

303 1622 567 1661 mentorum
605 1616 801 1662 Ecclesia
837 1617 1037 1660 instituit
1068 1612 1418 1661 sacramentalia
1452 1631 1510 1660 ex
1533 1617 1696 1676 quibus
1720 1619 1940 1662 nonnulla
1975 1623 2084 1663 sunt

303 1701 534 1759 Episcopis
567 1705 799 1744 reservata
837 1700 971 1745 sicuti
1007 1699 1351 1745 benedictiones
1390 1700 1626 1757 liturgicae
1662 1701 1860 1745 maiores
1893 1705 1940 1744 et
1972 1701 2082 1745 sole-

303 1784 521 1835 mniores,
560 1783 700 1828 veluti
736 1784 1080 1828 benedictiones
1113 1798 1473 1842 campanarum,
1514 1798 1728 1829 vasorum
1768 1798 2004 1830 sacrorum
2039 1791 2085 1830 et

303 1869 536 1912 abbatum.
589 1868 631 1912 Si
665 1868 719 1911 de
752 1868 993 1911 abbatibus
1028 1867 1196 1912 nullius
1238 1873 1400 1926 agatur
1448 1882 1607 1913 eorum
1653 1869 1911 1914 benedictio
1954 1874 2085 1929 <quae

307 1958 498 1996 vocatur
530 1952 776 2010 improprie
809 1950 1110 2006 consecratio)
1147 1951 1202 1994 ad
1241 1951 1511 2009 Episcopum
1552 1950 1820 1995 viciniorem
1865 1951 2080 2010 pertinet.

308 2035 524 2093 Episcopo
566 2034 824 2092 negligente
871 2033 942 2077 vel
994 2038 1216 2077 renuente
1260 2035 1330 2077 ius
1369 2033 1572 2090 supplet,
1609 2047 1715 2077 cum
1758 2037 1984 2093 statutum
2029 2033 2087 2076 sit

303 2117 454 2161 abbati
485 2117 568 2160 bac
601 2117 654 2160 de
689 2129 825 2160 causa
861 2130 952 2160 non
986 2116 1226 2160 benedicto
1260 2116 1367 2161 licet
1399 2129 1504 2160 suos
1528 2117 1781 2160 monachos
1817 2114 2085 2158 benedicere

304 2214 357 2244 ac
379 2200 467 2244 alia
490 2213 623 2256 agere
644 2213 760 2257 quae
793 2199 849 2243 ad
881 2212 1014 2243 suum
1049 2199 1283 2257 pertinent
1315 2198 1517 2243 officium
1550 2197 1581 2242 ⁵.
1619 2196 1976 2243 sacramentalia
2009 2210 2086 2240 au-

306 2289 400 2328 tem
432 2297 548 2342 quae
573 2296 652 2340 per
673 2282 1069 2327 consecrationem
1102 2282 1430 2336 conficiuntur,
1463 2281 1681 2340 Episcopo
1715 2286 1946 2325 reservata
1980 2285 2086 2324 sunt

306 2379 412 2409 cum
454 2370 743 2410 sacramenta
792 2364 964 2409 ordinis
1008 2377 1062 2408 ac
1104 2363 1471 2408 confirmationis
1515 2363 1789 2408 imitentur:
1825 2377 1966 2422 quare
2005 2377 2086 2407 un-

305 2462 409 2505 gere
445 2452 603 2505 Reges,
640 2439 909 2491 cons'ecrare
942 2447 1119 2501 altaria,
1156 2446 1387 2502 ecclesias,
1426 2447 1748 2505 Episcoporuni
1785 2452 1866 2491 est.

429 2616 437 2634 ¹
468 2617 554 2652 Can.
585 2615 638 2651 15.

428 2688 440 2706 ⁹
467 2688 552 2734 Cap.
580 2688 612 2731 5,
642 2687 691 2723 tit.
720 2686 776 2731 22,
805 2686 886 2722 libr.
918 2686 934 2720 1
962 2685 1142 2722 Decretal.

428 2760 440 2778 ³
467 2759 553 2804 Cap.
583 2759 637 2801 16,
670 2758 766 2794 Sess.
793 2757 838 2793 25
864 2757 909 2793 de
936 2756 1095 2793 Reform.

427 2830 441 2850 ⁸
466 2832 577 2867 GAno.
598 2831 724 2866 PnTnA
751 2829 797 2865 ad
822 2829 971 2865 constit.
1000 2829 1024 2863 1.
1053 2827 1191 2864 Urbani
1219 2826 1279 2869 lV,
1307 2836 1341 2863 n.
1369 2827 1426 2862 51.

428 2902 440 2920 ¹⁵
469 2902 565 2938 Trid.
593 2911 673 2947 cap.
701 2902 732 2944 7,
760 2910 850 2936 sess.
882 2900 935 2935 15.

429 2973 443 2992 ⁶
470 2973 550 3010 Lib.
577 2973 608 3016 1,
635 2973 705 3009 Tit.
735 2973 778 3016 X,
805 2982 886 3018 cap.
917 2972 932 3006 1
964 2972 1001 3008 in
1029 2972 1170 3007 Decret.
