2176 3386
759 173 889 204 Lmen
918 173 943 201 1.
978 171 1035 199 DE
1064 171 1258 202 emmas
1829 161 1908 201 247

118 285 250 343 cipue
281 287 391 328 sunt
433 282 584 327 idonei
627 281 682 326 ad
722 279 1032 326 ecclesiastica
1076 279 1243 325 iudicia
1285 279 1333 324 in
1383 279 1588 336 partibus
1629 279 1906 335 exercenda,

119 367 328 425 Synodus
360 364 624 410 Tridentina
647 365 660 387 ¹
694 363 964 422 gravissime
997 362 1144 416 iussit,
1181 362 1372 420 singulis
1403 343 1617 408 Conciliis
1650 361 1906 421 provincia·

118 449 234 494 libus
265 452 345 493 aut
377 446 659 492 dioecesanis
691 445 865 504 aliquot
897 458 1114 503 personas
1147 444 1393 502 designari,
1429 450 1480 490 ut
1514 450 1695 505 praeter
1715 445 1908 491 Ordina-

119 530 210 575 rios
241 530 445 574 locorum
481 527 534 573 iis
567 527 707 572 etiam
743 527 931 586 posthac
966 540 1130 572 causae
1173 527 1511 573 ecclesiastieae
1556 542 1609 574 ac
1651 528 1909 586 spirituales

118 617 164 658 et
195 613 250 657 ad
284 613 433 657 forum
459 610 822 656 ecclesiasticum
849 609 1149 668 pertinenteS,
1176 609 1222 654 in
1251 610 1454 668 partibus
1477 611 1756 669 delegandae
1785 626 1909 657 com-

121 695 379 740 mittantur.
430 694 547 739 Hinc
586 693 752 738 Bened.
791 692 921 737 x1V²
956 693 1257 737 commendat
1302 697 1352 737 ut
1396 694 1568 738 coactis
1609 694 1823 740 Conciliis
1865 699 1911 740 et

120 776 314 835 Synodis
346 776 448 820 talis
481 789 641 820 eorum
667 788 888 819 numerus
910 774 1173 830 deliniatur,
1200 774 1276 834 qui
1302 775 1594 833 amplitudini
1619 791 1672 821 ac
1698 778 1909 836 frequen-

117 862 208 907 tiae
242 862 507 906 Dioeceseos
540 860 814 919 respondere
849 865 1106 905 censeatur.
1149 864 1284 904 Porro
1322 861 1498 906 Iudices
1532 861 1605 906 isti
1651 863 1774 907 nulla
1818 865 1909 921 pol·

120 946 215 990 lent
258 943 573 989 iurisdictione
606 946 857 1002 antequam
900 956 925 987 a
968 943 1079 987 Sede
1124 943 1378 1001 Apostolica
1422 944 1678 1003 delegatam
1722 959 1909 1004 accepe-

120 1028 228 1072 rint.
269 1031 331 1072 Ex
366 1027 529 1071 horum
566 1025 767 1072 iudicum
805 1040 999 1070 numero
1033 1026 1102 1071 ius
1137 1027 1307 1071 babent
1334 1028 1578 1085 Regulares
1601 1028 1795 1074 Ordines
1829 1029 1907 1074 eli-

121 1111 251 1170 gendi
287 1110 387 1166 sibi,
422 1110 457 1155 si
495 1110 655 1165 velint,
691 1113 1064 1155 Conservatores.

248 1194 349 1238 282.
387 1198 525 1249 Leges
559 1208 708 1250 porro,
734 1207 852 1252 quae
875 1193 1037 1251 synodi
1076 1194 1376 1238 moderantur
1408 1194 1783 1250 celebrationem,
1819 1201 1912 1240 tres

120 1278 231 1323 item
267 1278 311 1322 in
346 1279 527 1332 classes,
564 1280 765 1336 praestat
797 1276 1095 1332 distribuere3
1131 1291 1325 1336 quarum
1360 1277 1475 1322 aliae
1509 1278 1740 1335 synodum
1775 1293 1909 1337 agen-

119 1363 224 1406 dam
258 1361 525 1419 disponunt,
561 1361 675 1404 aliae
709 1365 918 1404 coactam
953 1360 1186 1415 ordinant,
1223 1361 1338 1405 aliae
1372 1361 1632 1406 absolvunt.
1658 1363 1834 1407 Priores
1859 1362 1904 1406 in

119 1444 203 1488 hoc
236 1443 553 1499 continentur,
589 1449 640 1487 ut
673 1444 998 1499 praemittatur
1029 1444 1193 1500 synodi
1220 1444 1411 1489 indictio
1435 1459 1459 1489 a
1484 1444 1688 1502 legitima
1715 1458 1909 1502 persona

119 1527 413 1587 legitimoque
447 1532 653 1585 tempore
686 1541 739 1572 ac
775 1528 908 1572 modo
943 1529 1079 1572 facta.

239 1615 434 1656 Persona
470 1611 670 1669 legitima
704 1612 759 1656 ad
794 1611 1087 1656 indicendam
1120 1612 1351 1669 synodum
1386 1612 1421 1657 is
1454 1617 1538 1668 est,
1574 1612 1649 1671 qui
1693 1613 1910 1657 eiusdem

121 1694 466 1752 congregandae
501 1694 569 1739 ius
603 1694 754 1750 habet,
791 1695 889 1739 sive
922 1695 997 1753 qui
1032 1693 1274 1752 episcopali
1300 1694 1613 1740 iurisdictione
1639 1694 1817 1753 proprie
1842 1694 1908 1739 di-

121 1783 194 1822 cta
220 1778 415 1836 potitur,
442 1778 645 1837 adeoque
669 1779 896 1835 synodum
924 1778 1124 1822 indicere
1151 1782 1300 1836 potest
1322 1792 1403 1822 suo
1429 1778 1547 1823 iure:
1579 1780 1615 1835 l)
1642 1778 1904 1836 Episcopus3

121 1862 162 1918 2)
191 1861 397 1907 Viearius
430 1861 717 1920 Capitularis,
743 1862 848 1906 sede
873 1866 1087 1916 vacante,
1114 1862 1363 1906 dummodo
1386 1876 1411 1906 a
1437 1862 1583 1919 priore
1617 1863 1793 1919 synodo
1831 1875 1910 1906 an-

122 1957 208 1988 nus
240 1943 498 2001 effluxerit;
536 1946 576 2000 5)
607 1943 814 1989 vicarius
849 1944 1148 2002 Apostolicus,
1181 1945 1257 2003 qui
1302 1944 1358 1989 ad
1390 1944 1630 1990 ecelesiam
1664 1949 1908 1990 vacantem

122 2026 365 2084 regendam
403 2026 567 2072 missus
600 2027 657 2071 sit
681 2028 711 2071 ³.
755 2031 924 2082 Potest,
961 2027 1143 2086 speciali
1188 2028 1404 2072 mandato
1438 2027 1613 2072 Summi
1651 2027 1907 2083 pontilicis,

122 2109 329 2155 vicarius
351 2109 634 2167 Apostolieus
666 2111 742 2170 qui
779 2092 997 2169 Episcopo
1032 2111 1076 2155 in
1111 2125 1192 2156 sua
1227 2111 1338 2155 Sede
1372 2112 1592 2155 existenti
1626 2111 1760 2156 datus
1783 2110 1841 2155 sit
1865 2115 1911 2155 et

125 2193 327 2252 Episcopi
356 2193 561 2239 Vicarius
583 2195 834 2240 Generalis.
874 2199 974 2240 Non
1011 2199 1159 2253 potest
1194 2196 1424 2240 praelatus
1459 2194 1666 2251 inferior,
1692 2195 1798 2240 licet
1833 2196 1909 2239 ha-

123 2276 228 2322 beat
260 2277 544 2322 territorium
582 2291 764 2337 prorsus
787 2283 1067 2336 separatum,
1099 2278 1251 2338 ibique
1277 2278 1643 2323 iurisdictionem
1666 2277 1794 2337 quasi
1818 2277 1909 2337 epi-

124 2361 348 2417 scopalem
375 2365 608 2417 exerceat,
634 2361 720 2405 nisi
755 2362 872 2406 forte
905 2363 1178 2406 alterutrum
1214 2367 1476 2416 concurrat,
1514 2361 1688 2406 scilieet
1725 2361 1910 2406 Prix‘ile-

124 2441 247 2500 gium
273 2443 599 2501 Apostolicum,
625 2458 714 2503 quo
748 2444 838 2489 tale
874 2444 943 2488 ius
975 2444 1124 2489 eidem
1149 2446 1431 2500 conferatur,
1463 2446 1533 2489 vel
1560 2449 1694 2489 vetus
1717 2457 1910 2488 consue·

123 2525 249 2580 tudo,
288 2539 375 2584 qua
402 2525 617 2583 probetur
639 2526 737 2571 eius
770 2540 951 2586 quoque
984 2527 1356 2585 praedecessores
1381 2526 1458 2572 tali
1483 2526 1583 2571 iure
1618 2539 1722 2571 usos
1755 2526 1909 2571 fuisse.

239 2611 435 2666 Tempus
466 2609 670 2668 quolibet
702 2610 864 2654 saltem
897 2624 1021 2655 anno
1054 2611 1296 2655 recurrit&
1352 2610 1511 2655 Modus
1554 2609 1624 2654 his
1669 2609 1910 2668 praecipue

239 2739 248 2758 ¹
279 2740 375 2778 SeSS.
402 2740 519 2783 XXV,
546 2741 583 2778 C.
612 2741 644 2777 X
671 2741 714 2777 de
743 2741 819 2778 Res.

239 2809 252 2827 ²
279 2811 331 2847 De
358 2819 440 2857 syn.
467 2811 505 2847 L.
532 2811 565 2856 4,
592 2811 678 2857 Cap.
706 2811 739 2847 5.

241 2882 254 2902 ³
280 2884 415 2920 Bened.
443 2883 530 2920 XlV
557 2884 602 2920 de
628 2883 792 2930 synodo,
819 2885 900 2921 Lib.
926 2883 958 2927 2,
987 2884 1024 2920 C.
1050 2884 1083 2927 5,
1111 2893 1147 2921 n.
1178 2884 1232 2920 10.

239 2954 253 2974 '⁴
278 2956 374 2992 Trid.
403 2955 515 2992 Cone.
543 2956 641 2992 sess.
668 2956 804 2998 XXIV,
833 2956 920 3002 Cap.
947 2956 979 2992 ΙΙ
1008 2956 1052 2993 de
1081 2957 1238 2993 Reform.
1266 2955 1411 2992 Confer.
1430 2955 1564 2992 Bened.
1586 2955 1672 2991 XIV
1700 2955 1751 2990 De
1773 2954 1911 3000 Synod.

125 3025 204 3062 Lib.
235 3026 266 3070 1,
292 3027 378 3073 Cap.
405 3027 439 3064 6.
