2176 3386
786 183 914 212 mul-:R
943 183 967 211 1.
1001 183 1057 211 DE
1087 181 1282 211 cussmms
1852 171 1927 210 127

268 292 364 338 166.
404 292 598 337 Ulterius
629 293 839 338 Clemens
872 294 926 347 V,
962 296 1057 335 tam
1091 304 1150 335 ex
1182 289 1439 334 canonibus
1470 290 1657 335 Concilii
1693 291 1926 335 Viennen-

145 375 205 420 sis
236 389 312 420 an.
352 376 463 420 1316
496 374 569 420 cui
604 374 698 433 ipse
732 374 945 433 praefuit,
980 377 1027 418 et
1058 387 1118 418 ex
1162 372 1578 418 constitutionibus
1618 388 1643 418 a
1677 387 1724 418 se
1766 372 1924 429 editis,

144 458 281 503 aliam
299 458 617 503 collectionem
642 457 737 502 fieri
762 457 893 501 iussit
912 457 1038 501 iuxta
1059 456 1268 501 ordinem
1290 456 1595 502 l)ecretalium
1624 457 1827 515 Gregorii
1849 461 1923 502 lx.

144 545 273 586 Hanc
305 541 622 587 collectionem
658 554 824 585 vocare
865 542 1113 599 septim-am
1164 540 1478 585 Decretalium
1520 545 1845 598 proposuerat,
1880 545 1929 584 at

148 627 294 666 morte
325 627 563 680 correptus
593 627 678 667 est.
718 621 821 667 Eius
853 625 1011 666 tamen
1036 621 1356 666 collectionem
1381 621 1591 679 vulgavit
1619 626 1666 666 et
1694 621 1824 679 legali
1848 635 1926 667 au-

143 707 357 750 ctoritate
390 706 701 751 communivit
733 710 928 750 Ioannes
952 709 1069 750 xxii
1103 704 1351 750 Clementis
1376 708 1426 749 V.
1463 719 1715 761 successor,
1741 707 1824 751 sub
1847 721 1928 751 no-

146 789 270 832 mine
308 789 707 834 Clementinaram
747 790 1148 835 Constitute'onum.

268 871 363 915 167.
392 871 591 916 'tandem
617 885 672 916 ex
699 871 1002 916 decretalibus
1027 870 1210 915 loannis
1234 874 1368 926 xxti,
1393 876 1439 915 et
1461 885 1518 916 ex
1543 872 1849 916 decretalibus
1870 873 1927 917 25

146 954 417 999 Pontificum
451 955 508 999 ab
543 955 722 1000 Urbano
756 958 813 1000 IV
847 955 901 1000 ad
937 955 1116 1000 Sixtum
1152 958 1223 1000 IV.
1274 956 1389 1000 duae
1434 957 1728 1002 collectiones
1777 958 1926 1002 factae

143 1042 267 1092 sunt,
295 1051 460 1095 nempe
487 1038 695 1083 collectio
721 1059 739 1078 α
768 1041 1124 1083 Extravmana
1171 1052 1201 1082 n
1228 1041 1423 1084 Ioannis
1452 1042 1586 1083 XXII
1605 1058 1622 1078 υ
1650 1042 1696 1084 et
1717 1039 1927 1085 collectio

148 1141 167 1162 a
194 1123 625 1179 Eoetravayanttam
655 1124 979 1166 Communium
1003 1139 1047 1178 »3
1084 1126 1191 1166 sunt
1213 1122 1339 1166 enim
1373 1122 1625 1168 decretales
1647 1128 1768 1182 {quae
1794 1128 1926 1168 extra

146 1203 805 1261 praecedgp—Qfflfflm
833 1209 1133 1262 vagabantur.
1173 1206 1369 1264 [traque
1403 1205 1631 1250 incertum
1678 1205 1815 1250 habet
1847 1220 1927 1250 33-

144 1290 336 1340 ctorem,
374 1300 520 1345 neque
554 1291 736 1331 constat
758 1301 816 1331 an
842 1287 926 1331 liae
949 1287 1259 1342 collectiones,
1284 1302 1373 1347 qua
1398 1289 1526 1343 tales,
1554 1287 1662 1345 legis
1686 1287 1781 1332 vim
1811 1288 1925 1332 obti—

147 1369 347 1412 nuerint.
385 1371 732 1423 Verumtamen,
761 1374 890 1413 notat
912 1370 1183 1422 Vecchiotti,
1222 1390 1240 1409 a
1264 1376 1459 1427 praeter
1481 1384 1623 1428 (letam
1656 1371 1777 1428 qaod
1807 1384 1925 1414 eom-

147 1454 283 1495 mani
317 1466 401 1495 asa
424 1458 633 1508 receptae
666 1451 863 1508 fuerint,
890 1467 944 1496 ex
964 1455 1163 1510 propria
1196 1455 1395 1510 origine,
1422 1453 1630 1497 videlieet
1660 1467 1688 1497 a
1724 1455 1929 1498 Sammts

149 1534 442 1592 Pontificibus
474 1549 529 1578 etc
561 1535 723 1593 quibas
759 1535 979 1592 sinyulae
1017 1536 1328 1591 prodierant,
1365 1537 1457 1579 vim
1503 1535 1700 1592 leyalem
1737 1537 1928 1579 sortitae

142 1624 251 1662 seme
277 1636 315 1662 n.
1506 1672 1512 1676 ἱ

267 1702 362 1746 168.
392 1705 546 1760 ltaque
570 1704 688 1746 tures
711 1705 928 1746 canonice
951 1716 1118 1759 corpas
1141 1702 1186 1746 in
1214 1707 1304 1747 tres
1328 1708 1480 1761 partes
1509 1702 1746 1747 dividitur.
1778 1702 1941 1747 Prima·

148 1789 374 1850 Gra-tiam
395 1787 627 1831 decretam
653 1787 876 1831 continet.
905 1787 1111 1831 Secunda
1140 1789 1359 1844 Gregorii
1380 1790 1444 1831 IX
1469 1787 1735 1832 decretales.
1775 1788 1926 1832 Tertia

140 1876 318 1914 sextam
346 1869 732 1926 Bon-z's'aez'anum,
764 1870 1088 1924 Clementinas,
1107 1876 1149 1913 et
1176 1873 1557 1926 Eoetravaqaoztes
1575 1873 1772 1915 Ioannis
1796 1873 1931 1914 XXII

141 1958 183 1996 et
221 1955 596 2009 Extravaqantes
618 1966 900 1996 communes.
942 1954 1169 1997 Gratiani
1189 1953 1441 2007 decretam,
1472 1953 1654 1997 nullam
1685 1953 1822 1997 habet
1846 1967 1926 1998 au-

142 2035 404 2080 ctoritatem
453 2037 779 2090 eoetrinseeam,
817 2035 894 2080 sed
946 2040 1126 2080 tantum
1175 2036 1299 2079 valet
1342 2035 1405 2079 uti
1449 2035 1653 2080 diximus
1697 2039 1925 2095 quantum

145 2118 300 2161 valent
334 2121 635 2161 monumenta
670 2131 786 2176 quae
819 2117 1093 2172 afferuntur,
1129 2132 1247 2176 (1336
1280 2117 1613 2162 consideranda
1642 2122 1752 2162 sunt
1777 2117 1925 2176 prouti

145 2199 187 2243 in
223 2199 491 2244 collectione
526 2213 617 2244 non
651 2200 930 2244 extitissent.
986 2204 1365 2257 Extravagyantes
1410 2213 1570 2244 revera
1614 2204 1844 2259 quatenus
1878 2200 1924 2243 in

142 2282 412 2327 collectione
444 2287 554 2327 sunt
586 2283 913 2328 auctoritatem
949 2284 1139 2342 legalem
1179 2283 1347 2327 habere
1381 2296 1476 2326 non
1517 2289 1720 2337 constat,
1760 2297 1924 2327 verum

145 2370 241 2410 tum
276 2381 330 2410 ωε
365 2380 464 2422 asu,
502 2370 601 2410 tum
634 2380 687 2410 eo
719 2366 824 2425 quia
858 2372 968 2412 sunt
1002 2367 1300 2412 authenticae
1338 2367 1615 2425 Pontificum
1655 2366 1923 2420 decretales,

141 2463 259 2508 quae
290 2449 470 2494 etiamsi
505 2449 550 2493 in
584 2449 854 2495 collectione
890 2465 980 2495 non
1017 2456 1172 2496 essent
1205 2465 1285 2509 per
1317 2465 1364 2495 se
1399 2451 1493 2494 vim
1530 2449 1639 2507 legis
1679 2450 1919 2503 haberent,

141 2536 499 2589 extravagantes
531 2534 624 2575 vim
658 2533 771 2589 leffl‘s
804 2532 975 2577 habere
996 2547 1089 2577 non
1108 2534 1369 2578 dubitatur.
1411 2532 1722 2576 Decretalz'bas
1756 2533 1925 2588 (ἐνεθο-

147 2616 208 2657 rii
238 2616 319 2667 IX,
357 2616 487 2658 Sexto
525 2614 860 2672 ΒυηίῙάοίαηο,
897 2622 938 2660 et
975 2617 1270 2660 Clen‘zente'nz's
1314 2619 1404 2660 uim
1438 2616 1635 2672 leyalem
1684 2614 1928 2672 Pontifices

145 2697 410 2741 tribuerunt
435 2698 463 2742 ¹.

241 2905 249 2924 ¹
279 2904 320 2940 ln
346 2914 502 2951 corpore
529 2906 617 2942 iuris
643 2906 826 2943 notandae
849 2912 936 2943 sunt
953 2908 1120 2943 rubricae
1148 2908 1361 2948 summaria,
1380 2913 1416 2944 et
1439 2907 1603 2944 Glossae.
1631 2907 1811 2943 Rubi-icae
1839 2909 1925 2942 sunt

146 2975 335 3013 titulorum
372 2977 656 3022 inscriptiones,
682 2987 776 3023 quae
815 2978 844 3014 si
882 2979 1100 3014 enunciatae
1127 2979 1202 3015 sint
1235 2989 1299 3025 per
1325 2979 1474 3015 modum
1496 2979 1691 3025 praecepti,
1719 2978 1793 3013 vim
1832 2977 1926 3022 legis

147 3046 284 3083 habent
310 3047 345 3083 in
372 3047 654 3085 collectionibus
680 3059 773 3095 quae
804 3055 891 3086 sunt
908 3060 929 3086 a
948 3049 1191 3086 Pontificibus
1211 3050 1261 3086 uti
1282 3049 1382 3095 leges
1408 3049 1644 3093 adprobatae.
1675 3048 1754 3084 Hoc
1782 3049 1818 3083 in
1837 3057 1924 3084 casu

1449 44 1454 54 l
1935 39 1942 45 ³
1982 46 1985 47 ν
2032 39 2048 55 ff
2085 41 2176 62 ‚⁷¹¹2
