2176 3386
884 677 1206 738 INDEX.

154 895 383 932 Pmammo.
409 896 527 933 Hmus
553 906 738 934 umnoms
763 906 875 934 nmo
900 906 1023 940 ATQUE
1050 906 1200 934 DICATIO
1221 926 1705 935 .........
1755 900 1842 946 Ραρ.
1917 911 1945 936 v

154 967 380 1004 Pnoonmum
406 977 720 1005 ANTacssossnrmm
747 978 955 1006 nnmonum
986 998 1769 1009 ..............
1820 984 1834 1003 »
1887 982 1946 1009 vn

957 1089 1084 1125 PARS
1111 1090 1138 1125 Ι.

850 1171 924 1214 DE
957 1171 1242 1214 PERSONIS.

153 1294 294 1331 LIBER
320 1294 347 1331 1.
375 1294 437 1332 De
464 1294 636 1333 clericis
687 1325 1770 1337 ...................
1822 1314 1836 1332 1³
1919 1301 1946 1338 2

151 1367 447 1404 Pnocmomsa.
483 1367 535 1404 De
563 1368 754 1414 potestatis
792 1369 1060 1406 iurisdictionis
1098 1369 1250 1406 notione
1276 1375 1310 1406 et
1337 1370 1519 1407 divisione
1553 1370 1671 1418 deque
1699 1372 1819 1409 modis

342 1438 478 1484 quibus
506 1439 772 1476 iurisdictionis
799 1445 960 1486 potestas
987 1441 1191 1487 acquiritur
1215 1440 1272 1478 vel
1299 1441 1479 1478 amittitur
1524 1470 1768 1479 .....
1821 1457 1835 1475 »
1891 1444 1942 1481 ib.

153 1509 353 1546 TITULUS
380 1509 407 1546 1.
433 1510 487 1546 De
514 1511 706 1556 potestatis
735 1512 1003 1549 iurisdictionis
1029 1513 1180 1549 notione
1207 1519 1242 1550 et
1269 1513 1452 1550 divisione
1521 1543 1528 1550 .
1580 1545 1586 1551 .
1639 1545 1645 1551 .
1702 1541 1708 1548 .
1764 1544 1770 1551 .
1823 1529 1837 1547 »
1891 1516 1942 1554 ib.

152 1580 352 1618 TITULUS
379 1581 422 1617 II.
456 1582 504 1617 De
525 1582 644 1619 modis
662 1583 799 1628 quibus
818 1583 947 1620 Clerici
968 1583 1164 1629 acquirunt
1183 1584 1474 1621 iurisdictionem
1493 1586 1797 1623 ecclesiasticam.
1822 1600 1837 1618 ›
1919 1587 1947 1624 5

154 1651 308 1689 CAPUT
336 1652 362 1688 1.
398 1653 452 1689 De
491 1654 610 1690 modis
637 1654 833 1692 ordinariis
869 1655 1005 1701 quibus
1036 1655 1166 1692 Clerici
1200 1656 1490 1693 ecclesiasticam
1527 1658 1820 1695 iurisdictionem

344 1726 539 1772 acquirunt
574 1753 1773 1768 .....................
1822 1744 1837 1763 ι
1892 1732 1947 1769 Π),

156 1796 368 1834 Αητιουιυε
395 1808 419 1834 1.
449 1798 643 1842 Quomodo
671 1800 748 1837 iure
775 1801 957 1838 canonico
985 1802 1142 1838 Romani
1167 1801 1358 1838 Pontificis
1382 1812 1537 1847 persona
1563 1802 1789 1849 designetur.
1819 1817 1833 1836 ι
1891 1805 1946 1842 ib.

154 1869 366 1907 Ammonos
392 1880 430 1907 11.
457 1871 652 1915 Quomodo
672 1872 865 1918 Episcopis
883 1882 926 1909 ac
942 1872 1024 1910 aliis
1047 1873 1224 1910 praelatis
1252 1873 1456 1911 iurisdictio
1480 1874 1734 1912 ecclesiastica
1759 1876 1821 1912 de-

342 1941 537 1979 mandetur
569 1969 1771 1984 .....................
1822 1961 1836 1979 ι
1898 1949 1948 1986 10

249 2017 263 2053 Ξ
291 2013 322 2049 1.
348 2032 369 2039 -
395 2014 447 2049 De
474 2013 664 2051 Electione
690 2043 1770 2055 ...................
1821 2033 1836 2052 ι
1890 2020 1947 2058 ih.

251 2089 265 2125 s
290 2085 322 2121 2.
351 2104 370 2111 -
398 2086 449 2122 De
476 2086 763 2132 particularibus
789 2087 1011 2132 quibusdam
1037 2088 1283 2126 electionibus
1287 2116 1772 2128 .........
1824 2105 1838 2123 »
1895 2092 1938 2129 41

249 2161 263 2198 Ξ
289 2158 322 2194 5.
350 2177 368 2183 -
397 2159 448 2194 De
475 2158 728 2196 postulatione
749 2188 1772 2199 ..................
1823 2177 1837 2195 »
1896 2164 1946 2200 45

247 2233 262 2268 Ξ
286 2228 320 2265 4.
346 2248 368 2255 -
394 2230 446 2266 De
472 2230 760 2268 confirmatione
811 2249 1837 2271 ..................
1895 2235 1948 2272 46

248 2306 262 2342 S
287 2301 322 2337 5.
349 2321 368 2327 -
397 2303 449 2338 De
476 2302 760 2339 Consecratione
813 2333 1772 2343 .................
1824 2319 1838 2338 »
1895 2307 1947 2344 47

155 2371 309 2410 CAPUT
340 2373 383 2410 ΙΙ.
410 2374 463 2410 De
482 2374 602 2411 modis
620 2375 921 2412 extraordinariis
939 2376 1154 2422 acquirendi
1174 2377 1467 2414 iurisdictionem
1493 2377 1797 2415 ecclesiasticam.
1826 2392 1839 2410 ι
1897 2378 1949 2416 48

155 2444 355 2482 TITULUS
382 2445 444 2482 111.
471 2447 523 2482 De
545 2446 664 2483 modis
685 2446 821 2493 quihus
835 2447 967 2485 Clerici
988 2447 1282 2485 iurisdictionem
1305 2448 1596 2486 ecclesiasticam
1610 2450 1794 2488 amittunt.
1823 2464 1837 2482 ι
1896 2451 1948 2488 50

155 2515 309 2553 CAPUT
336 2516 362 2552 l.
389 2517 441 2553 De
468 2517 588 2554 modis
615 2517 811 2554 ordinariis
837 2518 1062 2555 amittendae
1090 2519 1356 2556 iurisdictionis
1409 2548 1774 2557 .......
1824 2534 1838 2552 ι
1891 2521 1946 2558 ib.

159 2586 372 2624 Ammonos
399 2597 422 2623 1.
449 2588 502 2624 De
528 2588 822 2625 Renunciatione
867 2606 1837 2629 .................
1892 2593 1943 2630 ib.

155 2659 369 2697 An‘ricunus
395 2670 432 2697 11.
459 2660 512 2696 De
538 2660 794 2698 Translatione
810 2687 1774 2700 .................
1823 2676 1838 2695 ι
1895 2663 1946 2699 55

155 2731 369 2768 Αιιτιουιυε
394 2741 445 2768 111.
472 2732 524 2768 De
549 2732 828 2769 Permutatione
868 2758 1770 2771 ................
1821 2747 1835 2766 ι
1893 2734 1946 2771 55

155 2801 309 2840 CAPUT
328 2803 373 2839 11.
399 2803 451 2840 De
464 2804 584 2841 modis
599 2804 902 2842 extraordinariis
919 2805 1111 2841 amittendi
1125 2805 1414 2842 eeclesiasticam
1429 2804 1720 2842 iurisdictionem
1765 2833 1772 2841 .
1824 2819 1838 2837 »
1895 2806 1947 2843 56

153 2873 367 2912 An'rlcunus
392 2886 415 2912 1.
442 2876 493 2912 De
519 2876 760 2923 Depositione
786 2880 822 2912 et
847 2877 1118 2923 Degradatione
1170 2901 1774 2914 ...........
1823 2889 1837 2908 »
1892 2877 1943 2914 ib.

155 2945 210 2982 Dr.
235 2945 404 2984 Cnnmcis
451 2975 460 2986 .
493 2978 496 2980 ,
511 2973 1772 2985 ......................
1823 2961 1837 2979 »
1894 2947 1947 2984 58

153 3017 320 3055 SECTlO
347 3018 374 3054 Ι.
400 3019 454 3055 De
480 3018 656 3065 gradibus
689 3019 882 3064 potestatis
914 3018 1180 3057 iurisdictionis
1212 3019 1251 3055 in
1284 3019 1454 3065 personis
1486 3018 1690 3056 individuis
1715 3028 1821 3056 exer-

345 3089 484 3126 cendae
513 3116 1770 3127 ......................
1821 3102 1835 3121 »
1893 3087 1945 3126 59
