2176 3386
549 0 557 9 ¹
591 3 596 12 ⁴
665 0 683 6 “’
706 0 785 23 ,rw
800 0 1092 27 ,¹75³'‚‡,*0'‹.¹,·‘2*;:‘·7»3·r
1111 0 1196 26 ''Fr-n
1214 2 1265 34 «7
1287 14 1299 26 ,.
1335 10 1359 19 ..,,
1415 20 1427 35 m
1535 13 1559 27 s
1586 12 1594 36 ἐ
1617 13 1631 18 ,,

226 193 308 233 214
896 201 1007 230 PARS
1035 202 1075 230 11.
1113 201 1170 230 DE
1200 200 1338 230 Rssssus

347 313 388 370 5)
425 314 482 356 Ut
513 311 623 357 unio
655 311 777 356 inter
822 313 980 355 virum
1013 321 1056 355 et
1087 310 1333 355 mulierem
1375 310 1586 367 liguram
1626 308 1795 354 habeat
1841 311 2004 354 matri-

228 398 377 440 monii
405 398 488 440 etsi
520 402 662 440 matr.
698 394 845 452 fuerit
876 393 1062 438 nullum
1085 393 1137 437 ob
1161 392 1542 450 impedimentum
1576 392 1805 437 dirimens
1815 411 1831 446 ,·
1865 405 2005 452 quare

227 479 338 524 unio
371 478 708 523 concubinatus
740 491 834 522 non
860 481 1007 535 potest
1029 476 1077 520 in
1100 468 1302 521 radicem
1334 475 1504 531 sanari,
1539 476 1615 520 sed
1650 479 1840 520 sanatur
1863 477 1999 520 matr.

227 561 520 618 clandestin.,
555 565 602 605 et
634 560 775 606 etiam
807 574 866 605 ex
898 559 1026 618 gravi
1060 572 1197 604 causa
1224 558 1580 619 vmatrimonium
1629 558 1763 603 civile
1797 557 1872 602 ubi
1905 571 2006 616 pro-

229 644 485 703 mulgatum
518 648 588 688 est
618 643 856 688 decretum
889 642 1007 687 Trid.
1045 643 1100 686 de
1133 640 1518 687 clandestinitate.

346 728 389 785 4)
434 730 486 771 Ut
520 733 687 783 urqeat
732 739 877 771 causa
923 727 1086 783 yravis
1132 727 1202 768 uti
1230 727 1271 769 si
1298 725 1460 782 plures
1508 727 1817 770 matrimonia
1863 725 2006 768 irrita

228 815 564 857 contraxerunt
595 825 710 870 quae
742 812 843 854 sine
873 810 1098 854 scandalo
1132 809 1377 853 revalidari
1411 813 1648 868 nequeunt
1694 823 1774 868 per
1805 808 2006 853 iteratio·

232 912 336 942 nem
372 909 624 942 consensus
656 895 893 940 communi
928 895 1105 939 ratione
1138 894 1401 940 faciendum
1451 896 1488 951 1)
1524 897 1565 939 si
1591 895 1744 952 proles
1772 897 1830 939 sit
1861 894 2007 951 leyiti-

230 982 426 1036 manda,
477 982 518 1037 2)
554 983 595 1024 si
624 980 1009 1037 impedimentum
1041 981 1098 1022 sit
1137 979 1358 1023 alterutri
1403 981 1594 1035 coniugJi
1638 981 1849 1036 iynotum
1882 984 1922 1022 et
1955 980 2007 1022 ti-

231 1070 418 1109 meatur
460 1078 518 1107 ne
560 1064 634 1107 ille
666 1066 836 1107 certior
869 1062 1024 1119 s'actus
1056 1063 1111 1106 de
1145 1062 1471 1118 impedimento
1520 1077 1690 1107 novum
1734 1076 2007 1106 consensum

229 1148 347 1192 dare
379 1154 576 1202 recuset,
624 1147 672 1205 5)
704 1147 774 1190 vel
808 1160 836 1190 a
872 1148 1173 1190 matrimonio
1215 1146 1417 1200 resiliat,
1468 1135 1519 1201 4).
1546 1147 1586 1189 si
1618 1151 1808 1203 uterque
1839 1147 2010 1189 conium

229 1236 292 1274 est
323 1232 374 1274 in
408 1231 528 1275 bona
560 1230 651 1288 side
682 1236 723 1274 et
757 1242 931 1286 urgens
961 1230 1019 1272 sit
1052 1231 1271 1272 motivum
1307 1243 1378 1272 eos
1410 1242 1505 1272 non
1535 1227 1758 1271 monendi
1787 1228 1843 1271 de
1869 1227 2008 1271 nulli·

231 1320 324 1359 tate
359 1315 667 1358 matrimonii.

353 1396 479 1441 1087.
523 1396 718 1455 Effectus
747 1397 1012 1440 sanationis
1033 1397 1084 1438 in
1114 1394 1275 1439 radice
1305 1400 1414 1438 sunt
1446 1396 1486 1450 a)
1514 1394 1736 1439 validitas
1768 1395 2008 1439 matrimo-

231 1483 315 1535 nii,
367 1480 409 1534 h)
447 1480 720 1536 legitimatio
761 1477 922 1534 prolis.
971 1476 1156 1521 Sanatio
1192 1476 1235 1520 in
1271 1477 1423 1521 radice
1455 1476 1652 1520 obtineri
1687 1481 1835 1535 potest
1867 1475 2007 1521 etiam

230 1562 500 1619 coniugibus
535 1560 838 1619 praesumptis
872 1558 1176 1617 praemortuis
1208 1558 1263 1602 ad
1297 1558 1658 1616 leqitimandam
1687 1558 1884 1615 prolem.

357 1645 479 1689 1088.
518 1642 703 1687 Sanatio
726 1642 771 1686 in
799 1642 950 1687 radice
982 1644 1240 1686 emecutioni
1261 1642 1527 1686 mandatur
1548 1655 1596 1685 eo
1620 1641 1752 1685 modo
1774 1655 1860 1700 quo
1884 1641 2009 1686 aliae

229 1730 617 1786 dispensationes,
652 1728 848 1770 servatis
881 1726 1150 1770 litterarum
1185 1726 1544 1782 dispensationis
1580 1724 1818 1768 clausulis.
1871 1727 1928 1768 At
1972 1723 2008 1769 si

231 1814 345 1857 data
379 1810 526 1868 fuerit
555 1813 605 1854 in
641 1811 943 1854 matrimonio
967 1822 1062 1852 non
1085 1810 1198 1852 inito
1231 1810 1282 1851 in
1318 1806 1475 1863 forma
1503 1809 1796 1862 Tridentina,
1834 1809 1882 1850 in
1907 1805 2008 1863 foro

229 1898 432 1950 interno,
470 1895 826 1945 matrimonium
861 1892 1135 1936 inscribitur
1171 1894 1294 1935 inter
1328 1893 1636 1936 matrimonia
1667 1897 1857 1935 secreta.

356 1978 481 2022 1089.
522 1981 586 2021 Ex
620 1975 689 2021 his
721 1980 908 2033 apparet
955 1975 1183 2034 quomodo
1229 1979 1415 2019 sanatio
1454 1976 1502 2017 in
1537 1974 1698 2019 radice
1743 1972 1923 2018 differat
1955 1974 2011 2017 ab

232 2063 331 2106 aliis
364 2061 510 2106 modis
542 2059 705 2119 quibus
738 2058 1036 2104 revalidatur
1070 2059 1429 2102 matrimonium
1464 2056 1668 2101 nullum.

355 2145 535 2188 Etenim
584 2141 934 2187 matrimonium
984 2139 1237 2184 invalidum
1287 2152 1384 2184 esse
1432 2143 1581 2198 potest
1627 2140 1665 2196 1)
1698 2139 1749 2183 ob
1781 2137 2009 2195 defectum

231 2241 479 2273 consensus
523 2225 856 2279 substantialis,
909 2225 951 2280 2)
976 2224 1027 2267 ob
1065 2222 1295 2280 desectum
1345 2221 1530 2279 formae
1564 2223 1900 2279 praescriptae,
1939 2220 2010 2264 vel

236 2313 278 2370 5)
312 2312 363 2356 ob
395 2310 737 2356 inhabilitatem
768 2310 999 2366 partium.

354 2399 403 2439 ln
439 2395 486 2440 1⁰
513 2407 621 2438 casu
652 2394 841 2437 sanatio
874 2394 923 2435 in
947 2391 1107 2434 radice
1139 2389 1328 2434 concedi
1354 2403 1444 2434 non
1472 2392 1620 2447 potest
1651 2402 1801 2448 neque
1831 2388 2010 2446 dispen-

232 2479 348 2525 satio
381 2478 447 2522 uti
474 2476 688 2531 vidimus,
713 2475 791 2520 sed
814 2473 1164 2519 matrimonium
1189 2473 1471 2517 revalidatur
1495 2487 1573 2532 per
1594 2471 1847 2530 simplicem
1872 2471 2011 2529 ipsius

231 2575 483 2609 consensus
516 2559 884 2605 renovationem.

351 2647 400 2688 In
436 2644 484 2687 2⁰
517 2655 624 2686 casu
658 2641 694 2686 si
729 2644 863 2685 matr.
900 2644 970 2685 est
1003 2638 1181 2683 nullum
1214 2639 1265 2683 ob
1297 2638 1528 2695 defectum
1561 2637 1747 2695 formae
1782 2636 2011 2681 Tridenti-

233 2740 339 2782 nae,
372 2728 559 2771 sanatio
588 2726 640 2768 in
663 2724 823 2769 radice
855 2720 1139 2778 conceditur,
1172 2734 1278 2767 cum
1311 2720 1487 2765 nullum
1522 2719 1790 2765 scandalum
1822 2718 2014 2763 timetur

232 2815 370 2869 atque
403 2822 494 2853 una
529 2821 633 2866 pars
669 2807 820 2852 renuit
852 2818 1130 2851 consensum
1164 2817 1391 2849 renovare
1423 2807 1470 2848 et
1501 2803 1669 2848 vitium
1718 2799 2011 2847 clandestini·

231 2898 340 2943 tatis
370 2898 597 2942 occultum
632 2900 715 2941 est.
762 2893 872 2941 Aliis
905 2894 951 2939 in
985 2893 1190 2948 casibus,
1226 2892 1312 2938 nisi
1345 2891 1641 2951 dispensatio·
1662 2891 1926 2936 obtineatur
1955 2891 2012 2934 ab

236 2981 490 3040 Apostolica
515 2979 643 3035 Sede,
671 2976 1020 3024 matrimonium
1055 2975 1350 3032 revalidatur,
1375 2975 1485 3020 illud
1505 2986 1664 3020 rursus
1695 2971 2012 3019 contrahendo
