2176 3386
169 151 256 194 346
820 164 930 193 PARS
960 165 987 192 1.
1019 165 1077 193 DE
1106 164 1316 193 PEnsoms

177 273 332 331 porale
365 272 410 317 in
445 274 581 318 alcun
614 273 748 332 luogo
782 272 838 317 ne
872 272 915 317 di
950 277 1109 318 tenere
1145 272 1348 318 maniere
1381 272 1586 318 violente
1609 287 1636 319 o
1658 272 1858 329 insolite,
1885 286 1960 318 ma

170 355 200 399 e
232 355 276 400 di
310 355 550 400 attendere
585 370 663 414 per
696 355 770 401 vie
803 355 931 400 soavi
956 369 980 400 e
1006 355 1137 413 piene
1158 355 1202 399 di
1226 355 1370 401 carita
1393 357 1478 400 che
1501 368 1614 401 sono
1637 355 1816 415 proprie
1838 355 1956 400 dello

174 439 344 498 Spirito
378 442 517 484 Santo
548 440 632 485 alla
668 439 971 484 conversione
1004 437 1119 496 degli
1154 438 1338 483 infedeli
1389 437 1664 496 predicando
1716 452 1796 483 ora
1842 437 1960 483 inse·

173 522 360 580 gnando
394 536 418 566 e
450 522 724 580 disputando
756 536 780 566 e
813 535 890 566 ora
915 521 1244 576 ammonendo,
1269 521 1514 566 esortando
1536 535 1561 566 e
1596 521 1825 579 pregando
1831 555 1954 566 .......

173 607 262 650 che
298 606 404 663 pero
436 604 470 650 si
508 620 586 664 per
620 605 657 649 la
692 609 871 662 esposta
907 605 1140 659 massima‚
1175 603 1210 648 si
1247 604 1315 663 pel
1348 618 1477 650 sacro
1509 609 1735 650 carattere
1778 604 1849 650 del
1890 617 1958 650 sa-

173 689 379 744 cerdote,
415 688 450 733 si
485 703 564 746 per
595 689 634 732 le
669 687 783 746 leggi
832 686 1188 742 ecclesiastiche‚
1233 687 1268 731 si
1313 702 1392 746 per
1439 689 1479 732 la
1526 701 1636 746 poca
1681 687 1881 732 idoneita
1914 686 1958 732 di

174 771 283 832 quei
317 771 500 830 parochi
534 784 559 815 a
593 770 824 829 giudicare
869 774 1146 815 rettamente
1194 770 1217 815 e
1262 774 1380 815 stata
1430 770 1646 815 d’avviso
1678 771 1719 816 la
1754 774 1794 816 S.
1832 774 1877 817 C.
1914 770 1958 815 di

180 855 356 900 vietare
388 855 430 899 di
469 854 726 899 mescolarsi
762 854 879 898 nelle
911 853 1138 912 questioni
1173 852 1315 908 civili,
1352 857 1520 898 tranne
1555 853 1565 898 i
1606 853 1698 898 casi
1745 852 1789 898 di
1842 851 1955 898 ami-

174 937 357 983 chevoli
392 936 718 995 c01up1·omessi
753 938 793 981 ai
826 936 947 995 quali
982 936 1116 980 ambe
1150 936 1188 980 le
1224 935 1340 994 parti
1374 935 1410 980 si
1443 935 1684 994 obbligano
1717 950 1740 980 a
1765 935 1961 980 deferire

176 1020 433 1065 solamente
466 1021 506 1064 al
540 1020 734 1078 giudizio
766 1019 1142 1064 arbitramentale
1165 1019 1235 1064 del
1261 1033 1448 1077 parroco
1471 1033 1497 1064 o
1520 1019 1562 1064 di
1586 1020 1703 1064 altro
1726 1019 1961 1064 sacerdote

175 1104 235 1149 da
260 1108 310 1147 V.
339 1107 380 1149 S.
408 1103 645 1161 designato
672 1122 690 1141 n
715 1103 744 1147 ¹.
787 1106 837 1146 Et
870 1101 917 1146 in
953 1101 1258 1147 instructione
1290 1101 1497 1146 eiusdem
1520 1104 1562 1146 S.
1589 1100 1964 1159 Congregationis

176 1187 289 1233 anni
330 1187 438 1232 1845
472 1187 525 1231 de
559 1187 680 1231 clero
714 1186 929 1243 indigeno
963 1188 1005 1229 S.
1040 1184 1340 1242 Congregatio
1372 1184 1457 1230 sub
1490 1198 1535 1228 n.
1573 1185 1597 1228 7
1634 1197 1790 1229 rursus
1813 1184 1956 1228 incul-

176 1276 255 1316 cat
286 1271 404 1330 quod
440 1270 528 1315 iam
565 1268 823 1314 Alexander
865 1270 941 1312 Vlt
989 1268 1032 1312 iu
1077 1267 1412 1312 Constitutione
1458 1286 1478 1308 u
1505 1269 1804 1320 Sacrosancti
1853 1273 1962 1324 Apo·

176 1355 370 1399 stolatus
398 1353 545 1412 Officii
564 1372 582 1391 n
612 1351 1062 1397 monueratluduum
1089 1350 1310 1409 parochos
1333 1354 1384 1394 ut
1406 1364 1572 1408 nempe
1589 1349 1854 1394 abstineant
1872 1348 1961 1394 ullo

176 1451 226 1483 se
262 1438 394 1482 modo
428 1437 634 1493 ingerere
669 1435 715 1479 in
751 1438 884 1479 rebus
920 1434 1234 1492 spectantibus
1266 1434 1322 1478 ad
1365 1433 1567 1492 politiam
1616 1433 1900 1477 saecularem
1924 1432 1956 1476 ².

177 1527 306 1576 Quae
346 1521 521 1566 monita
560 1521 719 1565 eadem
764 1522 803 1564 S.
850 1519 1149 1577 Congregatio
1196 1518 1284 1563 iam
1328 1517 1516 1563 dederat
1549 1517 1593 1561 in
1642 1531 1721 1562 sua
1771 1515 1960 1574 epistola

177 1605 290 1650 anni
330 1606 440 1650 1659
474 1604 529 1649 ad
556 1603 758 1648 Vicarios
779 1602 1056 1660 Apostolicos
1078 1616 1136 1646 ex
1155 1602 1318 1646 Societ.
1359 1600 1630 1645 Missionum
1647 1599 1702 1644 ad
1718 1603 1902 1644 exteros
1924 1598 1956 1644 ⁸.

300 1687 555 1734 Concilium
590 1690 759 1746 pariter
794 1686 1120 1731 Baltimorense
1155 1688 1211 1730 111
1246 1688 1404 1729 monet
1436 1688 1486 1727 ut
1507 1697 1532 1728 a
1556 1681 1856 1728 discutiendis
1880 1695 1958 1740 pu-

178 1771 292 1817 blice
328 1772 461 1816 rebus
495 1771 691 1830 politicis
723 1775 803 1816 aut
837 1784 960 1815 mere
984 1769 1293 1814 saecularibus
1317 1773 1416 1812 tum
1439 1772 1571 1812 extra
1594 1766 1835 1812 ecclesiam
1861 1771 1959 1810 tum

181 1855 325 1900 multo
361 1854 504 1913 magis
538 1855 582 1899 in
618 1854 712 1913 ipsa
744 1856 1004 1900 sacerdotes
1037 1853 1193 1898 sedulo
1225 1851 1491 1896 abstineant
1513 1851 1546 1896 ⁴.

299 1940 402 1984 459.
440 1939 707 1983 Sacerdotes
737 1937 814 1997 qui
839 1939 978 1982 latam
1002 1937 1147 1994 legem
1172 1950 1264 1980 non
1289 1935 1542 1981 servabunt
1564 1934 1673 1980 olim
1697 1947 1964 1986 excommu-

182 2022 433 2077 nicatione,
471 2036 599 2081 praei
618 2022 655 2065 ia
693 2020 811 2066 trina
847 2020 1099 2066 monitione
1138 2019 1210 2064 vel
1245 2033 1336 2063 una
1373 2032 1450 2077 pro
1475 2017 1618 2062 tribus
1639 2017 1747 2062 olim
1772 2020 1962 2071 statuta,

181 2105 278 2163 ipso
313 2105 408 2150 iure
443 2105 719 2149 incurrenda
754 2104 1064 2163 puniebantur
1088 2104 1118 2148 ³.
1156 2102 1299 2147 Hodie
1335 2116 1444 2147 vero
1479 2115 1623 2160 poena
1656 2100 1845 2146 arbitrio
1882 2104 1964 2146 Ro-

180 2188 308 2233 mani
346 2187 575 2233 Pontificis
607 2187 756 2247 quoad
793 2188 1049 2246 Episcopos,
1099 2186 1286 2231 arbitrio
1333 2184 1535 2243 Episcopi
1583 2183 1729 2242 quoad
1774 2182 1965 2228 clericos

182 2271 438 2317 remittitur
461 2271 491 2315 ⁶.

303 2356 404 2399 440.
443 2358 490 2398 lu
526 2354 666 2399 citata
702 2367 811 2398 vero
844 2353 1149 2398 instructione
1188 2354 1228 2397 S.
1258 2350 1631 2408 congregationis
1676 2355 1805 2409 Prop.
1842 2349 1965 2394 Fidei

178 2438 293 2484 anni
318 2439 428 2484 1659
448 2438 647 2493 iubetur,
670 2437 791 2482 nulla
809 2434 1077 2494 interposita
1102 2449 1227 2480 mora
1246 2449 1303 2479 ex
1325 2433 1618 2479 missionibus
1639 2433 1808 2478 dimitti
1827 2436 1966 2492 atque

176 2522 346 2580 expelli
380 2520 692 2567 missionarios
739 2518 903 2564 debere
950 2517 1027 2577 qui
1075 2516 1334 2576 huiusmodi
1389 2516 1521 2561 rebus
1571 2529 1619 2561 se
1667 2513 1957 2573 ingesserint.

305 2672 312 2690 ¹
334 2671 485 2708 Collect.
515 2681 552 2706 n.
576 2670 657 2707 198.

303 2743 315 2761 ’
337 2743 486 2780 Collect.
510 2752 547 2778 n.
568 2741 651 2778 228.

300 2813 315 2833 ³
333 2813 485 2850 Collect.
505 2823 541 2849 u.
563 2813 646 2850 500.

300 2885 316 2905 ⁶
334 2885 448 2923 Cone.
468 2885 656 2922 Baltimor.
675 2894 712 2920 n.
740 2883 800 2921 85.

303 2958 315 2977 ³
334 2958 421 3004 Cap.
441 2957 464 2994 5
481 2957 534 2993 Ne
554 2956 685 2994 Clerici
706 2955 763 2993 vel
784 2954 974 2992 Monachi.

298 3028 315 3048 ⁴
333 3029 387 3066 Cr.
409 3029 543 3066 Suarez
570 3028 614 3065 de
641 3027 820 3071 censuris,
836 3026 975 3072 disput.
993 3024 1051 3069 25,
1069 3028 1160 3061 sect.
1180 3023 1212 3067 5,
1231 3033 1270 3060 n.
1289 3022 1348 3059 22.
