2176 3386
894 0 898 1 ⁷
940 0 959 9 x

251 141 302 181 70
892 156 1003 185 PARS
1031 135 1055 185 i.
1092 158 1148 185 DE
1177 158 1388 211 Pizusprus

251 274 308 305 ex
341 260 484 305 altera
519 275 575 305 ex
609 263 976 321 promulgatione
1012 269 1180 310 Romae
1215 268 1334 311 facta
1374 268 1484 312 satis
1517 268 1652 314 facile
1683 274 1753 315 est
1786 276 1837 315 ut
1867 286 2030 318 omnes

250 343 403 388 fideles
436 344 482 388 in
517 346 666 403 legum
700 346 1011 404 cognitionem
1036 348 1306 406 dexeiiiant,
1333 355 1513 396 attento
1533 353 1800 410 praesertim
1824 355 2029 401 humano

249 427 528 472 commercio
563 429 682 472 inter
717 430 878 474 Urbem
913 435 957 474 et
990 431 1184 489 Orbem3
1231 434 1351 492 quod
1387 439 1569 479 constat
1601 450 1656 480 ex
1702 439 1847 494 l'act0;
1885 438 1946 483 ita
1977 443 2030 484 ut

249 509 333 554 dici
372 513 510 569 possit
541 526 647 556 cum
681 512 933 557 clarissimo
968 515 1098 558 Potiti
1123 516 1134 538 ¹
1179 535 1197 555 a
1227 517 1358 574 longe
1397 517 1575 562 facilius
1607 532 1704 564 esse
1737 521 2027 566 constitutio-

248 606 359 636 num
383 608 499 652 quae
537 598 703 639 Romae
745 595 961 650 eduntur,
1010 599 1320 655 cognitionem
1365 613 1543 658 capere,
1579 615 1716 660 quam
1768 607 2024 648 Romanum

247 678 513 723 Pontificem
549 692 624 723 eas
658 684 750 723 tam
786 680 918 737 longa
956 686 1048 725 tam
1082 681 1269 738 difficili,
1301 689 1391 728 tam
1419 685 1637 744 impedita
1663 688 2032 746 promulgatione

246 774 432 818 erogare
460 782 497 805 η.

366 848 533 890 Verum
558 846 736 890 etiamsi
763 861 820 890 ex
846 849 1212 906 promulgatione
1238 854 1408 896 Romae
1434 854 1552 898 facta
1581 855 1653 898 16)(
1690 854 1733 898 iu
1769 868 1850 900 sua
1873 869 2024 900 essen-

245 928 306 971 tia
341 930 667 983 constituatur,
693 930 752 973 ita
780 935 829 973 nt
850 930 938 975 dici
965 932 1103 989 possit
1128 934 1265 977 talem
1293 936 1438 992 legem
1463 937 1677 993 existere,
1705 943 1860 982 tamen
1887 953 2023 983 nemo

242 1011 354 1055 adeo
397 1012 577 1070 ineptus
610 1013 785 1071 estqui
822 1019 950 1071 putet
991 1016 1109 1073 leges
1156 1018 1522 1074 ecclesiasticas,
1558 1020 1712 1064 statim
1759 1035 1811 1065 ac
1857 1025 2025 1066 Romae

242 1097 554 1152 promulgatae
589 1096 681 1140 sint
718 1111 879 1141 omues
915 1098 1114 1155 obligare
1147 1105 1193 1143 et
1225 1099 1301 1159 qui
1340 1101 1519 1146 dissitas
1559 1103 1766 1147 incolunt
1799 1103 2019 1157 regiones.

243 1178 372 1222 Aliud
396 1184 460 1223 est
484 1179 625 1236 legem
649 1182 832 1224 ratione
852 1184 927 1225 sai
950 1196 1078 1239 posse
1102 1197 1263 1227 omues
1291 1185 1506 1242 obligare,
1532 1187 1651 1230 aliud
1677 1201 1842 1232 revera
1865 1201 2024 1230 omnes

241 1261 474 1317 obliywe:
509 1262 564 1306 ad
599 1263 683 1306 hoc
717 1264 971 1308 secundum
1008 1267 1258 1325 requiritur
1283 1269 1352 1312 xel
1377 1271 1573 1314 sciencia
1606 1270 1719 1325 leyts-
1746 1270 2021 1327 promulya-

240 1349 326 1389 tae,
364 1345 432 1387 vel
463 1346 623 1389 sallem
660 1348 939 1402 mmmmm
972 1349 1217 1405 culpabilis
1248 1364 1364 1408 quae
1398 1350 1443 1394 in
1482 1352 1576 1396 iure
1613 1355 1832 1397 scientiae
1865 1356 2020 1411 aequi-

235 1428 493 1482 paratur?
532 1434 744 1473 Ceterum
781 1430 914 1475 liuius
939 1433 1317 1490 promulgationis
1353 1435 1422 1478 tis
1459 1440 1527 1479 est
1561 1440 1610 1478 ut
1637 1438 2019 1493 iarispmesmn-

234 1513 437 1566 ptionem
474 1513 670 1556 inducat
705 1514 736 1567 ³,
775 1514 834 1558 ita
870 1519 919 1557 ut
952 1523 1273 1572 praesumatur
1305 1531 1466 1562 omnes
1508 1518 1627 1575 leges
1658 1519 1898 1576 agnovisse
1933 1518 2019 1564 nisi

238 1596 520 1639 contrarium
565 1597 780 1653 probetur
812 1598 842 1641 ⁶.
894 1604 1019 1652 Quae
1052 1600 1173 1644 dicta
1209 1600 1302 1644 siut
1337 1603 1476 1646 etiam
1511 1608 1671 1648 contra
1717 1605 2016 1659 lansenistas,

235 1677 493 1722 Gallicanos
526 1679 726 1738 aliosque
751 1680 795 1724 in
821 1681 1011 1739 singulis
1046 1684 1295 1742 provinciis
1322 1686 1735 1743 promulgationem
1763 1686 2015 1744 exigentes.

358 1765 444 1806 Lex
481 1764 702 1807 canonica
735 1767 892 1809 statim
927 1780 1006 1823 per
1037 1780 1084 1811 se
1117 1768 1315 1825 obligare
1350 1768 1510 1826 incipit
1543 1784 1594 1814 ac
1631 1771 1913 1828 promulgata
1947 1775 2015 1814 est

236 1843 320 1887 nisi
359 1845 492 1889 aliter
527 1850 575 1889 R.
623 1847 864 1892 Poutilices
906 1852 1170 1895 statuerint.
1217 1858 1367 1905 Quare
1408 1868 1498 1897 non
1536 1853 1721 1897 x‘idetur
1754 1853 2018 1911 accipienda

233 1928 462 1972 sententia
487 1943 646 1973 eorum
674 1931 703 1985 ⁵,
739 1932 814 1990 qui
849 1932 1011 1977 dicunt
1046 1934 1113 1978 ius
1146 1935 1423 1980 canonicum
1449 1936 1533 1980 hac
1568 1936 1613 1980 in
1648 1950 1694 1980 re
1728 1939 1849 1980 iur‘t's
1870 1937 2017 1980 civilis

355 2091 359 2107 ¹
392 2091 483 2127 Iurts
510 2093 597 2128 6661.
628 2095 725 2131 univ.
755 2100 842 2130 tom.
871 2095 901 2139 1,
931 2106 1091 2141 prooem.
1118 2109 1149 2135 6.
1176 2097 1209 2133 5.

352 2163 363 2180 ⁴²
391 2164 431 2198 D.
459 2165 587 2202 Tuom.
615 2166 659 2201 «16
688 2167 800 2203 Yet-it.
831 2168 933 2204 17-5.

350 2234 361 2253 ³
389 2235 625 2273 Innocentius
654 2237 683 2274 1.
712 2239 756 2274 ad
785 2240 1027 2285 Exsuperium
1048 2241 1273 2288 Episcopum
1294 2243 1415 2279 Totos.
1442 2253 1521 2280 can.
1549 2243 1581 2287 2,
1608 2243 1690 2279 dist.
1709 2243 1765 2288 82,
1793 2244 1829 2279 in
1855 2244 2013 2280 decreto.

349 2305 362 2324 δ
390 2306 509 2349 Quare
545 2309 682 2353 optime
709 2310 1013 2355 distinguendum
1045 2318 1102 2349 est
1133 2324 1216 2350 oum
1244 2315 1276 2350 (1.
1306 2315 1477 2351 Alcnxan
1505 2315 1527 2350 1.
1554 2326 1585 2351 c.
1624 2316 1715 2351 inter
1744 2316 2013 2362 promulgatio-

228 2386 305 2412 nem
336 2381 370 2413 et
396 2379 657 2424 evulyationem
684 2379 788 2425 legis.
820 2381 1074 2428 promulgatio
1102 2389 1155 2420 est
1183 2389 1288 2421 actus
1316 2385 1447 2430 legalis
1473 2395 1545 2431 quo
1572 2385 1630 2421 16)(
1665 2386 1921 2423 communitati
1954 2386 2014 2423 de-

229 2448 440 2490 nunciatum
477 2450 522 2485 ad
549 2451 811 2496 eveilyationem
839 2462 924 2488 vero
953 2454 1138 2498 pertinent
1166 2455 1276 2498 modi,
1297 2459 1330 2492 et
1359 2455 1482 2492 media
1510 2456 1644 2501 quibus
1671 2456 1729 2492 16)(
1755 2457 1826 2492 iam
1855 2456 2013 2502 promul-

228 2526 312 2565 gata
339 2521 375 2556 in
396 2521 628 2567 singulorum
657 2523 824 2559 notitiam
848 2525 1068 2569 perducitur.

345 2593 358 2612 ⁵
384 2593 434 2629 uf.
462 2594 703 2631 D’Axnnmw
732 2605 811 2641 pag.
841 2596 918 2638 195,
939 2597 1008 2632 vol.
1038 2598 1067 2639 1,
1095 2599 1157 2644 qui
1187 2604 1384 2644 postquam
1414 2599 1578 2636 diversas
1605 2599 1807 2635 sententias
1837 2599 2010 2642 retulerit,

226 2662 327 2699 iuxta
353 2664 517 2699 omnium
545 2664 618 2699 DD.
645 2666 864 2701 sententiam
904 2671 1039 2704 statuta
1078 2668 1298 2705 dioecesana
1332 2669 1509 2715 postridie
1543 2669 1712 2715 obligare
1740 2670 2009 2706 animadvertit.

227 2735 377 2772 Ram-F.
405 2736 430 2779 Ι,
449 2735 481 2772 2.
500 2735 576 2771 112.
604 2736 741 2773 Bened.
762 2738 858 2781 xlv,
876 2738 920 2775 de
940 2739 1026 2785 Syn.
1054 2740 1154 2783 XIII,
1173 2740 1229 2783 42,
1251 2740 1331 2778 191.
1358 2750 1405 2777 6)(
1425 2741 1502 2778 iure
1529 2741 1627 2777 civili
1647 2742 1686 2777 L.
1705 2740 1750 2777 25
1775 2741 1819 2777 de
1846 2741 1902 2776 rit.
1921 2750 2008 2786 nup.

226 2808 484 2854 interpretatur
509 2819 588 2854 cap.
608 2809 629 2844 8
655 2809 698 2845 (16
726 2811 969 2856 consanguin.
997 2811 1089 2847 Nam
1111 2812 1166 2848 ius
1186 2813 1408 2849 canonicum
1438 2814 1474 2848 in
1503 2813 1571 2849 hoc
1590 2814 1709 2856 capite
1729 2812 1898 2858 prohibet
1923 2821 2011 2858 quo·

223 2879 345 2916 minus
374 2879 468 2915 ultra
493 2879 514 2914 [ι
541 2880 694 2925 gradum
723 2880 959 2926 prohibeatur
988 2883 1282 2919 matrimonium:
1310 2887 1347 2919 at
1370 2883 1408 2919 in
1427 2883 1524 2919 linea
1543 2887 1641 2920 recta
1657 2893 1702 2920 ex
1721 2882 1782 2919 cit.
1801 2882 1880 2928 lege
1907 2882 2007 2919 etvili

226 2952 485 2997 interpretatur
510 2957 544 2988 et
572 2953 628 2989 ius
654 2953 874 2989 canonicum
903 2953 1097 2998 prohibere
1131 2955 1166 2990 in
1194 2954 1390 2992 infinitum.
1418 2955 1577 2991 Nomine
1603 2959 1727 2991 autem
1752 2954 1946 2998 eiusmodi,
1971 2960 2008 2990 et

224 3023 345 3060 media
370 3023 506 3069 quibus
535 3024 593 3060 lex
621 3023 691 3060 iam
722 3024 952 3069 promulgata
978 3025 1015 3060 in
1043 3024 1273 3070 singulorum
1302 3026 1472 3061 notitiam
1499 3026 1723 3072 producitur.
