2176 3386
822 227 953 256 LIBER
981 227 1006 255 1.
1035 226 1094 256 DE
1122 225 1315 257 cra-:mels
1839 216 1842 218 ’
1886 212 1966 252 237

257 335 310 383 ,4.
346 337 441 380 Nec
473 337 683 393 posmnt,
717 332 979 378 inconsulta
1013 330 1126 377 Sede
1160 330 1360 389 Apostol.
1397 328 1613 375 omnibus
1649 328 1788 374 simul
1829 327 1968 382 unius

180 421 442 462 conventus
473 415 781 472 confessariis,
817 415 909 460 iam
941 429 968 460 a
1001 428 1066 470 se,
1104 415 1172 459 vel
1207 428 1233 459 a
1265 413 1360 458 suis
1397 412 1766 458 antecessoribus
1806 425 1966 471 appro-

177 499 318 556 batis,
359 499 563 544 adimere
605 499 873 544 facultatem
915 497 1131 543 audiendi
1179 495 1493 542 confessiones
1541 514 1561 536 a
1587 495 1670 540 vix
1704 494 1829 540 enim
1868 494 1966 539 lieri

179 587 329 642 potest
360 589 410 628 ut
442 584 555 629 haec
587 584 687 628 sine
720 582 940 628 scandalo
973 595 1230 641 magnaque
1262 581 1528 625 animarum
1556 579 1758 637 pernicie
1786 579 1968 625 contin-

177 673 288 726 gant
312 685 332 707 n
361 668 391 724 ¹;
427 667 535 712 licet
566 681 623 712 ex
660 665 921 712 rationabili
966 678 1104 711 causa
1137 664 1313 724 aliquos
1354 663 1632 721 suspendere
1675 663 1741 708 eis
1773 663 1910 707 liceat
1932 662 1965 707 ².

267 750 308 795 5.
346 753 439 794 Nec
471 754 663 808 possunt
698 748 885 794 visitare
918 747 1079 792 altaria
1113 746 1413 792 ecclesiarum
1453 745 1759 804 regularium,
1804 745 1970 805 quibus

177 846 286 878 cura
319 833 582 882 animarum
631 831 936 878 saecularium
972 845 1066 877 non
1101 830 1344 886 incumbit,
1379 833 1459 875 aut
1491 830 1608 885 loca,
1646 829 1721 873 ubi
1755 829 1802 874 in
1835 830 1971 875 dictis

178 915 383 960 ecclesiis
414 920 679 960 asservatur
711 917 782 960 SS.
815 913 1127 959 Eucharistiae
1159 917 1523 968 sacramentum,
1556 913 1627 957 vel
1662 912 1737 956 ubi
1775 913 1969 957 audiun-

179 1003 256 1042 tur
286 999 592 1044 saecularium
616 998 928 1043 confessiones
946 998 980 1053 ³,
1006 996 1302 1051 excipiuntur
1333 1001 1490 1041 tamen
1515 996 1761 1040 mulierum
1791 997 1968 1041 confes-

178 1079 345 1137 siones,
381 1085 432 1125 ut
463 1094 615 1139 supra.

268 1167 308 1208 6.
335 1168 426 1209 Nec
446 1168 636 1222 possunt
659 1164 935 1209 confirmare
954 1164 1207 1208 abbatissas
1227 1162 1499 1207 monialium
1519 1162 1803 1220 regularibus
1822 1163 1969 1207 subie-

181 1250 380 1303 ctarum,
400 1261 458 1291 ex
483 1260 698 1305 responso
722 1247 932 1292 laudatae
950 1249 1113 1304 Congr.
1137 1247 1203 1305 lad
1235 1246 1424 1291 dubium
1446 1250 1481 1290 V
1500 1247 1698 1291 relatum
1733 1251 1784 1290 ut
1815 1260 1966 1305 supra.

269 1331 311 1375 7.
349 1333 442 1374 Nec
476 1335 666 1388 possunt
698 1331 861 1389 punire
896 1331 1079 1375 eosdem
1115 1330 1360 1387 regulares,
1396 1330 1616 1387 degentes
1652 1329 1698 1373 in
1744 1330 1971 1388 parochiis

179 1414 459 1458 monasterio
493 1413 650 1469 unitis,
685 1415 718 1459 si
757 1428 849 1458 non
885 1413 1156 1472 delinquant
1188 1413 1309 1458 circa
1344 1427 1503 1458 curam
1538 1413 1801 1457 animarum
1827 1418 1873 1458 et
1895 1414 1971 1458 Sa-

182 1501 527 1541 cramentorum
560 1497 1009 1542 administrationem
1031 1497 1060 1540 '⁴.

270 1583 367 1625 Non
404 1586 593 1638 possunt
626 1581 930 1626 confessarios
966 1581 1194 1639 regulares
1230 1595 1321 1625 non
1359 1581 1579 1639 parochos
1613 1594 1773 1638 cogere
1808 1586 1858 1624 ut
1897 1595 1969 1626 ac-

180 1663 346 1708 cedant
379 1665 435 1708 ad
468 1665 779 1709 conferentias
811 1678 1005 1709 casuum
1051 1664 1362 1709 conscientiae
1389 1665 1419 1709 ⁵.
1476 1664 1680 1724 Episcopi
1726 1670 1881 1710 tamen
1922 1665 1971 1710 il-

181 1746 327 1791 larum
361 1747 639 1792 dioecesium
678 1761 792 1807 quas
831 1747 1154 1805 complectitur
1195 1750 1332 1793 Conc.
1382 1752 1642 1792 Romanum
1689 1749 1971 1793 celebratum

182 1831 266 1874 sub
298 1832 462 1876 Bened.
501 1835 597 1877 Xlll
631 1846 705 1876 an.
734 1832 845 1876 1725
879 1845 956 1876 eos
987 1831 1266 1890 suspendere
1299 1836 1491 1890 possunt
1518 1831 1576 1876 ab
1597 1831 1837 1876 audiendis
1863 1846 1971 1877 con-

181 1914 452 1959 fessionibus
484 1915 520 1958 si
554 1914 610 1959 ad
642 1915 789 1959 dictas
825 1915 1138 1960 conferentias
1172 1929 1264 1959 non
1297 1915 1521 1960 accedant
1562 1916 1682 1961 sicut
1713 1920 1760 1960 et
1801 1916 1857 1961 ad
1902 1930 1970 1961 sa-

181 2012 364 2044 crorum
401 2001 572 2043 rituum
607 1999 965 2058 disceptationes
997 2005 1161 2059 quater
1192 2000 1426 2045 habendas
1457 2000 1659 2060 quolibet
1693 2015 1851 2046 mense
1886 2016 1971 2046 nec

185 2095 274 2126 non
308 2082 363 2126 ad
397 2082 644 2127 lectionem
678 2084 719 2126 S.
758 2082 1018 2140 Scripturae
1050 2082 1209 2127 diebus
1241 2087 1287 2127 et
1319 2082 1443 2127 horis
1474 2086 1531 2128 ab
1558 2083 1774 2142 Episcopo
1810 2083 1969 2142 praeli-

184 2164 364 2210 niendis
395 2170 623 2223 quatenus
657 2166 769 2210 haec
802 2165 959 2210 omnia
995 2165 1040 2209 in
1076 2179 1236 2210 eorum
1273 2165 1566 2210 monasteriis
1599 2180 1692 2211 non
1724 2167 1968 2212 habentur.

270 2248 313 2293 8.
350 2252 450 2294 Non
485 2254 675 2307 possunt
709 2249 1026 2307 praetendere,
1062 2254 1113 2293 ut
1146 2249 1192 2293 in
1228 2249 1496 2295 visitatione
1518 2242 1756 2296 clausurae
1794 2251 1972 2296 monia-

183 2330 328 2387 lium,
364 2332 646 2389 regularibus
678 2332 1021 2389 subiectarum,
1056 2333 1140 2378 sibi
1174 2333 1380 2390 erigatur
1427 2333 1775 2391 baldachinum,
1810 2336 1888 2380 sed
1923 2340 1974 2380 ut

182 2418 377 2459 stratum
411 2415 656 2460 dumtaxat
690 2415 1034 2473 praepareturf‘.

306 2557 313 2575 ¹
343 2557 377 2594 S.
405 2557 518 2603 Cong.
545 2558 637 2603 Epp.
665 2562 699 2595 et
728 2559 841 2604 Regg.
868 2558 916 2596 20
942 2567 1024 2595 nov.
1055 2559 1155 2595 1615.

308 2629 319 2647 ’
346 2628 412 2665 Cit.
440 2635 556 2666 const.
585 2631 760 2676 superna.

304 2699 317 2719 ³
344 2701 387 2737 Ut
414 2710 459 2737 ex
485 2711 662 2747 responso
689 2701 803 2748 Cong.
831 2702 941 2739 Cone.
969 2703 1015 2739 ad
1054 2703 1067 2738 1
1094 2703 1249 2740 dubium
1278 2703 1372 2740 inter
1411 2704 1486 2740 alia
1522 2704 1636 2740 relata
1676 2709 1759 2750 post
1797 2715 1883 2741 mox
1910 2705 1971 2741 cit.

187 2772 331 2809 constit.
360 2773 540 2819 Gregorii.

304 2842 318 2862 ¹·
343 2843 598 2882 Declaratione
624 2845 743 2891 dictae
770 2845 883 2892 Cong.
904 2845 1014 2883 Conc.
1043 2846 1158 2883 relata
1175 2856 1197 2882 a
1214 2847 1379 2893 Fagnan.
1405 2848 1443 2883 in
1469 2858 1548 2894 cap.
1578 2848 1621 2884 19
1654 2849 1771 2885 Grave
1795 2850 1968 2895 qerimus,

186 2923 223 2961 n.
245 2914 302 2957 55,
327 2914 374 2951 de
400 2914 494 2951 offic.
523 2915 712 2952 ordinarii.
1074 2964 1075 2967 Ἴ

302 2985 316 3005 ¹⁸
341 2986 421 3023 Sac.
447 2986 580 3032 Congr.
607 2997 719 3034 super
743 2992 840 3024 statu
868 2988 956 3034 Reg.
985 2988 1029 3024 15
1054 2989 1216 3025 Ianuarii
1245 2989 1346 3025 1682.

305 3055 319 3077 ⁸
342 3058 495 3110 Decreto
521 3058 636 3104 Gong.
662 3059 772 3096 Cone.
801 3058 844 3095 19
870 3060 942 3096 ian.
972 3059 1063 3097 1686
1089 3060 1203 3096 relato
1230 3060 1278 3096 ab
1305 3061 1435 3097 eodem
1461 3061 1625 3098 Feri-aris
1652 3061 1972 3114 Promptanbiblio-

189 3129 440 3173 theca,'verbo
467 3130 678 3177 Requlare's,
703 3135 771 3168 art.
797 3130 831 3176 2,
858 3140 893 3168 n.
920 3131 977 3168 66.
1836 3115 1839 3118 ‚
