2176 3386
234 168 318 209 398
880 178 990 208 PARS
1018 179 1045 208 1.
1077 179 1135 208 DE
1162 179 1374 209 pensoms

234 289 357 343 data)
393 287 448 334 ad
482 289 740 347 Capitulum
773 289 1048 335 cathedralis
1078 289 1298 335 ecclesiae
1329 289 1594 336 develvitur
1624 294 1672 337 et
1701 291 1760 338 ab
1790 293 1914 339 eoin
1938 293 2014 339 vi-

235 373 411 418 carium
446 373 747 432 capitularem
782 372 1011 430 privative
1033 378 1171 434 atque
1193 373 1572 432 irrevocabiliter,
1596 388 1734 434 quem
1757 376 1879 421 inter
1899 377 2012 422 octi-

233 455 375 500 duum
409 455 574 514 eligere
608 460 794 500 tenetur
814 457 842 500 ².
878 455 1100 511 Quamvis
1134 470 1245 502 vero
1277 456 1535 515 Capitulum
1568 458 1624 503 ad
1656 471 1803 504 unum
1825 463 2010 505 tantum

237 539 493 583 membrum
531 539 690 584 fuisset
724 539 980 595 reductum,
1018 543 1166 597 potest
1203 540 1288 585 hoc
1335 539 1569 586 Vicarium
1615 541 1831 600 deligere,
1883 542 2015 588 dum-

237 623 371 668 modo
404 636 498 668 non
531 622 668 680 eligat
700 637 745 667 se
783 622 934 681 ipsum
967 624 997 667 2.

356 706 456 750 505.
498 706 704 751 Diximus
736 706 966 764 priVative
1000 712 1137 765 atque
1170 705 1549 763 irrevocabiliter,
1585 708 1758 753 nullam
1790 708 2015 768 siquidem

237 789 563 835 iurisdictionis
582 793 758 848 partein
778 793 927 847 potest
943 790 1201 847 Capitulum
1218 790 1302 836 sibi
1323 804 1574 847 reservare,
1595 805 1744 850 neque
1761 791 1816 836 ad
1835 796 2015 836 certum

236 877 282 918 et
314 872 554 917 definitum
589 877 769 931 tempus
801 873 1035 917 Vicarium
1069 872 1218 931 ipsum
1252 874 1548 929 constituere,
1587 875 1829 933 multoque
1864 873 2017 919 minus

237 971 494 1011 removere,
530 957 604 1001 sed
642 956 734 1014 ipse
768 956 814 1000 in
848 956 996 1001 officio
1029 971 1298 1015 permanere
1321 957 1455 1002 debet
1477 970 1712 1017 quousque
1735 970 1885 1002 novus
1911 957 2010 1016 Epi-

237 1055 398 1100 scopus
432 1041 607 1086 litteras
639 1041 911 1098 apostolicas
942 1041 996 1086 de
1029 1042 1194 1086 collato
1226 1041 1309 1086 sibi
1354 1041 1617 1100 episcopatu
1665 1041 1887 1100 Capitulo‚
1938 1041 2011 1086 vel

236 1125 441 1182 Capitulo
474 1125 731 1178 deficiente,
769 1125 808 1169 ei
842 1124 1104 1170 exhibuerit
1135 1126 1211 1185 qui
1245 1126 1300 1170 ad
1346 1140 1557 1171 normam
1599 1139 1833 1170 sacrorum
1878 1139 2013 1169 cano-

238 1223 367 1264 num,
404 1209 476 1253 vel
510 1223 567 1253 ex
600 1208 783 1267 speciali
819 1212 859 1254 S.
899 1209 1023 1254 Sedis
1054 1209 1351 1267 dispositione
1386 1214 1632 1254 vacantem
1664 1208 1910 1254 dioecesim
1934 1209 2010 1253 ad—

238 1292 487 1347 ministrat,
526 1293 596 1336 vel
629 1291 852 1337 eiusmodi
886 1291 1309 1337 administratorem
1357 1306 1437 1337 seu
1487 1292 1719 1337 Vicarium
1767 1291 2010 1350 deputat³.

240 1374 304 1420 Ad
338 1374 518 1419 libitum
553 1388 663 1419 vero
696 1374 887 1433 Capituli
921 1380 990 1420 est
1023 1381 1204 1434 tempus
1235 1375 1404 1420 octidui
1440 1377 1730 1432 restringere,
1766 1374 2014 1419 dummodo

238 1456 284 1501 in
320 1458 527 1502 fraudem
560 1458 604 1502 id
638 1472 730 1503 non
765 1457 861 1514 fiat,
899 1459 970 1504 vel
1007 1463 1153 1504 totum
1189 1459 1482 1517 impendere3
1534 1472 1627 1503 non
1676 1461 1822 1516 potest
1857 1461 2014 1501 autem

237 1540 490 1585 terminum
525 1541 671 1598 ipsum
707 1556 964 1600 prorogare.
1002 1543 1118 1587 Hinc
1150 1542 1185 1586 si
1229 1541 1350 1587 intra
1399 1542 1504 1586 illud
1551 1542 1769 1599 temporis
1816 1540 2015 1600 spatium

239 1623 471 1668 Vicarium
506 1638 598 1669 non
632 1625 939 1681 constituerit,
979 1627 1050 1670 vel
1074 1640 1164 1670 non
1189 1624 1535 1670 confirmaverit
1559 1625 1788 1670 Vicarium
1813 1625 2013 1669 existen·

238 1712 349 1762 tem,
390 1707 530 1765 ipsius
562 1708 725 1753 electio
758 1709 1021 1754 devolvitur
1043 1709 1097 1753 ad
1126 1709 1545 1767 Metropolitanum,
1568 1709 1671 1753 etsi
1698 1709 1898 1754 Ecclesia
1922 1708 2015 1766 ipsa

239 1791 589 1849 metropolitana
629 1797 778 1848 vacet,
804 1798 884 1837 aut
906 1797 1139 1851 exempta,
1165 1793 1397 1852 antiquior
1432 1793 1676 1851 Episcopus
1707 1807 1765 1837 ex
1798 1793 2013 1851 suffraga-

240 1874 338 1918 neis
371 1873 415 1918 iu
461 1874 830 1933 metropolitana,
865 1880 912 1920 et
944 1860 1240 1934 propinquior
1272 1876 1318 1920 in
1352 1879 1586 1933 exempta,
1636 1875 1869 1920 Vicarium
1910 1889 2016 1920 con·

238 1957 413 2014 stituet,
458 1958 544 2002 nisi
579 1973 626 2003 re
658 1958 836 2016 integra
871 1961 1141 2017 praeveniat
1172 1958 1451 2017 Capitulum,
1488 1972 1666 2003 moram
1698 1962 1859 2016 purget
1881 1961 1927 2002 et
1950 1956 2019 2000 Vi-

238 2041 413 2085 carium
464 2042 717 2086 constituat
740 2043 771 2086 4.
809 2047 858 2087 In
893 2057 1000 2088 casu
1033 2043 1285 2096 absentiae,
1325 2041 1529 2087 Vicarius
1561 2041 1672 2100 ipse,
1708 2054 1801 2085 non
1835 2040 2015 2098 Capitu-

239 2125 332 2169 lum
367 2125 507 2170 alium
532 2126 630 2171 loco
662 2126 731 2171 sui
764 2127 982 2185 deputare
1018 2130 1179 2184 potest.

239 2262 355 2294 torem
382 2257 495 2294 dabit.
522 2258 738 2303 Excipiendi
767 2262 852 2294 sunt
878 2262 1001 2294 autem
1030 2267 1159 2294 casus:
1190 2258 1224 2303 1)
1251 2257 1281 2293 si
1310 2257 1429 2293 taliter
1455 2260 1585 2302 captus
1612 2264 1688 2291 non
1706 2254 1756 2290 ita
1773 2258 1872 2290 arcte
1891 2257 2013 2290 custo-

238 2331 369 2373 diatur,
397 2336 436 2367 ut
463 2331 533 2376 ipsi
559 2331 714 2377 eiusque
740 2331 971 2367 dioecesanis
998 2331 1103 2367 facile
1130 2340 1205 2366 non
1230 2331 1278 2366 sit
1303 2330 1434 2367 saltem
1462 2339 1525 2375 per
1551 2329 1690 2365 litteras
1718 2328 1812 2363 inter
1830 2337 1870 2363 se
1888 2336 2014 2373 agere,

240 2407 316 2439 tum
342 2403 441 2439 enim
469 2404 642 2449 Episcopi
670 2403 873 2440 iurisdictio
899 2413 968 2441 nec
994 2413 1186 2448 suspensa,
1214 2413 1282 2439 nec
1300 2404 1345 2439 ad
1364 2402 1572 2448 Capitulum
1591 2401 1765 2438 devoluta
1784 2400 2007 2437 censebitur.

238 2475 273 2511 S.
300 2475 434 2521 Congr.
455 2475 563 2512 Conc-
588 2477 606 2512 7
628 2476 723 2521 Aug.
745 2475 844 2512 1685.
872 2474 907 2521 2)
928 2475 963 2512 Si
984 2481 1112 2521 captus
1139 2475 1346 2521 Episcopus
1372 2474 1564 2511 Vicarium
1581 2472 1795 2509 Generalem
1812 2470 2012 2516 reliquerit,

239 2547 303 2593 qui
329 2546 529 2583 dioecesim
555 2547 795 2584 administret.
823 2547 872 2584 Cf.
900 2548 1087 2584 decretum
1115 2547 1196 2583 Sac.
1222 2546 1354 2592 congr.
1380 2546 1474 2591 Epp.
1500 2548 1535 2580 et
1563 2545 1650 2589 Reg.
1677 2543 1735 2579 die
1762 2541 1783 2578 5
1803 2541 1890 2579 Maii
1912 2539 2017 2585 1862,

238 2627 311 2664 quo
337 2619 539 2655 electiones
567 2619 798 2656 vicariorum
825 2619 1089 2665 capitularium
1117 2618 1155 2654 in
1180 2627 1295 2664 regno
1322 2617 1578 2663 Neapolitano,
1605 2614 1798 2662 Episcopis
1816 2623 1836 2650 e
1857 2613 1934 2650 suis
1954 2622 2012 2649 se·

238 2690 347 2727 dibus
374 2691 513 2734 eiectis,
541 2691 668 2733 factae,
697 2691 818 2728 nullae
844 2695 880 2728 et
906 2690 1039 2733 irritae,
1068 2689 1246 2727 electores
1273 2699 1371 2732 vero,
1397 2698 1466 2726 nec
1500 2697 1576 2724 non
1607 2687 1678 2732 ipsi
1713 2685 1822 2722 electi
1862 2683 2013 2727 Vicarii,

241 2771 416 2799 censuras
443 2763 644 2799 incurrisse
670 2762 913 2799 declarantur.

359 2834 368 2853 ¹
398 2834 486 2870 Pius
513 2834 574 2876 IX,
602 2834 822 2870 constitutio
850 2834 1036 2870 Romanus
1062 2833 1245 2879 Pontifex,
1272 2831 1295 2868 5
1320 2831 1393 2868 kal.
1420 2831 1518 2877 Sept.
1547 2829 1649 2866 1875.

360 2904 373 2923 ’
400 2905 482 2941 Sac.
511 2904 648 2951 Congr.
676 2905 786 2942 Conc.
816 2903 859 2941 12
887 2904 1007 2942 Martii
1036 2903 1138 2942 1672.

360 2976 373 2996 ³
398 2977 487 3014 Pius
514 2977 578 3021 IX,
608 2976 730 3013 Const.
758 2976 819 3013 cit.

358 3047 374 3069 ⁸
398 3050 453 3085 Ex
480 3049 625 3086 GAnclA
652 3058 684 3094 p.
710 3048 757 3092 ΙΙ,
783 3058 865 3095 cap.
892 3049 925 3085 7.
