2176 3386
175 177 255 217 282
847 191 957 221 PARS
985 187 1029 220 n.
1062 191 1120 221 DE
1150 192 1288 222 minus

177 296 511 354 desperatione,
548 296 702 355 negari
737 297 871 342 debet
903 298 1210 344 ecclesiastica
1243 299 1504 358 sepultura,
1537 304 1584 345 et
1615 300 1752 346 vitari
1785 302 1955 348 debent

177 393 370 438 pompae
403 384 449 424 et
479 380 797 426 solemnitates
828 380 1152 440 exequiarum3
1202 382 1386 441 quando
1428 386 1554 428 certo
1586 387 1768 429 constat
1798 384 1852 429 de
1886 384 1951 429 in-

176 461 331 518 sania,
365 462 514 507 danda
562 466 631 507 est
677 461 984 508 ecclesiastica
1018 463 1248 521 sepultura
1282 478 1386 509 cum
1435 465 1802 512 solemnitatibus
1848 483 1952 514 exe·

176 545 414 605 quiarum;
450 545 633 605 quando
666 550 822 590 tamen
857 546 1044 590 dubium
1079 527 1287 605 superest
1317 552 1474 592 utrum
1510 554 1706 594 mortem
1738 550 1839 610 quis
1869 551 1952 596 sibi

176 627 352 673 dederit
383 642 464 687 per
495 628 860 686 desperationem
894 633 974 673 aut
1014 643 1093 687 per
1123 629 1383 686 insaniam,
1418 630 1515 675 dari
1548 636 1698 690 potest
1743 629 1953 679 ecclesia·

177 709 291 755 stica
314 710 565 768 sepultura,
587 709 744 754 vitatis
768 714 924 756 tamen
944 711 1122 770 pompis
1144 716 1190 756 et
1211 711 1579 758 solemnitatibus
1599 715 1900 774 exequiarum
1921 717 1950 761 ¹.

178 794 222 850 5)
259 794 539 838 Decedentes
571 793 618 838 in
651 793 1002 851 torneamentiS,
1037 808 1154 854 quae
1188 796 1348 840 mortis
1381 795 1634 854 periculum
1668 797 1854 854 liabent,
1883 799 1954 845 vel

179 875 223 921 in
260 876 425 932 duello,
460 877 558 921 sive
591 876 651 920 ibi
686 877 921 935 perierint,
957 877 1055 922 sive
1089 879 1243 935 procul
1275 892 1301 923 a
1333 878 1432 924 loco
1455 880 1737 936 certaminiS,
1764 882 1954 926 vulnere

176 964 334 1005 tamen
369 959 414 1004 in
450 974 502 1004 eo
535 963 740 1018 accepto,
777 959 926 1019 idque,
963 959 1068 1004 licet
1100 961 1434 1006 absolutionem
1468 977 1492 1007 a
1527 962 1725 1021 peccatis
1771 969 1817 1009 et
1849 978 1953 1009 cen·

176 1043 293 1089 suris
325 1043 627 1088 obtinuerint.
664 1044 865 1088 Tandem
898 1044 941 1101 4)
967 1044 1195 1101 regulares
1222 1044 1457 1104 utriusque
1481 1059 1618 1091 sexus
1650 1047 1952 1106 proprietarii,

176 1127 292 1172 idest
326 1127 493 1172 mortui
526 1141 631 1171 cum
668 1126 861 1185 peculio,
897 1127 1016 1186 quod
1052 1127 1232 1186 proprio
1266 1128 1470 1183 nomine,
1501 1114 1670 1187 absque
1704 1131 1956 1188 Superioris

175 1210 378 1265 licentia,
414 1215 459 1253 et
494 1223 583 1253 non
619 1210 850 1254 custodiae
885 1223 1020 1254 causa
1056 1209 1330 1255 retinebant.

300 1294 427 1338 1252.
467 1290 507 1338 si
541 1292 848 1338 ecclesiastica
897 1294 1129 1351 sepultura
1179 1293 1334 1351 negari
1384 1308 1475 1338 non
1518 1299 1664 1352 potest
1694 1297 1793 1340 sine
1826 1297 1954 1354 gravi

176 1377 486 1431 incommodo,
523 1375 674 1421 lethali
711 1381 791 1420 aut
821 1376 948 1420 omni
983 1376 1113 1434 culpa
1149 1381 1275 1421 caret
1308 1383 1540 1422 mortuum
1565 1378 1727 1422 efferre
1759 1379 1849 1423 ritu
1883 1393 1958 1430 ca3

179 1461 345 1506 tholico
379 1460 509 1520 eique
542 1460 763 1505 solemnia
799 1460 1015 1504 funerum
1055 1460 1264 1514 solvere,
1301 1461 1548 1505 dummodo
1581 1461 1694 1505 haec
1742 1475 1832 1506 non
1877 1476 1954 1507 ex-

175 1548 480 1602 torqueantur
514 1543 559 1587 in
595 1548 913 1601 contemptum
953 1543 1177 1588 Ecclesiae
1210 1549 1257 1588 et
1289 1544 1536 1588 dummodo
1569 1544 1814 1589 defunctus
1862 1559 1953 1590 non

176 1626 394 1671 efferatur
425 1626 566 1684 signis
600 1626 869 1671 massonicis
903 1627 1070 1671 feretro
1103 1631 1182 1671 aut
1207 1626 1386 1671 vexillis
1418 1627 1636 1686 appositis
1660 1628 1690 1672 ².

300 1711 425 1754 1255.
463 1710 620 1763 Quoad
654 1724 764 1755 vero
798 1710 1146 1765 cremationem,
1174 1709 1414 1768 propositis
1436 1709 1583 1754 dubiis
1618 1715 1648 1755 1.
1676 1713 1742 1755 An
1778 1711 1954 1756 licitum

178 1796 235 1841 sit
269 1809 441 1840 nomen
475 1796 581 1840 dare
615 1795 911 1840 societatibus
932 1794 1097 1854 quibus
1120 1794 1401 1853 propositum
1435 1800 1503 1839 est
1528 1808 1799 1854 promovere
1822 1807 1954 1839 usum

176 1879 474 1925 comburendi
509 1879 748 1923 hominum
782 1879 1037 1923 cadavera?
1071 1882 1119 1923 ll.
1156 1882 1223 1922 An
1257 1877 1434 1922 licitum
1468 1878 1526 1922 sit
1559 1878 1778 1922 mandare
1801 1881 1851 1921 ut
1872 1891 1951 1921 sua

175 1963 431 2007 aliorumve
465 1962 689 2007 cadavera
713 1962 1071 2007 comburantur?
1107 1961 1201 2006 Emi
1238 1965 1317 2006 PP.
1355 1964 1458 2020 Sup.
1499 1962 1631 2006 Univ.
1670 1967 1764 2020 lnq.
1790 1962 1871 2006 t'er.
1899 1964 1955 2005 IV

181 2046 231 2090 19
266 2045 373 2089 maii
412 2045 522 2090 1886
557 2045 913 2102 responderunt:
952 2045 1014 2088 Ad
1053 2045 1102 2088 ‘1¹¹¹
1136 2045 1368 2102 negative,
1405 2049 1450 2088 et
1483 2044 1516 2088 si
1551 2049 1713 2102 agatur
1739 2043 1794 2087 de
1816 2043 1955 2088 socie·

176 2128 347 2173 tatibus
381 2128 664 2173 massonicae
687 2134 839 2173 sectae
873 2127 1065 2183 filiabus,
1092 2127 1262 2172 incurri
1289 2141 1458 2186 poenas
1490 2132 1650 2173 contra
1677 2129 1795 2172 lianc
1823 2129 1951 2172 latas.

177 2211 243 2256 Ad
277 2212 328 2255 “2¹¹¹
364 2211 595 2269 negative.
631 2215 778 2265 Quam
811 2210 995 2270 quidem
1030 2211 1304 2255 solutionem
1339 2210 1551 2268 probavit
1585 2214 1671 2255 Leo
1705 2213 1817 2255 Xlll.

299 2294 424 2339 1254.
462 2295 618 2349 Quoad
667 2293 763 2338 iura
813 2296 1119 2338 Parocborum
1155 2293 1200 2337 in
1237 2293 1472 2339 funeribus
1520 2293 1800 2353 exequendis
1832 2306 1955 2338 reco-

180 2377 335 2422 lantur
366 2391 418 2422 ea
452 2391 568 2437 quae
600 2377 802 2422 diximus
835 2377 882 2421 in
919 2380 1012 2421 Art.
1052 2379 1125 2433 IV,
1162 2382 1186 2429 ἓ
1220 2379 1262 2421 4.

298 2547 308 2566 ¹
337 2547 373 2584 C.
402 2548 436 2584 S.
464 2547 530 2583 Off.
560 2547 603 2583 16
630 2548 716 2584 maii
746 2548 848 2584 1866.

296 2620 308 2638 ²
335 2621 423 2656 Pius
450 2620 501 2656 IX
527 2621 572 2656 ad
599 2619 764 2666 Archiep.
792 2620 984 2658 Parisiens.
1010 2619 1056 2656 26
1083 2620 1246 2657 octobris
1276 2620 1377 2658 1865.
