2176 3386
785 0 1631 41 wag-rqswnssoe-zwwr
1639 0 1653 6 ··
1663 0 1701 26 ν
1715 0 1956 34 τῆν-ΞΠ
1963 0 2176 54 “W

786 165 916 194 Lmen
942 165 967 193 1.
1003 164 1060 192 DE
1089 162 1284 192 CLEmffls
1877 152 1930 192 53

145 273 360 320 dentialis
394 274 424 319 ².
471 273 688 332 Episcopo
725 276 887 318 tamen
920 271 1106 317 videtur
1140 269 1415 329 permissum
1453 275 1505 314 ut
1534 284 1593 315 ex
1630 268 1759 327 gravi
1791 283 1927 315 causa

146 355 383 414 imponere
416 354 557 414 possit
590 353 812 400 beneficio
845 353 1115 412 pensionem
1142 358 1490 411 temporaneam
1523 351 1589 398 ad
1613 352 1759 396 vitam
1792 351 1928 397 bene-

91 432 94 434 ’
146 435 287 482 ficiati
313 437 343 482 ².

263 520 335 565 85.
376 519 680 566 Renunciatio
714 519 919 565 nondum
971 522 1208 577 acceptata
1259 517 1468 563 revocari
1515 520 1680 576 potest,
1731 530 1862 561 secus
1895 516 1929 561 si

147 603 353 661 superior
386 602 474 647 iam
511 602 634 647 illam
669 602 899 660 acceperit
932 602 962 646 ³.

883 772 1115 802 sarmatas
1147 773 1194 801 11.

815 891 876 932 De
914 889 1258 934 Translalione.

265 1023 334 1067 86.
369 1022 622 1066 'translatio
655 1021 702 1066 in
743 1036 909 1078 genere
949 1020 1128 1066 definiri
1177 1026 1350 1080 potest:
1399 1041 1417 1061 a
1444 1021 1500 1066 de
1541 1035 1637 1066 ιιηα
1678 1022 1741 1067 ad
1783 1022 1932 1067 aliam

154 1107 401 1150 Ecclesiam
432 1108 688 1163 superioris
720 1108 998 1150 auctoritate
1031 1105 1162 1161 facta
1198 1107 1393 1149 'ructatio
1420 1123 1458 1149 n.
1495 1106 1551 1147 Ut
1574 1104 1815 1149 translatio
1838 1117 1933 1149 sus-

91 1203 103 1233 ,2
147 1191 354 1235 tineatur
396 1189 645 1248 requiritur
696 1190 733 1245 1)
772 1189 889 1233 iusta
934 1202 1070 1233 causa
1107 1188 1395 1233 necessitatis
1427 1189 1501 1233 vel
1535 1188 1747 1233 utilitatis
1781 1188 1934 1233 Eccle-

147 1274 262 1330 siae;
300 1275 342 1331 2)
368 1273 558 1331 legitimi
581 1272 828 1331 superioris
848 1272 1099 1317 auctoritas
1121 1272 1295 1316 scilicet
1317 1271 1510 1317 Romani
1536 1272 1769 1317 Pontificis
1786 1272 1932 1331 qtload

151 1359 471 1417 Episcoporum
510 1356 859 1401 translationem
898 1357 908 1380 '⁴
953 1356 1052 1401 six-e
1106 1357 1350 1414 Episcopus
1382 1355 1441 1400 sit
1488 1359 1800 1409 consecratus,
1837 1354 1935 1399 sive

149 1445 330 1486 tantum
367 1441 539 1486 electus
562 1454 615 1485 ac
639 1441 956 1496 confirmatus3
992 1441 1140 1499 quoad
1166 1454 1276 1485 vero
1310 1444 1511 1485 rectores
1541 1440 1772 1484 minorum
1799 1439 1936 1484 bene·

71 1556 99 1568 f-
149 1523 356 1569 ficiorum
386 1523 586 1582 Episcopi
609 1524 860 1569 auctoritas
882 1524 1064 1579 sufficit,
1092 1523 1178 1568 nisi
1201 1525 1256 1569 de
1282 1523 1552 1583 praelaturis
1575 1523 1804 1582 exemptis
1832 1537 1934 1581 aga-

148 1612 225 1652 tur
255 1623 371 1668 quae
409 1612 457 1653 R.
489 1608 719 1653 Pontil‘icis
753 1607 1077 1653 auctoritatem
1113 1608 1306 1666 exigunt
1331 1609 1367 1665 ⁵3
1405 1609 1446 1663 5)
1483 1608 1670 1652 tandem
1695 1607 1936 1652 translatio

150 1692 422 1751 regulariter
444 1692 495 1737 fit
527 1692 581 1737 de
606 1692 772 1737 minori
797 1693 851 1737 ad
880 1692 1102 1737 maiorem
1129 1691 1378 1737 Ecclesiam
1403 1691 1435 1746 ⁶,
1471 1690 1672 1750 alioquin
1699 1689 1938 1735 translatio

151 1789 243 1820 non
278 1779 493 1820 censetur
525 1774 621 1819 fieri
662 1775 719 1819 ob
753 1775 1076 1819 necessitatem
1111 1779 1158 1818 et
1191 1773 1439 1819 utilitatem
1479 1773 1797 1818 Ecclesiarum.

269 1860 338 1904 87.
378 1865 608 1905 Romanus
643 1860 855 1904 Pontifex
890 1874 945 1904 ex
982 1859 1099 1904 iusta
1133 1854 1271 1904 causa
1307 1863 1456 1917 potest
1477 1873 1638 1914 cogere
1666 1858 1934 1916 Episcopum

151 1947 202 1987 ut
233 1942 523 1987 translationi
560 1942 838 1996 consentiat,
874 1947 920 1987 et
954 1942 989 1987 si
1024 1947 1190 1987 renuat
1223 1942 1364 1987 etiam
1403 1942 1672 2001 Episcopatu
1698 1942 1825 1987 illum
1852 1942 1938 2000 pri-

154 2040 261 2070 vare
295 2030 444 2084 potest
478 2027 511 2080 ⁷,
547 2029 755 2070 attamen
794 2026 1038 2084 Episcopus
1062 2026 1238 2071 invitus
1260 2026 1395 2084 alicui
1424 2025 1649 2071 Ecclesiae
1672 2025 1819 2070 addici
1845 2040 1937 2070 non

155 2113 304 2168 potest
339 2110 369 2153 ⁸.

274 2308 280 2326 ¹
312 2308 381 2345 Gir.
409 2308 618 2345 Decretales
647 2309 708 2344 lib.
736 2308 768 2351 5,
798 2309 848 2344 tit.
877 2309 909 2343 5.
938 2308 1009 2344 Gir.
1037 2309 1160 2345 Const-
1188 2309 1324 2345 Bened.
1353 2309 1450 2345 xlv.
1478 2309 1520 2344 In
1547 2309 1694 2345 sublimi
1723 2309 1822 2344 1741.

272 2381 284 2399 2
310 2380 380 2417 Cfr.
407 2381 510 2416 Decr.
539 2381 575 2416 h.
596 2385 618 2416 t.
648 2381 700 2416 tit.
728 2380 783 2416 12.
812 2382 902 2425 Quis
931 2391 1118 2418 reservare
1147 2385 1265 2426 potest
1293 2382 1362 2417 sibi
1391 2382 1448 2417 ius
1475 2391 1639 2417 accessus
1664 2381 1693 2417 si
1720 2391 1750 2415 v.
1775 2390 1808 2425 g.
1838 2380 1940 2416 suita

156 2457 308 2498 patrono
336 2453 590 2490 tantummodo
629 2458 901 2499 praesentatus3
941 2458 1103 2490 reservat
1138 2453 1207 2490 sibi
1243 2454 1300 2489 ius
1333 2454 1516 2500 inqressus
1542 2454 1570 2488 si
1601 2453 1792 2489 renunciat
1831 2453 1942 2489 bene-

154 2524 278 2560 ficium
296 2525 370 2560 iam
389 2525 561 2561 collatum
587 2525 650 2561 sed
678 2526 840 2561 nondum
864 2535 1096 2571 possessorum
1125 2529 1285 2560 reservat
1313 2523 1384 2560 sibi
1412 2525 1471 2559 ius
1490 2533 1679 2569 rem-ossus
1706 2523 1852 2567 quando
1880 2522 1941 2557 De-

154 2595 326 2633 neficium
356 2596 530 2641 possidet.

272 2667 285 2686 ³
311 2668 398 2714 Cap.
426 2667 468 2703 12
497 2668 530 2705 h.
559 2673 582 2704 1.
611 2669 648 2704 in
676 2669 816 2705 Decret.

272 2738 285 2757 ¹·
311 2739 398 2784 Cap.
425 2740 446 2775 5
473 2739 516 2775 de
546 2739 708 2776 translat.
736 2740 909 2785 Episcop.

274 2810 287 2828 ¹⁵
314 2810 660 2847 ScuMALzonucsssn
687 2811 722 2846 h.
754 2815 775 2846 t,

276 2882 288 2901 ‘³
315 2883 351 2919 C.
381 2883 398 2918 1
427 2883 470 2919 de
498 2883 663 2919 translat.
691 2883 814 2928 Episc-

277 2953 289 2972 ⁷
317 2954 455 2989 Canon.
482 2953 515 2995 4,
543 2953 626 2990 dist.
656 2954 710 2989 74.

279 3025 293 3046 ⁸
319 3026 405 3072 Cap.
433 3026 465 3067 5,
495 3026 530 3062 h.
558 3030 580 3062 t.
