2176 3386
530 190 662 219 LIBER
689 190 714 219 1.
746 190 803 218 DE
832 188 970 218 REBUS
998 188 1235 218 ECCLESIAE
1263 189 1590 218 SPIRITUALIBUS
1872 179 1952 220 243

170 308 343 340 nomen
377 294 477 350 dat,
513 295 588 339 vel
620 293 845 339 eiusmodi
889 293 1025 338 sectis
1065 293 1450 353 qualemcumque
1488 295 1696 339 favorem
1732 297 1948 352 praestat,

170 390 389 423 censuras
421 376 755 422 ecclesiasticas
787 390 885 421 non·
917 376 1094 435 effugit,
1130 376 1238 422 licet
1269 376 1364 436 ipse
1396 375 1696 436 personaliter
1729 392 1823 423 non
1857 393 1952 424 ma·

169 460 399 505 chinetur.
1033 464 1037 466 ’

291 545 416 589 1140.
450 544 578 599 Quod
610 548 767 589 autem
794 544 851 588 ad
874 543 1072 603 reliquas
1095 543 1337 588 societates
1369 545 1585 602 profanas
1616 544 1801 600 attinet,
1835 560 1952 605 quae

169 628 354 687 quidem
377 642 527 687 neque
550 632 711 672 contra
743 626 988 673 Ecclesiam
1015 641 1163 686 neque
1195 627 1417 672 adversus
1449 627 1676 686 legitimas
1703 633 1953 686 potestates

171 711 514 766 machinantur,
549 711 628 756 sed
652 710 955 755 nihilominus
986 711 1182 755 asseclas
1203 723 1324 764 31103,
1350 710 1448 755 sive
1480 710 1743 756 iuramento
1765 711 1948 768 emisso,

169 793 267 839 sive
302 808 427 839 mera
462 793 547 838 lide
580 793 703 847 data,
740 792 797 837 ad
830 797 1060 837 secretum
1095 792 1375 837 servandum
1409 793 1735 851 adstringunt,
1770 808 1851 839 eae
1884 808 1951 839 se-

170 877 255 922 ctis
287 877 427 922 citato
449 876 642 922 articulo
676 876 909 921 damnatis
931 881 978 921 et
1000 877 1084 921 sub
1106 890 1251 935 poena
1275 876 1772 921 excommunicationis
1808 881 1951 935 Papae

167 965 431 1006 reservatae
464 960 683 1015 vitandis,
708 960 1094 1005 annumerandae
1128 973 1220 1005 non
1255 959 1484 1005 videntur.
1518 963 1651 1006 Certo
1673 966 1829 1006 autem
1854 976 1951 1020 gra·

168 1042 289 1087 viter
319 1042 522 1098 illicitae,
559 1042 753 1102 ideoque
787 1042 871 1087 sub
904 1042 1032 1100 gravi
1065 1048 1253 1101 peccato
1287 1043 1503 1088 vitandae
1546 1047 1654 1088 sunt
1686 1044 1948 1090 associatio-

168 1139 250 1171 nes
281 1140 362 1171 eae
395 1125 441 1170 in
476 1124 639 1185 quibus
672 1125 781 1170 socii
821 1140 869 1171 se
903 1126 1105 1184 obligant
1136 1126 1192 1170 ad
1226 1126 1504 1171 illimitatam
1544 1126 1869 1182 obedientiam,
1906 1133 1953 1172 et

168 1208 224 1253 ad
258 1222 392 1253 caece
425 1209 694 1267 exequenda
731 1208 904 1263 omnia,
940 1223 1056 1268 quae
1087 1209 1145 1254 ab
1177 1208 1444 1254 officialibus
1477 1214 1634 1254 caetus
1674 1211 1790 1255 forte
1825 1225 1950 1268 prae·

169 1290 412 1349 cipiantur.

292 1376 416 1419 1141.
455 1376 578 1420 Idem
613 1375 857 1420 dicendum
882 1376 936 1420 de
971 1375 1026 1420 iis
1057 1376 1373 1421 sodalitatibus
1394 1376 1441 1420 in
1464 1376 1628 1436 quibus
1650 1380 1744 1421 tam
1769 1380 1950 1422 arctum

168 1458 332 1503 secreti
365 1459 524 1503 foedus
556 1459 731 1514 ineant,
769 1464 818 1503 ut
851 1459 959 1504 illud
988 1474 1045 1504 ne
1077 1459 1346 1504 auctoritati
1386 1459 1570 1518 quidem
1613 1459 1948 1504 ecclesiasticae

169 1540 369 1598 legitime
403 1541 704 1599 interroganti
739 1546 870 1587 extra
905 1544 945 1587 S.
985 1542 1298 1588 Poeuitentiae
1334 1542 1550 1598 tribunal,
1587 1542 1775 1601 impune
1819 1557 1949 1588 reve-

168 1625 248 1670 lari
277 1625 430 1684 possit.
484 1625 526 1670 Si
558 1640 646 1685 qua
684 1640 792 1671 vero
841 1626 1042 1671 Societas
1091 1627 1409 1685 presbyterum
1458 1626 1640 1685 proprio
1687 1632 1833 1672 marte
1866 1626 1949 1671 sibi

168 1707 373 1751 vindicet
405 1708 608 1753 aliumve
645 1708 905 1754 ministrum
941 1709 1106 1764 cultus,
1142 1709 1219 1769 qui
1252 1710 1406 1755 rituali
1430 1725 1483 1755 ac
1517 1711 1819 1756 caeremoniis
1850 1726 1949 1769 pro-

169 1791 276 1850 priis
310 1806 389 1849 pro
422 1805 502 1835 suo
536 1792 680 1836 lubitu
719 1797 892 1847 utatur,
929 1792 1076 1838 eidem
1110 1793 1325 1852 adscripti
1372 1807 1590 1838 censuras
1639 1799 1799 1838 contra
1834 1794 1948 1838 schi-

169 1873 385 1918 smaticos
419 1874 490 1918 vel
526 1874 783 1919 haereticos
822 1875 936 1919 latas
972 1875 1230 1920 incurrunt.

293 1957 417 2001 1142.
454 1960 666 2002 Ceterum
700 1957 1066 2003 consociationes
1089 1973 1171 2004 eae
1193 1974 1309 2018 quae
1344 1965 1388 2004 61
1421 1965 1591 2005 statuta
1626 1974 1706 2006 sua
1731 1966 1947 2006 6136616-

169 2045 265 2084 tum
301 2040 564 2085 auctoritati
589 2040 823 2098 legitimae
859 2042 1109 2101 requirenti
1143 2043 1387 2101 aperienda
1424 2058 1515 2088 uon
1546 2051 1779 2100 recusant,
1800 2060 1948 2105 neque

168 2123 288 2169 aliud
322 2124 404 2168 sibi
438 2129 716 2183 proponunt,
752 2139 889 2184 quam
925 2127 1148 2174 sodalium
1181 2127 1228 2171 in
1262 2128 1441 2186 propria
1474 2134 1574 2174 arte
1601 2130 1876 2185 exercenda,
1903 2131 1949 2175 in

169 2209 431 2254 conditione
465 2223 543 2254 sua
581 2210 739 2255 mediis
774 2211 911 2256 licitis
943 2212 1270 2270 amelioranda,
1307 2215 1353 2258 in
1388 2215 1651 2276 iuribusque
1680 2217 1772 2261 suis
1794 2218 1948 2262 defen-

169 2292 344 2347 dendis,
382 2297 587 2338 mutuam
624 2295 816 2340 tutelam
851 2300 896 2340 et
930 2295 1168 2352 iuvamen,
1194 2312 1274 2355 per
1306 2312 1353 2344 36
1378 2299 1528 2345 licitae
1562 2307 1690 2357 sunt,
1730 2316 1947 2359 magnum

173 2380 325 2420 tamen
373 2380 443 2421 est
490 2377 743 2434 periculum
780 2392 835 2423 ne
879 2378 1079 2425 iustitiae
1129 2382 1248 2438 leges
1280 2397 1383 2440 erga
1428 2382 1633 2441 privatos
1667 2384 1841 2429 violent
1876 2387 1948 2431 vel

168 2458 306 2503 etiam
341 2460 397 2504 ad
430 2463 578 2504 sectas
610 2460 853 2506 damnatas
886 2462 1123 2507 accedant.
1162 2464 1289 2518 Quod
1322 2469 1368 2509 61
1401 2479 1454 2509 eo
1490 2466 1632 2523 magis
1671 2467 1945 2524 timendum,

169 2541 274 2600 quia
323 2542 516 2600 operarii
566 2542 924 2604 uniuscuiusque
972 2546 1204 2604 religionis
1246 2555 1292 2592 et
1331 2551 1481 2593 sectae
1524 2549 1866 2604 consociantur,
1902 2554 1948 2594 et

169 2624 273 2683 quia
308 2626 590 2683 perniciosae
625 2627 875 2672 Socialismi
925 2629 1194 2686 doctrinae,
1230 2635 1467 2690 tamquam
1518 2647 1692 2677 novum
1736 2637 1946 2679 terrenae

170 2706 466 2752 beatitudinis
497 2709 789 2765 evangelium
825 2710 880 2754 iis
912 2724 935 2755 a
973 2712 1282 2756 confratribus
1304 2712 1396 2757 suis
1419 2726 1510 2757 non
1546 2728 1649 2758 raro
1682 2715 1946 2772 praedican-

169 2792 244 2833 tur
276 2794 323 2834 et
355 2791 614 2835 laudantur.

291 2874 418 2918 1145.
454 2874 675 2928 Quocirca
710 2890 769 2921 ne
803 2877 1085 2934 gravissimis
1129 2879 1174 2922 in
1213 2862 1425 2937 periculis
1471 2880 1635 2938 quibus
1676 2881 1944 2938 praesertim

167 2955 369 3001 iuniores
401 2956 586 3014 opifices
618 2958 984 3016 circumdantur,
1022 2962 1353 3006 tentationibus
1389 2963 1711 3019 succumbant,
1746 2968 1792 3009 et
1825 2964 1945 3009 labo-

168 3052 271 3083 rum
305 3040 423 3084 forte
466 3041 689 3098 pertaesi,
724 3042 847 3088 salsis
880 3043 966 3088 illis
998 3043 1218 3089 doctrinis
1264 3044 1541 3100 alliciantur,
1590 3066 1609 3087 a
1635 3052 1943 3106 opportunum
