2176 3386
687 0 696 15 ¹
719 0 1107 26 ³³⁷?
1131 0 1279 22 ‹vwmz
1310 0 1430 27 *effi-..-
1464 16 1482 22 =-
1518 15 1537 33 w
1632 3 1658 18 ³·
1691 19 1693 21 ·
1730 19 1731 22 =
1764 11 1766 13 >

1341 30 1347 36 .
1381 30 1389 47 t
1501 31 1506 39 ,
1764 34 1770 43 Δ

217 163 296 204 316
859 175 970 206 PARS
999 176 1023 205 1.
1058 177 1116 205 DE
1143 176 1358 206 Pl-:Rsoms

216 293 300 324 ceu
333 279 586 325 declaravit
618 281 880 339 saepissime
913 282 957 326 S,
996 281 1082 327 Rit.
1119 282 1469 340 congregatio¹3
1507 282 1616 329 item
1638 283 1876 342 designare
1900 284 1997 331 vias

217 377 298 421 per
327 376 440 422 quas
472 364 610 408 funus
641 364 903 410 ducendum
935 370 1020 417 cst,
1056 366 1242 420 etillud
1274 365 1467 424 dirigere
1499 366 1556 411 ab
1599 367 1729 412 initio
1762 380 1903 427 usque
1941 368 1997 414 ad

217 447 374 504 finem,
410 453 455 493 et
487 439 642 494 omnia
678 450 933 494 necessaria
968 464 1181 508 peragere
1214 463 1355 509 usque
1388 451 1444 495 ad
1476 450 1645 496 atrium
1687 452 1906 497 ecclesiae
1947 454 1994 498 in

216 545 305 591 qua
339 532 584 577 defunctus
615 532 903 590 sepeliendus
935 538 1003 577 est
1027 533 1057 577 ².
1099 537 1151 578 Et
1182 524 1289 578 licet
1320 548 1345 578 a
1378 534 1596 580 defuncto
1628 534 1800 580 iussum
1834 534 1893 580 sit
1919 535 1996 581 ad-

219 615 373 659 vocari
407 615 526 661 solos
558 615 787 674 regulares
819 616 872 660 ad
907 617 1219 674 sepeliendum
1253 617 1465 673 cadaxer,
1493 618 1753 663 nullatenus
1774 619 1999 677 parochus

216 699 529 744 excludendus
561 705 644 755 est,
682 699 747 743 uti
780 714 805 744 a
829 703 870 744 S.
898 700 1258 757 Congregatione
1291 700 1612 761 Episcoporum
1635 706 1682 746 et
1706 702 1996 760 Regularium

215 781 456 827 definitum
483 783 620 828 fuisse
645 785 784 828 refert
809 785 1056 828 Leurenius
1073 784 1104 826 ⁸.
1145 783 1391 828 Associatio
1413 788 1568 829 autem
1594 784 1830 830 cadaveris
1855 788 1996 842 Regu-

217 865 381 910 larium
415 866 470 910 ad
505 866 733 924 publicum
765 866 1094 911 coemeterium
1117 867 1173 911 ad
1199 868 1442 924 Regulares
1464 867 1681 925 pertinet,
1705 869 1999 927 quemadmo-

217 951 325 995 dum
361 950 630 995 Monialium
665 951 718 994 ad
753 951 1108 1006 Confesmrium,
1142 951 1390 996 dummodo
1422 951 1621 996 cadaver
1640 952 1873 996 deferatur
1893 966 1999 997 cum

217 1036 331 1081 stola
366 1038 412 1079 et
444 1049 579 1080 cruce
613 1035 688 1079 sed
718 1035 887 1093 absque
921 1049 1086 1092 pompa
1106 1039 1152 1079 et
1175 1039 1300 1079 recto
1334 1035 1519 1079 tramite
1542 1035 1596 1079 ad
1621 1035 1950 1080 coemeterium
1969 1034 1998 1081 ⁴.

222 1117 431 1176 Religiosi
465 1117 655 1176 dispersi
688 1119 835 1177 quoad
872 1119 1032 1161 funera
1065 1119 1260 1161 subsunt
1295 1117 1505 1162 Parochis
1538 1118 1573 1162 si
1596 1118 1680 1162 sub
1701 1117 1905 1175 legitimo
1928 1132 2000 1164 su-

221 1202 396 1260 periore
428 1201 588 1246 saltem
625 1201 670 1245 in
707 1200 907 1245 ternario
943 1215 1135 1245 numero
1170 1214 1260 1245 non
1291 1200 1455 1245 vivant
1486 1205 1533 1245 et
1564 1201 1638 1245 alii
1673 1205 1804 1246 extra
1837 1202 2000 1259 degen-

219 1290 289 1329 tes
321 1285 378 1328 ab
410 1285 568 1329 eodem
606 1298 697 1328 non
732 1284 1069 1341 dependeant5.

340 1367 440 1412 585.
483 1372 553 1412 lus
585 1371 742 1411 tamen
770 1367 955 1411 Parochi
990 1367 1302 1411 emolumenta
1334 1366 1608 1425 percipiendi
1643 1368 1809 1426 duplex
1843 1368 2002 1413 distin-

220 1451 295 1509 gui
318 1451 469 1504 debet,
507 1451 575 1494 ius
607 1465 772 1507 nempe
795 1450 850 1494 ad
874 1454 1048 1494 certam
1083 1450 1282 1509 aliquam
1316 1450 1620 1506 oblationem,
1656 1451 1838 1510 quando
1878 1466 2003 1509 paro·

221 1534 414 1578 chianus
449 1534 493 1578 in
521 1534 765 1591 parochiali
804 1533 994 1578 eeclesia
1030 1535 1103 1578 vel
1137 1534 1413 1579 coemeterio
1447 1535 1682 1579 communi
1716 1535 2003 1592 sepeliendus

221 1622 306 1673 est,
332 1616 469 1662 etius
503 1618 565 1661 ad
596 1623 819 1675 quartam
853 1615 1140 1674 faneralem,
1175 1617 1358 1676 quando
1393 1617 1438 1661 in
1472 1617 1619 1662 aliena
1654 1617 1842 1661 ecclesia
1879 1632 2004 1676 paro-

222 1702 415 1747 chianus
447 1702 746 1746 tumulandus
777 1707 860 1747 est.
902 1702 1100 1746 Primum
1136 1702 1456 1759 complectitur
1488 1716 1539 1747 ea
1571 1702 1743 1757 omnia,
1767 1717 1883 1761 quae
1906 1702 2003 1748 sive

223 1790 330 1830 ante
354 1785 452 1830 sive
476 1790 574 1843 post
599 1787 735 1829 funus
759 1785 803 1828 in
823 1783 1013 1829 ecclesia
1049 1784 1311 1842 parochiali,
1338 1784 1541 1829 eiusdem
1569 1784 1743 1828 funeris
1764 1785 2003 1830 occasione

222 1869 278 1914 ad
311 1869 552 1914 ecclesiam
589 1869 868 1927 perveniunt
892 1868 922 1912 ⁶.
970 1869 1086 1912 Hinc
1118 1868 1174 1912 ad
1208 1868 1462 1913 Parochum
1503 1873 1712 1926 spectant
1750 1868 1999 1924 intorticia‚

224 1952 441 1997 candelae
465 1957 510 1996 et
533 1951 651 1996 cerei
686 1951 762 2010 qui
797 1951 956 1995 eodem
982 1951 1076 2007 ipso
1102 1950 1271 2009 peracti
1302 1950 1476 1995 funeris
1505 1951 1575 1995 die
1599 1950 1645 1995 in
1670 1951 1859 1996 ecclesia
1883 1951 2003 1997 circa

225 2037 445 2080 feretrum
480 2041 616 2094 atque
650 2035 696 2079 in
729 2034 947 2080 altaribus
989 2035 1169 2080 accensi
1203 2039 1336 2090 sunt,
1373 2035 1493 2079 circa
1537 2048 1746 2090 crucem,
1789 2035 2003 2090 cadaver,

224 2119 482 2175 culcitram,
518 2122 607 2163 etc.
643 2133 760 2177 quae
792 2118 837 2162 in
875 2119 1034 2162 sunere
1066 2119 1350 2162 deferuntur.
1392 2122 1572 2162 Praeter
1605 2118 1733 2173 haec,
1771 2117 1838 2162 ius
1872 2117 2007 2162 habet

224 2203 435 2261 exigendi
471 2207 603 2246 taxas
635 2217 660 2247 a
694 2201 887 2260 Synodis
919 2201 1202 2246 dioecesanis
1235 2205 1429 2246 statutas
1475 2215 1552 2258 pro
1596 2200 1832 2245 funeribus
1878 2201 2004 2245 iuxta

226 2300 524 2345 personarum
559 2285 889 2330 conditionem.
930 2284 1205 2342 Excipienda
1240 2289 1395 2328 tamen
1430 2288 1537 2328 sunt
1571 2283 1800 2329 intorticia
1825 2288 1905 2328 aut
1937 2298 2007 2329 ce-

226 2369 290 2414 rei
323 2369 764 2414 Confraternilatum
799 2368 872 2426 qui
909 2382 933 2412 a
967 2366 1195 2412 sodalibus
1228 2368 1388 2411 funera
1431 2366 1763 2411 associantibus
1795 2367 2006 2412 deferun—

227 2458 316 2508 tur,
354 2467 438 2497 nec
473 2467 565 2498 non
599 2452 816 2497 candelae
849 2450 1158 2496 confratribus
1191 2450 1380 2510 aliisque
1413 2450 1467 2494 de
1501 2450 1621 2495 clero
1655 2449 1753 2495 sive
1785 2450 2006 2494 saeculari

346 2621 356 2640 ¹
386 2621 443 2658 Uti
471 2620 594 2657 videre
621 2624 674 2656 est
702 2619 800 2664 apud
824 2618 1057 2662 GARDELLINI
1083 2629 1119 2655 n.
1144 2618 1248 2654 4524.

345 2693 357 2711 ²
385 2694 559 2729 BARBOSA
584 2694 625 2730 de
650 2692 759 2739 officio
778 2695 810 2728 et
823 2694 1000 2738 potestate
1016 2691 1187 2742 *Paroa-hi,
1218 2690 1303 2735 Cap.
1330 2689 1387 2734 26,
1413 2700 1448 2726 n.
1476 2689 1532 2734 74,
1558 2688 1613 2731 75,
1640 2689 1703 2726 ubi
1730 2688 1775 2724 ad
1802 2698 1877 2724 rem
1903 2689 2005 2724 allen

227 2765 436 2802 decisiones
463 2765 495 2801 S.
525 2763 835 2810 Congregationis
862 2763 984 2809 Episc.
1011 2767 1046 2798 et
1073 2761 1244 2807 Regular.

347 2835 360 2854 ³
385 2836 549 2872 LEUREN.
577 2835 663 2871 For.
690 2835 812 2881 benes.,
842 2839 934 2880 part.
962 2834 993 2878 1,
1020 2843 1054 2879 q.
1079 2832 1160 2875 455,
1188 2841 1222 2868 n.
1253 2833 1282 2868 1.

345 2906 359 2926 ³
386 2907 440 2943 Ita
465 2907 627 2943 decrevit
652 2907 734 2942 Sac.
762 2907 896 2951 congr.
924 2905 1035 2942 Conc.
1065 2904 1123 2940 die
1150 2903 1195 2940 24
1222 2903 1377 2940 ianuarii
1407 2902 1510 2939 1846.

347 2977 359 2997 ³
387 2980 421 3016 S.
448 2978 485 3015 C.
511 2978 584 3014 EE.
610 2982 645 3014 et
671 2978 744 3014 RR.
768 2978 809 3013 11
837 2981 942 3014 mart.
971 2976 1073 3014 1881.

346 3049 360 3070 ⁸
386 3050 558 3087 BARsosA
584 3049 654 3086 loc.
681 3049 752 3092 cit„
779 3058 860 3095 cap.
886 3047 943 3091 25,
969 3059 1007 3085 n.
1033 3049 1089 3084 57.

2135 2075 2147 2109 ’θ
