2176 3386
247 174 326 214 470
891 184 1002 213 PARS
1032 185 1055 212 1.
1091 184 1147 212 DE
1177 183 1387 213 Pensoms

244 293 454 348 reddant,
490 306 543 337 ac
577 292 694 337 bona
730 292 775 336 in
808 304 917 336 usus
950 292 1046 350 pios
1078 291 1480 336 confraternitatis
1522 291 1726 350 proprios
1759 291 2028 350 impendan-

241 381 331 421 tur.
369 375 780 421 confraternitates
813 389 929 434 quae
963 375 1009 419 in
1043 375 1192 433 aliqua
1219 374 1434 419 Parochia
1458 375 1532 419 vel
1564 373 1610 419 in
1645 373 1796 434 aliquo
1828 374 2027 420 oratorio

241 459 340 503 sive
389 459 568 517 publico
615 458 714 503 sive
749 458 928 515 privato
961 457 1181 502 ecclesiae
1216 457 1461 516 parochiali
1510 458 1708 513 adnexo,
1746 459 1947 503 Paroeho
1979 459 2026 503 in

242 543 458 589 omnibus
507 543 820 588 functionibus
851 541 1173 587 ecclesiasticis
1205 541 1346 586 etiam
1384 555 1474 585 non
1511 541 1846 599 parochialibus
1892 542 2027 586 subii-

245 629 434 673 ciuntur
458 629 487 672 ¹.
525 627 938 673 confraternitates
986 640 1097 670 vero
1144 640 1260 684 quae
1295 624 1340 668 in
1375 624 1586 669 oratoriis
1636 625 1825 683 publicis
1857 625 1914 669 ab
1949 630 2026 669 Ee·

247 710 383 756 clesia
418 709 664 769 parochiali
689 709 909 753 seiunctis
932 709 1134 753 Parocho
1165 707 1486 764 subiiciuntur‚
1514 707 1834 752 tantummodo
1858 707 1903 751 in
1929 708 2028 752 fun-

248 793 477 839 ctionibus
524 792 846 838 ecclesiasticis
893 806 1008 851 quae
1056 790 1330 849 parochialia
1383 790 1539 834 munia
1590 794 1862 848 reputantur
1900 792 1930 834 2.
1979 793 2027 834 In

248 876 383 920 dubio
433 875 742 934 praesumptio
784 875 969 919 Pal-ochi
1010 876 1168 919 favore
1216 873 1407 918 (licenda
1442 877 1525 917 est.
1581 872 1823 931 Episcopus
1874 887 1951 931 per
1983 886 2029 917 se

251 959 323 1002 vel
360 973 436 1016 per
468 971 600 1002 suum
619 957 894 1031 ⁴'delegatum
935 957 1149 1000 omnihus
1180 955 1380 1001 comitiis
1426 969 1541 1015 quae
1575 969 1599 999 a
1633 955 2030 1001 Confraternitati-

250 1042 332 1085 bus
366 1045 613 1085 teneantur
646 1041 866 1085 interesse
916 1045 1063 1097 potest
1095 1040 1273 1084 etiamsi
1318 1041 1362 1084 in
1401 1039 1608 1084 Ecclesiis
1645 1041 1932 1097 Regularium
1986 1040 2029 1084 in

250 1124 413 1183 quihus
446 1124 852 1168 confraternitates
885 1128 1065 1168 erectae
1088 1128 1196 1167 sunt
1218 1122 1403 1167 comitia
1428 1123 1692 1166 adunentur
1714 1123 1745 1179 3;
1782 1122 1960 1167 etiamsi
1986 1122 2030 1167 in

251 1208 319 1252 his
352 1207 550 1252 comitiis
587 1207 829 1265 Episcopus
868 1212 1028 1250 votum
1079 1208 1195 1250 ferre
1230 1220 1322 1250 non
1358 1206 1508 1250 valeat
1531 1206 1562 1250 ⁴.
1605 1211 1754 1260 Quare
1790 1206 2033 1264 Episcopus

253 1290 429 1334 moneri
479 1290 614 1333 dehet
646 1290 700 1333 de
734 1288 1043 1333 conventibus
1075 1288 1467 1333 extraordinariis.
1519 1289 1763 1347 Episcopus
1797 1288 1864 1332 ius
1899 1288 2034 1332 hahet

252 1373 467 1418 visitandi
492 1374 904 1418 confraternitates
938 1372 1156 1416 laicorum
1192 1371 1332 1416 etiam
1366 1376 1542 1417 erectas
1574 1372 1619 1416 in
1648 1372 1936 1430 Regularium
1962 1387 2032 1416 ec-

251 1457 399 1502 clesiis
434 1471 524 1500 non
560 1457 694 1501 modo
742 1456 887 1515 quoad
926 1456 1059 1510 hona,
1096 1455 1172 1499 sed
1205 1455 1343 1499 etiam
1383 1456 1530 1514 quoad
1564 1456 1796 1513 Cappellas
1836 1455 1954 1513 ipsas
1987 1454 2031 1499 in

250 1547 475 1601 quantum
513 1541 711 1597 pertinet
742 1541 798 1584 ad
824 1540 1271 1584 administrationem
1301 1539 1368 1583 vel
1394 1539 1692 1597 obligationes
1723 1539 1887 1597 quibus
1921 1542 2032 1584 Con-

255 1624 521 1669 fraternitas
572 1628 796 1668 teneatur.
852 1627 897 1667 ln
934 1622 987 1666 iis
1022 1637 1131 1667 vero
1164 1636 1280 1681 quae
1313 1625 1634 1680 exemptorum
1671 1620 2032 1665 iurisdietionem

254 1709 299 1752 in
336 1709 403 1752 his
435 1707 656 1766 cappellis
700 1706 932 1766 pertinent
957 1706 1099 1751 veluti
1125 1706 1303 1760 altaria,
1330 1705 1555 1762 Imagines
1587 1708 1674 1750 etc.
1715 1704 1956 1762 Episcopus
1988 1717 2034 1748 se

254 1794 459 1849 ingerere
493 1805 584 1835 non
621 1795 767 1848 potest
793 1790 823 1833 ⁵.

373 1876 472 1919 608.
495 1874 908 1919 Confraternitates
926 1873 1006 1917 sihi
1031 1877 1202 1916 statuta
1227 1876 1273 1916 et
1295 1871 1610 1916 ordinationes
1631 1870 1828 1916 condere
1849 1874 2037 1928 possunt

253 1963 294 2003 al
336 1958 539 2017 Episcopi
573 1957 924 2002 confirmatione
958 1956 1182 2014 indigent,
1217 1957 1293 2015 qui
1327 1956 1467 2000 etiam
1501 1954 1575 1999 illa
1603 1954 1850 1999 emendare
1882 1967 1935 1998 ac
1969 1967 2035 1996 re-

255 2057 421 2088 vocare
471 2047 634 2100 potest,
671 2042 755 2086 nisi
794 2046 948 2086 tamen
983 2041 1037 2085 de
1071 2040 1255 2085 statutis
1302 2045 1464 2097 agatur
1495 2053 1612 2098 quae
1644 2052 1669 2083 a
1704 2038 1814 2082 Sede
1850 2041 2034 2096 Aposto-

254 2125 338 2170 lica
373 2126 547 2170 fuerint
584 2125 857 2169 confirmata
881 2124 912 2168 ⁶.
949 2123 1361 2168 Confraternitates
1399 2122 1570 2166 habent
1604 2122 1672 2166 ius
1704 2120 1898 2178 eligendi
1940 2134 2035 2178 pro-

256 2207 376 2267 prios
408 2209 624 2253 officiales
655 2209 731 2267 qui
767 2212 923 2252 tamen
959 2207 1015 2251 ab
1041 2207 1258 2264 Episcopo
1290 2204 1595 2250 confirmandi
1628 2209 1751 2249 sunt.
1789 2203 1955 2257 Quodsi
1990 2203 2036 2247 in

256 2293 392 2339 tertio
438 2292 660 2338 scrutinio
694 2292 869 2336 sodales
903 2291 948 2335 in
982 2291 1207 2335 electione
1257 2289 1464 2334 facienda
1514 2302 1605 2332 non
1641 2287 1908 2342 coveniant‚
1944 2286 2036 2330 offi-

255 2376 392 2421 ciales
423 2376 480 2420 ab
517 2375 733 2433 Episcopo
771 2374 873 2432 eligi
900 2378 1090 2432 possunt
1114 2375 1144 2417 ⁷.
1180 2371 1592 2417 Confraternitates
1639 2384 1731 2415 uno
1764 2369 1904 2414 verbo
1951 2367 2037 2412 nisi

2166 2487 2176 2510 l

2139 2534 2145 2543 .
2166 2514 2176 2540 ε

377 2589 389 2607 ’
415 2587 452 2625 S.
477 2588 520 2624 R.
548 2587 585 2623 C.
613 2587 723 2623 citato
750 2587 907 2623 decreto.
2127 2542 2176 2628 Ji

378 2660 390 2678 ³
417 2661 452 2696 S.
479 2660 516 2696 C.
543 2660 615 2695 EE.
642 2663 677 2695 et
704 2659 775 2695 ΗΒ.
805 2658 841 2693 in
867 2658 1104 2694 caesenaten.
1132 2655 1178 2691 ‘24
1203 2655 1294 2691 Nov.
1317 2654 1423 2698 16903
1451 2655 1485 2691 S.
1506 2655 1543 2691 C.
1563 2653 1599 2689 C.
1628 2653 1664 2688 iu
1691 2651 1869 2688 Assisieu.
1899 2649 1940 2685 10
1971 2650 2033 2686 Se-

377 2519 386 2538 ¹
417 2521 450 2556 S.
478 2521 507 2556 R
534 2520 570 2556 C.
599 2519 731 2555 decret.
758 2528 840 2564 gen.
869 2517 913 2554 10
938 2518 1026 2554 Dee.
1056 2516 1167 2558 1705;
1195 2515 1342 2552 Collect.
1368 2514 1473 2551 2125.

258 2733 412 2779 ptcmhr.
441 2732 543 2769 1785.

376 2803 390 2823 '⁶
417 2804 451 2840 S.
480 2803 517 2840 C.
545 2803 582 2839 C.
611 2803 647 2838 in
674 2801 922 2847 Senogallien.
949 2801 970 2836 4
998 2800 1077 2836 iun.
1104 2798 1205 2835 1701.

377 2877 389 2895 ⁵
416 2877 578 2913 Trideut.
605 2874 702 2911 Sess.
731 2873 848 2918 XXII,
876 2872 954 2909 e.-8
978 2872 1022 2908 de
1060 2871 1123 2907 ref.
1153 2870 1186 2907 S.
1213 2871 1249 2906 C.
1277 2871 1347 2906 EE.
1374 2873 1409 2905 et
1439 2869 1508 2905 Ru.
1535 2868 1574 2904 in
1598 2866 1731 2903 Alifen.
1761 2864 1866 2904 1657.
1894 2865 1931 2901 in
1973 2863 2036 2898 Fa-

257 2958 341 2985 nen.
370 2948 414 2985 10
441 2947 526 2993 Apr-
556 2946 666 2987 1695;
695 2945 730 2981 S.
750 2944 786 2981 C.
806 2944 844 2981 C.
876 2944 912 2980 in
937 2943 1123 2980 Nucerina
1146 2940 1192 2977 23
1218 2941 1297 2977 Iun.
1328 2939 1429 2982 1629,
1457 2939 1495 2975 in
1523 2937 1726 2976 Urbanien.
1755 2935 1802 2972 25
1819 2937 1916 2982 Sept.
1938 2933 2041 2971 1690.

377 3018 390 3036 ‘³
417 3019 451 3054 S.
478 3017 517 3053 C.
546 3017 615 3053 EE.
642 3022 677 3052 et
706 3017 777 3052 RR.
805 3016 843 3051 in
867 3014 1075 3051 Actor-icen.
1104 3012 1145 3048 17
1172 3011 1278 3048 Febr.
1309 3010 1408 3047 1605.

376 3090 387 3108 ⁷
416 3090 711 3127 Senas’rmuutm
738 3086 1008 3124 praelectiones
1035 3085 1106 3121 hoc
1132 3084 1225 3120 loeo.
