2176 3386
0 3263 94 3386 li

769 197 899 225 LIBER
928 197 952 224 1.
983 196 1040 224 DE
1069 195 1264 225 (ΗΑ-331613
1832 185 1904 225 181

121 304 180 349 sit
214 317 304 348 non
340 316 486 347 unum
522 290 704 347 tantum
738 302 815 347 sed
849 302 991 347 duos¹
1030 301 1350 359 pro-vicarios
1371 301 1566 360 eligendi
1585 302 1662 360 qui
1687 303 1906 347 defuncto

122 390 202 431 aut
223 387 411 431 absente
437 385 533 430 Vic.
566 385 823 443 Apostolico
852 385 1166 429 omnimodam
1189 385 1554 430 iurisdictionem
1579 385 1796 430 habeant.
1827 390 1906 430 De-

122 469 312 514 cedente
337 483 429 513 uno
462 483 519 513 ex
554 468 679 512 hisce
714 467 1020 528 pro-Yicariis
1070 469 1200 525 plena
1250 468 1503 513 iurisdictio
1539 468 1584 512 in
1618 468 1765 512 altero
1799 483 1906 513 eon-

121 551 353 597 solidatur.
390 552 518 605 Quod
551 550 585 596 si
623 564 741 595 unus
775 551 913 595 fuerit
945 551 1119 595 electus
1152 551 1375 606 Vicarius,
1413 551 1485 596 liic
1510 552 1762 596 moriturus
1797 552 1907 595 alte-

123 650 222 680 rum
256 634 303 678 in
337 648 471 679 suum
521 635 671 679 locum
721 635 942 692 deputare
991 640 1036 678 et
1088 634 1365 679 substituere
1414 639 1565 693 potest
1612 635 1792 694 quoties
1828 649 1906 692 per

123 721 163 763 S.
201 718 359 762 Sedem
396 717 646 762 Vicariatui
698 731 789 761 non
839 716 978 761 fuerit
1026 717 1276 775 proxisum.
1327 722 1541 762 Ceterum
1594 716 1778 776 quando
1817 717 1905 760 duo

124 800 406 846 Pro-vicarii
440 801 646 858 deputati
680 801 853 845 fuerint
889 815 979 845 non
1013 802 1150 845 simul
1172 802 1520 846 etcumulative
1541 801 1905 846 iurisdictionem

123 899 336 930 exercere
372 888 564 941 possunt
597 884 672 928 sed
710 884 834 942 prius
866 883 942 943 qui
978 883 1100 942 prior
1134 884 1272 929 fuerit
1318 885 1586 929 nominatus
1627 889 1674 929 et
1719 884 1763 928 in
1810 884 1909 929 eius

122 969 351 1013 defectum
386 969 516 1012 alter.
554 969 682 1021 Quod
718 968 754 1012 si
789 967 1029 1025 contingat
1072 968 1308 1013 neminem
1363 971 1412 1011 V.
1468 968 1776 1026 Apostolicum
1816 967 1908 1027 (qui

123 1050 390 1095 Coadiutore
424 1052 565 1105 caret)
604 1050 888 1106 nominasse,
918 1051 988 1095 vel
1025 1051 1288 1095 nominatos
1320 1051 1524 1106 desiisse,
1550 1050 1704 1095 senior
1735 1050 1909 1095 Missio-

124 1133 277 1179 narius
314 1138 591 1193 EuropaeuS,
630 1134 845 1179 videlicet
877 1134 954 1193 qui
992 1134 1112 1192 prior
1144 1149 1200 1179 ex
1240 1139 1415 1194 Europa
1451 1135 1495 1178 in
1523 1134 1810 1192 provinciam
1840 1134 1908 1178 in·

124 1230 300 1274 gressus
332 1222 400 1260 est
434 1230 486 1260 ac
520 1217 712 1274 longiori
749 1222 953 1274 tempore
987 1217 1249 1262 animarum
1286 1217 1542 1262 ministerio
1567 1217 1706 1261 fuerit
1737 1217 1908 1262 manci-

124 1302 254 1357 patus
288 1299 382 1357 ipso
416 1299 512 1344 iure
557 1303 794 1359 tamquam
832 1301 1115 1358 Apostolicae
1149 1300 1274 1344 Sedis
1296 1302 1530 1358 delegatus
1556 1300 1812 1345 vicariatus
1834 1302 1910 1345 ad-

126 1382 514 1428 ministrationem
560 1383 779 1442 suscipiat
803 1385 832 1428 ².
884 1385 1011 1439 Quod
1052 1386 1086 1429 si
1123 1385 1399 1430 contestatio
1450 1385 1508 1429 sit
1555 1398 1690 1442 super
1738 1383 1911 1428 iuribus

125 1467 322 1524 plurium
361 1468 754 1514 Missionariorum
799 1471 854 1514 ad
898 1469 1316 1514 administrandum
1367 1469 1647 1514 Vicat-iatum
1692 1467 1910 1527 Apostoli-

123 1564 226 1595 cum
265 1556 530 1607 vacantem,
572 1554 638 1597 vel
675 1552 710 1596 si
746 1553 1002 1611 persecutio
1035 1556 1195 1597 contra
1234 1552 1572 1596 Pro-vicarium
1608 1551 1801 1606 saeviat,
1840 1552 1911 1596 vel

125 1634 179 1679 ad
211 1636 426 1679 eumdem
461 1636 678 1680 accedere
713 1636 771 1680 sit
804 1635 1128 1694 periculosum,
1168 1636 1262 1681 Vic.
1299 1636 1566 1693 Apostolico
1602 1634 1813 1679 viciniori
1849 1635 1910 1679 fa-

125 1719 318 1763 cultates
354 1720 639 1764 necessariae
673 1723 992 1764 conceduntur
1024 1720 1136 1778 quin
1162 1725 1317 1764 tamen
1341 1718 1534 1776 delegati
1558 1723 1702 1776 apost.
1741 1732 1909 1762 nomen

126 1807 327 1846 assumat
361 1802 391 1846 ³.
433 1806 674 1847 Caeterum
711 1804 826 1848 hene
862 1807 1022 1848 monet
1053 1804 1109 1848 cl.
1136 1803 1276 1847 Zitelli
1313 1807 1404 1847 tota
1445 1801 1610 1846 Vicarii
1639 1805 1716 1859 Ap.
1745 1801 1911 1858 obliga-

128 1885 187 1930 tio
220 1885 266 1929 in
302 1899 382 1930 suo
420 1901 612 1931 munere
647 1887 906 1931 exercendo
940 1886 1209 1930 continetur
1240 1890 1286 1930 et
1328 1885 1583 1930 absolvitur
1624 1884 1791 1941 duplici
1828 1886 1911 1928 hoc

125 1970 296 2015 officio:
334 1969 564 2015 efficiendi
600 1971 822 2015 nimirum
863 1972 899 2025 l)
939 1975 989 2014 ut
1022 1969 1296 2015 catholicam
1334 1969 1468 2013 fidem
1503 1967 1579 2012 ubi
1613 1967 1788 2011 radices
1820 1965 1913 2023 egit

124 2057 401 2096 conservent
434 2056 480 2097 et
517 2053 722 2097 lidelium
759 2067 872 2111 quos
906 2052 1174 2097 invenerint
1197 2066 1354 2096 curam
1379 2055 1562 2109 gerant3
1600 2051 1641 2106 2)
1670 2053 1720 2092 ut
1753 2047 1909 2092 inlide-

127 2133 240 2179 libus
273 2135 502 2180 Christum
538 2135 838 2189 annuntient,
874 2135 1131 2180 haereticos
1166 2149 1275 2179 vero
1308 2139 1354 2178 et
1402 2132 1720 2178 schismaticos
1752 2131 1809 2175 ab
1844 2146 1910 2176 er-

128 2217 302 2261 roribus
335 2218 426 2262 suis
461 2218 515 2262 ad
553 2218 781 2276 gremium
815 2217 1067 2262 catholicae
1105 2216 1328 2262 Ecclesiae
1364 2220 1599 2260 revocent.

439 2326 455 2371 g
483 2327 515 2361 3.
542 2345 584 2350 —-
619 2326 678 2361 De
700 2326 926 2372 privilegiis
967 2326 1216 2361 viem-iorum
1258 2325 1593 2371 Apostolicorum.

245 2413 345 2457 ⁹240.
374 2414 604 2457 Nonnulla
631 2414 955 2458 tantummodo
978 2413 1295 2458 delibabimus.
1333 2412 1525 2456 Vicariis
1554 2415 1632 2469 Ap.
1670 2411 1907 2469 competit3

133 2494 169 2550 1)
200 2495 492 2553 Privilegium
518 2497 676 2540 altaris
701 2497 875 2553 viatici3
913 2498 954 2554 2)
982 2497 1272 2555 privilegium
1298 2496 1556 2541 celebrandi
1584 2496 1655 2539 vel
1682 2495 1911 2540 indicendi

129 2563 403 2635 cappellanis
435 2579 530 2624 suis
566 2580 686 2624 utin
712 2579 967 2625 domestico
1000 2580 1165 2624 sacello
1198 2593 1381 2624 sacrum
1417 2579 1590 2623 faciant
1625 2593 1702 2636 pro
1735 2593 1813 2622 suo
1841 2578 1911 2623 vel

130 2659 328 2706 familiae
364 2663 606 2707 commodo
629 2668 736 2707 ante
770 2677 983 2708 auroram
1009 2662 1081 2708 vel
1115 2667 1215 2721 post
1250 2661 1515 2719 meridiem3
1553 2663 1593 2713 5)
1623 2661 1910 2719 prixilegium

127 2742 208 2787 sibi
243 2745 436 2803 eligendi
475 2746 814 2792 Confessarium
849 2751 936 2791 etc.
974 2752 1062 2791 etc.
1101 2750 1149 2791 In
1194 2760 1360 2804 genere
1410 2745 1503 2789 Vic.
1554 2745 1822 2803 Apostolicis
1860 2759 1911 2789 ea

130 2832 396 2885 competunt
431 2829 665 2887 privilegia
703 2829 869 2889 quibus
905 2829 1109 2887 Episcopi
1148 2831 1353 2874 titulares
1386 2829 1526 2874 etiam
1561 2833 1802 2873 ornantur.

248 2957 257 2976 ¹
288 2958 435 2995 Collect.
464 2969 498 2994 n.
527 2958 604 2995 163.

246 3029 259 3048 ¹
286 3030 433 3067 Collect.
460 3040 493 3066 n.
525 3030 603 3073 164,
636 3030 714 3074 165,
744 3030 822 3066 166.
850 3029 902 3066 Cf.
929 3039 966 3065 n.
995 3029 1073 3066 168.

250 3099 263 3120 ‘
289 3100 442 3138 Collect.
470 3111 504 3137 n.
535 3101 613 3137 167.
