2176 3386
556 246 685 274 Lmen
715 246 738 274 1.
770 246 826 274 DE
857 246 993 275 REBUS
1024 245 1260 275 ECCLESIAE
1289 244 1616 274 smfflTUAmes
1906 234 1979 273 171

197 356 393 399 mortem
428 355 637 399 Maeviae
671 353 814 398 'fitius
846 353 926 399 fiat
957 353 1256 408 christianus,
1293 353 1522 411 poteritne
1554 352 1722 398 ducere
1763 354 1977 398 Bertbam

193 449 398 481 sororem
433 436 643 481 Maeviae
676 451 700 480 e
735 449 910 495 pagana
944 437 1116 481 factam
1149 435 1489 480 christianam?
1521 435 1737 494 Idemque
1772 440 1903 480 estne
1926 436 1981 494 de

196 517 482 576 sponsalibus
516 532 797 576 paganorum
831 533 884 563 ac
917 519 972 564 de
1005 517 1304 564 matrimonio
1329 520 1463 563 rato?
1495 519 1611 563 Huic
1633 519 1771 563 dubio
1797 533 1982 578 respon-

193 601 262 646 dit
290 605 332 646 S.
367 605 529 660 Congr.
567 605 609 647 S.
644 602 731 647 off.
767 602 840 647 die
873 603 927 647 26
962 602 1236 661 septembris
1275 602 1411 656 1857,
1456 601 1842 660 impedimentum
1885 617 1978 647 non

193 684 457 729 subsistere.

640 815 657 862 ξ,
685 817 740 852 13.
770 836 813 842 -
839 817 898 853 De
925 817 1212 864 impedimento
1239 817 1394 853 ordinis
1420 818 1537 854 sacri.

315 933 415 977 965.
452 935 572 977 Ordo
606 946 736 977 sacer
769 933 841 977 vel
878 933 1055 978 ratione
1089 934 1175 989 sui,
1212 934 1286 978 vel
1321 934 1498 979 ratione
1532 934 1751 980 solemnis
1787 935 1882 980 voti
1912 950 1982 981 ca-

193 1015 364 1060 stitatis
395 1016 515 1075 quod
550 1015 687 1060 babet
720 1016 987 1072 adnexum,
1039 1018 1111 1061 vel
1163 1017 1339 1062 ratione
1374 1019 1645 1078 utriusque,
1697 1019 1742 1063 in
1781 1019 1981 1065 Ecclesia

195 1097 336 1142 latina
371 1098 654 1144 matrimonii
691 1099 959 1158 incapacem
995 1100 1123 1145 illum
1159 1101 1336 1157 reddit,
1382 1103 1458 1161 qui
1493 1103 1734 1149 ordinatus
1766 1109 1849 1151 est.
1898 1105 1984 1158 Qui

196 1194 306 1226 vero
339 1193 468 1225 sacro
501 1180 753 1238 insignitus
785 1181 943 1226 ordine
977 1187 1057 1227 aut
1089 1183 1284 1228 solemni
1325 1184 1552 1230 castitatis
1587 1190 1694 1230 voto
1738 1186 1986 1231 obstrictus

197 1264 547 1309 matrimonium
583 1265 857 1310 contrahere
893 1270 1143 1324 praesumit
1176 1268 1329 1327 (quod,
1367 1269 1441 1313 ubi
1478 1269 1800 1315 Tridentinum
1844 1272 1983 1329 viget,

194 1348 442 1392 dicendum
475 1352 543 1393 est
577 1348 718 1393 etiam
752 1348 807 1394 de
842 1349 1140 1395 matrimonio
1174 1355 1358 1396 tantum
1391 1352 1535 1408 civili,
1571 1353 1690 1412 quod
1728 1355 1913 1411 vocant)
1941 1358 1987 1398 et

195 1430 270 1491 qui
305 1445 411 1476 cum
446 1446 498 1476 eo
535 1432 885 1477 matrimonium
922 1433 1038 1478 inire
1072 1434 1341 1493 praesumit,
1379 1436 1624 1481 incurrunt
1662 1438 1985 1481 excommuni-

193 1514 426 1559 cationem
462 1514 716 1560 ordinariis
751 1521 1053 1562 reservatam.
1089 1517 1279 1563 Admitti
1313 1523 1471 1563 autem
1507 1519 1667 1578 nequit
1706 1520 1827 1578 quod
1871 1534 1986 1564 non-

197 1598 308 1642 nulli
342 1597 519 1654 dicunt‚
557 1598 676 1643 hanc
710 1613 801 1643 non
837 1599 1047 1644 contrahi
1082 1599 1117 1644 si
1154 1600 1504 1646 matrimonium
1540 1602 1679 1646 fuerit
1713 1603 1893 1648 nullum
1927 1619 1985 1649 ex

194 1681 285 1725 alio
318 1681 484 1739 capite,
519 1696 594 1726 ex.
631 1696 695 1740 gr.
732 1683 767 1726 si
803 1683 1126 1728 contraxerint
1158 1684 1363 1728 obstricti
1412 1685 1500 1730 alio
1550 1685 1883 1744 impedimento
1921 1687 1985 1732 di-

199 1763 410 1807 rimenle.

316 1848 414 1893 966.
447 1848 568 1893 Ordo
601 1862 731 1894 sacer
763 1850 904 1894 etiam
939 1850 1059 1908 apud
1106 1853 1305 1896 Graecos
1356 1850 1707 1896 matrimonium
1755 1851 1928 1896 dirimit
1951 1852 1983 1895 ¹.

316 1932 416 1976 967.
456 1935 592 1976 Porro
626 1932 1010 1991 impedimentum
1054 1933 1228 1978 ordinis
1270 1940 1317 1979 el.
1360 1935 1558 1980 alterum
1602 1935 1881 1994 proveniens
1923 1950 1981 1981 ex

198 2017 307 2058 x‘oto
339 2014 658 2059 continentiae
692 2015 860 2060 emisso
894 2015 941 2060 in
976 2017 1256 2074 professione
1290 2018 1485 2062 solemni
1521 2019 1566 2062 in
1589 2032 1643 2063 eo
1668 2018 1837 2074 differt,
1864 2018 1986 2078 quod

197 2095 318 2141 istud
351 2097 521 2142 nedum
557 2098 709 2143 irritas
744 2099 889 2143 reddit
924 2099 1109 2157 nuptias
1142 2100 1383 2157 ineundas,
1419 2101 1496 2145 sed
1520 2106 1566 2145 et
1588 2101 1798 2146 dissolvit
1827 2103 1984 2147 matri-

198 2179 407 2225 monium
443 2185 593 2226 ratum
628 2195 722 2227 non
757 2187 1134 2228 consummatum
1167 2187 1276 2228 ante
1311 2183 1642 2241 professionem
1677 2183 1872 2239 initum,
1918 2183 1984 2228 uli

198 2263 317 2309 infra
350 2269 625 2322 exponetur,
665 2270 824 2310 votum
859 2270 1015 2311 autem
1050 2281 1130 2325 per
1162 2268 1278 2312 sacri
1318 2267 1658 2325 susceptionem
1701 2267 1876 2312 ordinis
1916 2281 1984 2312 so·

200 2348 519 2405 lemnizatum,
548 2334 730 2394 tantum
755 2350 1016 2396 inhabilitat
1038 2355 1093 2396 ad
1118 2352 1506 2409 contrahendum,
1534 2353 1726 2398 minime
1750 2367 1860 2398 vero
1886 2353 1982 2398 vim

202 2431 339 2477 babet
370 2433 649 2478 dissolvendi
684 2434 1034 2479 matrimonium
1068 2439 1222 2480 ratum
1256 2441 1394 2480 antea
1427 2436 1612 2482 initum.

317 2515 419 2560 968.
456 2515 541 2569 Qui
576 2515 793 2574 ignorans
825 2517 1152 2576 obligationem
1185 2518 1411 2563 castitatis
1443 2519 1674 2564 adnexam
1708 2533 1807 2565 esse
1836 2518 1986 2564 ordini

198 2610 345 2653 sacro,
381 2597 508 2643 illum
542 2600 759 2658 suscepit,
793 2600 849 2645 ad
882 2615 984 2646 eam
1018 2601 1295 2646 servandam
1330 2605 1544 2659 tenetur;
1581 2602 1635 2646 ad
1668 2616 1808 2662 quam
1842 2603 1985 2647 etiam

200 2684 403 2736 tenetur,
438 2681 514 2740 qui
549 2695 655 2727 cum
688 2696 902 2742 expressa
940 2685 1179 2729 voluntate
1213 2698 1305 2729 non
1339 2697 1387 2729 se
1409 2683 1637 2742 obligandi
1661 2685 1716 2729 ad
1740 2685 1984 2731 continen-

198 2764 312 2809 tiam
345 2766 487 2811 sacris
519 2766 782 2812 initiaretur
814 2766 1077 2824 ordinibus;
1114 2781 1168 2812 eo
1201 2769 1297 2826 ipso
1330 2768 1453 2813 enim
1488 2769 1609 2828 quod
1644 2770 1744 2814 vult
1774 2768 1983 2814 ordinem

201 2847 448 2907 suscipere,
486 2863 578 2894 non
612 2853 762 2908 potest
795 2863 888 2894 non
917 2850 1034 2895 velle
1057 2850 1358 2909 obligationes
1380 2852 1420 2896 ei
1444 2852 1650 2897 adnexas
1672 2865 1750 2896 seu
1774 2865 1832 2896 ex
1857 2864 1983 2909 prae-

200 2935 334 2989 cepto
371 2931 611 2977 Ecclesiae.

321 3096 330 3115 ¹
362 3097 395 3134 S.
416 3096 454 3133 C.
471 3096 515 3132 de
535 3097 642 3143 Prop.
661 3097 740 3134 Fid.
760 3097 862 3135 iussu
879 3097 936 3134 Pii
955 3097 1007 3134 IX
1024 3096 1070 3133 24
1089 3103 1196 3134 mart.
1219 3097 1330 3142 185&
1358 3097 1445 3144 Sup.
1465 3097 1572 3135 Univ.
1591 3097 1668 3144 Inq.
1686 3095 1732 3134 29.
1750 3097 1829 3134 dec.
1850 3097 1952 3135 1875.
