2176 3386
241 194 324 235 232
887 205 998 235 PARS
1026 206 1051 235 1.
1086 206 1144 235 DE
1172 205 1388 234 pensurus

242 318 387 372 septa,
422 317 503 358 aut
534 313 656 360 circa
689 314 967 371 clausuram,
1002 314 1076 359 vel
1109 316 1334 359 bonorum
1377 311 1826 359 administrationem
1869 327 2028 359 mona-

242 398 487 443 steriorum
523 397 810 454 monialium,
847 398 930 456 ipsi
967 396 1251 455 regularibus
1282 396 1594 442 subiectarum
1615 397 1645 441 ².

359 481 433 526 44.
470 481 627 534 Quoad
651 481 979 526 coercitionem
1006 494 1086 537 per
1108 493 1326 524 censuras
1351 483 1534 537 propter
1559 478 1929 525 benedictionem
1951 483 2025 525 ec-‘

243 563 622 619 clesiasticorum,
658 568 705 608 et
738 577 973 609 sacrorum
1009 567 1383 621 paramentorum
1418 562 1476 607 ab
1508 562 1614 621 ipsis
1647 563 1816 608 factam
1841 577 1921 622 pro
1945 577 2028 608 usu

243 647 436 693 aliarum
471 647 768 693 ecclesiarum
794 648 824 690 ².

362 731 433 776 45.
470 732 624 785 Quoad
662 731 1035 789 prohibitionem,
1073 745 1129 775 ne
1164 729 1210 775 in
1244 744 1404 775 eorum
1437 730 1641 775 ecclesiis
1663 735 1892 775 canantur
1922 744 2029 775 can-

244 815 432 869 tilenae,
467 818 513 859 et
548 814 701 858 laudes
734 813 953 858 idiomate
989 813 1191 858 italicoss.

364 899 436 943 46.
474 898 631 951 Quoad
664 898 918 955 spectantia
952 898 1008 942 ad
1042 897 1392 942 venerationem
1426 911 1602 952 eorum,
1627 897 1704 956 qui
1728 912 1832 942 cum
1863 897 2030 942 sancti-

247 984 353 1029 tatis
385 983 618 1042 opinione,
658 983 727 1027 vel
763 984 885 1027 fama
921 981 1130 1040 martyrii
1167 997 1224 1026 ex
1260 982 1344 1026 hac
1379 981 1472 1026 vita
1509 981 1767 1040 migrarunt
1783 981 1817 1026 ⁴.

363 1068 436 1111 47.
473 1066 630 1120 Quoad
666 1066 955 1123 punitionem
988 1064 1312 1120 asserentium,
1358 1069 1542 1109 Beatam
1591 1065 1823 1121 Virginem
1870 1079 2031 1110 conce·

247 1158 372 1212 ptam
409 1166 506 1197 esse
528 1165 632 1195 cum
661 1155 847 1208 peccato
869 1149 1079 1208 originali
1103 1150 1136 1194 ⁵.
1175 1149 1255 1193 Ubi
1280 1153 1438 1193 tamen
1461 1148 1798 1192 advertendum
1819 1152 1905 1203 est,
1934 1151 2033 1206 post

246 1236 551 1294 dogmaticam
587 1233 905 1278 definitionem
934 1233 1260 1278 immaculatae
1283 1231 1604 1290 Conceptionis
1630 1236 1792 1276 Beatae
1816 1231 2029 1289 Virginis,

247 1332 433 1363 causam
470 1318 588 1361 banc
622 1317 675 1360 ad
714 1316 815 1360 fidei
851 1329 1012 1360 causas
1044 1328 1143 1360 esse
1177 1315 1504 1360 revocandam.

366 1402 438 1446 48.
476 1400 632 1455 Quoad
668 1399 956 1456 punitionem
993 1404 1176 1458 propter
1209 1399 1374 1443 missae
1407 1398 1781 1453 celebrationem,
1818 1401 1864 1441 et
1900 1410 2032 1440 exce-

249 1487 453 1543 ptionem
486 1484 790 1530 confessionis
821 1483 1197 1537 sacramentalis,
1234 1486 1483 1540 antequam
1526 1479 1722 1539 promoti
1766 1480 1937 1524 fuerint
1978 1479 2033 1524 ad

248 1585 428 1616 sacrum
466 1569 808 1627 presbyteratus
840 1567 1049 1612 ordinem
1069 1565 1098 1611 ⁵.

367 1654 440 1697 49.
477 1652 634 1706 Quoad
670 1649 980 1708 receptionem
1015 1648 1060 1693 in
1085 1662 1243 1693 eorum
1279 1646 1480 1692 ecclesiis
1504 1645 1837 1704 parochialibus
1860 1644 2034 1689 missio-

251 1737 504 1791 nariorum,
539 1748 653 1795 quos
685 1734 923 1792 episcopus
947 1732 1139 1787 miserit,
1169 1737 1403 1790 tamquam
1430 1728 1732 1787 praenuncios
1756 1727 2035 1774 visitationis

249 1837 273 1867 a
308 1836 353 1866 se
388 1820 641 1878 explendae
669 1821 700 1863 ⁷.

370 1906 441 1949 50.
477 1903 634 1958 Quoad
671 1901 959 1959 punitionem
994 1902 1057 1958 (et
1089 1899 1274 1959 quidem
1303 1898 1530 1957 privative
1554 1897 1700 1956 quoad
1731 1896 1929 1953 ipsorum
1964 1907 2036 1939 su-

251 1987 465 2046 periores)
501 1991 684 2044 propter
718 1986 994 2039 tonsionem,
1030 1988 1110 2028 aut
1144 1982 1628 2036 l'alsilicationem,aut
1650 1978 2032 2024 adulterationem

254 2076 574 2116 monetarum:
602 2082 783 2113 necnon
814 2072 996 2126 propter
1021 2066 1404 2120 falsificationem,
1430 2069 1510 2109 aut
1548 2062 1929 2108 adulterationem
1965 2074 2038 2106 ce-

373 2286 381 2304 ¹
412 2286 535 2322 Consi.
565 2284 671 2329 Greg.
701 2284 780 2320 XV.
808 2282 1041 2319 Iri-scrutabili
1067 2281 1089 2317 5
1116 2281 1222 2317 Febr.
1253 2279 1355 2316 1622.

371 2356 384 2374 ’
411 2357 566 2393 Decreto
594 2356 726 2401 Congr.
754 2355 902 2391 Rituum
928 2354 966 2390 in
992 2353 1149 2389 decretis
1176 2347 1412 2397 generalibus
1439 2348 1620 2385 emanatis
1640 2346 1683 2383 27
1705 2347 1802 2392 Sept.
1823 2344 1913 2381 1659
1931 2349 1967 2380 et
1992 2342 2039 2379 20

254 2430 319 2466 Iul.
350 2428 441 2466 1660
467 2428 705 2471 confirmatis,
732 2432 766 2463 el
793 2427 1007 2472 approbatis
1035 2426 1080 2461 ab
1110 2424 1319 2461 Alexandro
1348 2422 1429 2459 Vll.

374 2500 386 2519 ³
415 2501 568 2536 Decreto
594 2499 759 2536 eiusdem
786 2499 968 2543 congreg.
997 2498 1032 2533 in
1058 2497 1252 2533 Novarien.
1282 2495 1300 2530 7
1333 2493 1490 2539 Augusti
1520 2491 1623 2535 1628,
1655 2491 1694 2526 in
1724 2489 1908 2535 Hispalen.
1933 2488 1954 2524 5
1973 2488 2038 2524 Se-

255 2573 433 2619 ptembris
462 2572 552 2609 1695
577 2577 613 2608 et
637 2571 683 2608 24
710 2570 909 2607 Novembr.
939 2569 1041 2606 1696.
2135 2592 2140 2594 ,

373 2642 387 2664 ’”
413 2644 536 2681 Const.
563 2643 701 2680 Urbani
728 2642 814 2678 VIII
844 2641 1013 2678 Caelestis
1040 2639 1266 2676 Hierusalem
1291 2637 1314 2673 5
1341 2636 1408 2672 Iul.
1435 2634 1538 2671 1655.
2135 2625 2176 2673 3,

374 2716 387 2736 ¹⁵
414 2717 536 2753 Const.
565 2715 672 2760 Greg.
699 2714 769 2751 XV
796 2713 1054 2749 sanctissimus
1090 2709 1135 2746 24
1174 2709 1261 2745 Maii
1298 2707 1387 2744 1622
1422 2711 1458 2743 ct
1494 2705 1647 2742 Alexan.
1675 2704 1742 2741 VII
1784 2701 1990 2740 Sollicitudo
2018 2701 2042 2738 8
2127 2682 2143 2696 “
2166 2698 2176 2714 “

256 2792 342 2827 Dec.
373 2789 475 2826 1661.

258 2869 261 2873 ’
374 2860 388 2879 ⁶
414 2860 537 2896 Consi.
564 2858 671 2904 Greg.
698 2857 785 2894 Xlll
813 2856 923 2902 Officii
949 2855 972 2891 6
998 2854 1156 2900 Augusli
1185 2852 1301 2896 1574,
1325 2852 1524 2889 Clementis
1558 2849 1639 2886 VIII
1674 2849 1756 2885 Etsi
1788 2848 1883 2884 alias
1918 2846 1935 2882 1
1966 2846 2038 2883 De-

255 2930 391 2968 cembi.
421 2928 523 2972 1601,
551 2928 688 2966 Urbani
717 2927 802 2963 VIII
829 2925 1065 2972 Apostolatus
1090 2924 1246 2970 officium
1271 2922 1318 2959 25
1344 2922 1431 2959 Maii
1460 2921 1552 2957 1628
1577 2929 1620 2957 ac
1646 2918 1783 2956 Bened.
1805 2916 1893 2954 XIV
1919 2916 2040 2953 Sacer-

256 3003 321 3039 dos
344 3003 382 3039 in
407 3004 598 3039 aetermam
622 3000 669 3037 20
687 3000 774 3044 Api·
796 2997 900 3035 1744.
1464 3022 1468 3027 .

375 3072 390 3093 ⁷
415 3073 513 3110 Cons
505 3077 539 3109 ·t.
566 3070 700 3108 Bened.
728 3069 815 3107 XIV
841 3067 1053 3106 Fir-mandis
1076 3071 1092 3107 ἕ
1117 3066 1151 3109 5,
1177 3065 1200 3102 6
1226 3075 1311 3102 nov.
1341 3064 1445 3101 1744.
