<?xml version="1.0" encoding="UTF-8"?>
<!DOCTYPE html PUBLIC "-//W3C//DTD XHTML 1.0 Transitional//EN"
    "http://www.w3.org/TR/xhtml1/DTD/xhtml1-transitional.dtd">
<html xmlns="http://www.w3.org/1999/xhtml" xml:lang="en" lang="en">
 <head>
  <title>
</title>
<meta http-equiv="Content-Type" content="text/html;charset=utf-8" />
  <meta name='ocr-system' content='tesseract 3.04.00' />
  <meta name='ocr-capabilities' content='ocr_page ocr_carea ocr_par ocr_line ocrx_word'/>
</head>
<body>
  <div class='ocr_page' id='page_1' title='image "apparatus00ziteuoft_0777.png"; bbox 0 0 2176 3386; ppageno 0'>
   <div class='ocr_carea' id='block_1_1' title="bbox 0 0 986 93">
    <p class='ocr_par' dir='ltr' id='par_1_1' title="bbox 0 0 986 93">
     <span class='ocr_line' id='line_1_1' title="bbox 0 0 986 93; baseline 0 3293"><span class='ocrx_word' id='word_1_1' title='bbox 0 0 986 93; x_wconf 95' lang='lat' dir='ltr'><strong> </strong></span> 
     </span>
    </p>
   </div>
   <div class='ocr_carea' id='block_1_2' title="bbox 510 167 1932 215">
    <p class='ocr_par' dir='ltr' id='par_1_2' title="bbox 510 167 1932 215">
     <span class='ocr_line' id='line_1_2' title="bbox 510 167 1932 215; baseline 0.002 -11"><span class='ocrx_word' id='word_1_2' title='bbox 510 175 638 204; x_wconf 65' lang='lat' dir='ltr'><strong>Lmen</strong></span> <span class='ocrx_word' id='word_1_3' title='bbox 666 175 690 203; x_wconf 92' lang='lat'><strong>1.</strong></span> <span class='ocrx_word' id='word_1_4' title='bbox 724 174 781 202; x_wconf 84' lang='lat' dir='ltr'><strong>DE</strong></span> <span class='ocrx_word' id='word_1_5' title='bbox 811 174 949 203; x_wconf 58' lang='lat' dir='ltr'><strong>manus</strong></span> <span class='ocrx_word' id='word_1_6' title='bbox 977 174 1213 203; x_wconf 81' lang='lat' dir='ltr'>ECCLESIAE</span> <span class='ocrx_word' id='word_1_7' title='bbox 1242 174 1570 204; x_wconf 78' lang='lat' dir='ltr'>SPIRITUALIBUS</span> <span class='ocrx_word' id='word_1_8' title='bbox 1784 212 1787 215; x_wconf 30' lang='lat'><strong><em>¹</em></strong></span> <span class='ocrx_word' id='word_1_9' title='bbox 1853 167 1932 207; x_wconf 89' lang='lat'><strong>273</strong></span> 
     </span>
    </p>
   </div>
   <div class='ocr_carea' id='block_1_3' title="bbox 1345 229 1875 235">
    <p class='ocr_par' dir='ltr' id='par_1_3' title="bbox 1345 229 1875 235">
     <span class='ocr_line' id='line_1_3' title="bbox 1345 229 1875 235; baseline 0 0"><span class='ocrx_word' id='word_1_10' title='bbox 1345 229 1875 235; x_wconf 95' lang='lat' dir='ltr'><strong> </strong></span> 
     </span>
    </p>
   </div>
   <div class='ocr_carea' id='block_1_4' title="bbox 151 271 1933 1098">
    <p class='ocr_par' dir='ltr' id='par_1_4' title="bbox 152 271 1933 510">
     <span class='ocr_line' id='line_1_4' title="bbox 152 271 1931 344; baseline -0.001 -13"><span class='ocrx_word' id='word_1_11' title='bbox 152 285 426 331; x_wconf 88' lang='lat' dir='ltr'><strong>missionum</strong></span> <span class='ocrx_word' id='word_1_12' title='bbox 461 284 506 329; x_wconf 92' lang='lat' dir='ltr'><strong>in</strong></span> <span class='ocrx_word' id='word_1_13' title='bbox 540 283 702 344; x_wconf 84' lang='lat' dir='ltr'><strong>quibus</strong></span> <span class='ocrx_word' id='word_1_14' title='bbox 734 271 992 328; x_wconf 85' lang='lat' dir='ltr'><strong>sacerdotes</strong></span> <span class='ocrx_word' id='word_1_15' title='bbox 1023 295 1182 328; x_wconf 86' lang='lat' dir='ltr'><strong>secum</strong></span> <span class='ocrx_word' id='word_1_16' title='bbox 1215 272 1392 328; x_wconf 82' lang='lat' dir='ltr'><strong>deferre</strong></span> <span class='ocrx_word' id='word_1_17' title='bbox 1425 283 1595 329; x_wconf 86' lang='lat' dir='ltr'><strong>debent</strong></span> <span class='ocrx_word' id='word_1_18' title='bbox 1640 289 1768 330; x_wconf 85' lang='lat' dir='ltr'><strong>sacra</strong></span> <span class='ocrx_word' id='word_1_19' title='bbox 1801 285 1931 331; x_wconf 88' lang='lat' dir='ltr'><strong>indu-</strong></span> 
     </span>
     <span class='ocr_line' id='line_1_5' title="bbox 155 367 1933 426; baseline 0.001 -12"><span class='ocrx_word' id='word_1_20' title='bbox 155 371 329 424; x_wconf 89' lang='lat' dir='ltr'><strong>menta,</strong></span> <span class='ocrx_word' id='word_1_21' title='bbox 357 367 586 412; x_wconf 87' lang='lat' dir='ltr'><strong>indultum</strong></span> <span class='ocrx_word' id='word_1_22' title='bbox 620 371 690 412; x_wconf 88' lang='lat' dir='ltr'><strong>est</strong></span> <span class='ocrx_word' id='word_1_23' title='bbox 711 382 736 412; x_wconf 89' lang='lat' dir='ltr'><strong>a</strong></span> <span class='ocrx_word' id='word_1_24' title='bbox 760 371 948 413; x_wconf 89' lang='lat' dir='ltr'><strong>Summo</strong></span> <span class='ocrx_word' id='word_1_25' title='bbox 982 368 1204 413; x_wconf 87' lang='lat' dir='ltr'><strong>Pontifice</strong></span> <span class='ocrx_word' id='word_1_26' title='bbox 1236 372 1287 412; x_wconf 90' lang='lat' dir='ltr'><strong>ut</strong></span> <span class='ocrx_word' id='word_1_27' title='bbox 1320 382 1400 426; x_wconf 89' lang='lat' dir='ltr'><strong>pro</strong></span> <span class='ocrx_word' id='word_1_28' title='bbox 1432 368 1503 412; x_wconf 90' lang='lat' dir='ltr'><strong>his</strong></span> <span class='ocrx_word' id='word_1_29' title='bbox 1535 367 1680 413; x_wconf 78' lang='lat' dir='ltr'><strong>tribus</strong></span> <span class='ocrx_word' id='word_1_30' title='bbox 1707 369 1933 415; x_wconf 88' lang='lat' dir='ltr'><strong>coloribus</strong></span> 
     </span>
     <span class='ocr_line' id='line_1_6' title="bbox 153 439 1471 510; baseline -0.002 -14"><span class='ocrx_word' id='word_1_31' title='bbox 153 451 356 496; x_wconf 81' lang='lat' dir='ltr'>adhiberi</span> <span class='ocrx_word' id='word_1_32' title='bbox 391 450 531 509; x_wconf 81' lang='lat' dir='ltr'><strong>possit</strong></span> <span class='ocrx_word' id='word_1_33' title='bbox 564 450 697 496; x_wconf 90' lang='lat' dir='ltr'><strong>unica</strong></span> <span class='ocrx_word' id='word_1_34' title='bbox 733 451 917 510; x_wconf 89' lang='lat' dir='ltr'><strong>planeta</strong></span> <span class='ocrx_word' id='word_1_35' title='bbox 951 439 1008 496; x_wconf 78' lang='lat' dir='ltr'><strong>ex</strong></span> <span class='ocrx_word' id='word_1_36' title='bbox 1042 451 1201 496; x_wconf 90' lang='lat' dir='ltr'><strong>iisdem</strong></span> <span class='ocrx_word' id='word_1_37' title='bbox 1236 457 1471 496; x_wconf 85' lang='lat' dir='ltr'><strong>constans.</strong></span> 
     </span>
    </p>

    <p class='ocr_par' dir='ltr' id='par_1_5' title="bbox 153 533 1932 842">
     <span class='ocr_line' id='line_1_7' title="bbox 276 533 1930 595; baseline 0.002 -17"><span class='ocrx_word' id='word_1_38' title='bbox 276 535 403 578; x_wconf 88' lang='grc'><strong>1222.</strong></span> <span class='ocrx_word' id='word_1_39' title='bbox 440 537 542 578; x_wconf 89' lang='lat' dir='ltr'><strong>Non</strong></span> <span class='ocrx_word' id='word_1_40' title='bbox 576 534 683 578; x_wconf 85' lang='lat' dir='ltr'><strong>licet</strong></span> <span class='ocrx_word' id='word_1_41' title='bbox 714 534 770 578; x_wconf 89' lang='lat' dir='ltr'><strong>ad</strong></span> <span class='ocrx_word' id='word_1_42' title='bbox 803 534 1126 579; x_wconf 84' lang='lat' dir='ltr'><strong>celebrandam</strong></span> <span class='ocrx_word' id='word_1_43' title='bbox 1163 533 1347 579; x_wconf 82' lang='lat' dir='ltr'><strong>missam</strong></span> <span class='ocrx_word' id='word_1_44' title='bbox 1383 534 1671 580; x_wconf 81' lang='lat' dir='ltr'><strong>ornamentis</strong></span> <span class='ocrx_word' id='word_1_45' title='bbox 1703 535 1786 591; x_wconf 84' lang='lat' dir='ltr'><strong>uti,</strong></span> <span class='ocrx_word' id='word_1_46' title='bbox 1821 550 1930 595; x_wconf 92' lang='lat' dir='ltr'><strong>quo-</strong></span> 
     </span>
     <span class='ocr_line' id='line_1_8' title="bbox 153 618 1932 675; baseline 0.001 -12"><span class='ocrx_word' id='word_1_47' title='bbox 153 633 254 663; x_wconf 84' lang='lat' dir='ltr'><strong>rum</strong></span> <span class='ocrx_word' id='word_1_48' title='bbox 290 623 472 663; x_wconf 86' lang='lat' dir='ltr'><strong>textura</strong></span> <span class='ocrx_word' id='word_1_49' title='bbox 509 618 654 662; x_wconf 89' lang='lat' dir='ltr'><strong>vitrea</strong></span> <span class='ocrx_word' id='word_1_50' title='bbox 687 622 756 662; x_wconf 87' lang='lat' dir='ltr'><strong>est</strong></span> <span class='ocrx_word' id='word_1_51' title='bbox 789 619 935 663; x_wconf 88' lang='lat' dir='ltr'><strong>mixta</strong></span> <span class='ocrx_word' id='word_1_52' title='bbox 968 632 1108 663; x_wconf 86' lang='lat' dir='ltr'><strong>aureo</strong></span> <span class='ocrx_word' id='word_1_53' title='bbox 1144 618 1213 663; x_wconf 89' lang='lat' dir='ltr'><strong>vel</strong></span> <span class='ocrx_word' id='word_1_54' title='bbox 1248 623 1439 675; x_wconf 80' lang='lat' dir='ltr'><strong>argento</strong></span> <span class='ocrx_word' id='word_1_55' title='bbox 1465 619 1495 662; x_wconf 80' lang='lat'><strong>¹.</strong></span> <span class='ocrx_word' id='word_1_56' title='bbox 1544 623 1814 664; x_wconf 70' lang='lat' dir='ltr'><strong>paramenta</strong></span> <span class='ocrx_word' id='word_1_57' title='bbox 1859 635 1932 665; x_wconf 90' lang='lat' dir='ltr'><strong>co-</strong></span> 
     </span>
     <span class='ocr_line' id='line_1_9' title="bbox 153 701 1931 762; baseline 0.001 -16"><span class='ocrx_word' id='word_1_58' title='bbox 153 701 259 746; x_wconf 84' lang='lat' dir='ltr'><strong>loris</strong></span> <span class='ocrx_word' id='word_1_59' title='bbox 290 703 434 757; x_wconf 89' lang='lat' dir='ltr'><strong>aurei,</strong></span> <span class='ocrx_word' id='word_1_60' title='bbox 469 702 555 746; x_wconf 90' lang='lat' dir='ltr'><strong>nisi</strong></span> <span class='ocrx_word' id='word_1_61' title='bbox 589 701 682 746; x_wconf 84' lang='lat' dir='ltr'><strong>sint</strong></span> <span class='ocrx_word' id='word_1_62' title='bbox 714 715 771 746; x_wconf 84' lang='lat' dir='ltr'><strong>ex</strong></span> <span class='ocrx_word' id='word_1_63' title='bbox 804 715 915 746; x_wconf 90' lang='lat' dir='ltr'><strong>auro</strong></span> <span class='ocrx_word' id='word_1_64' title='bbox 949 706 1194 756; x_wconf 82' lang='lat' dir='ltr'><strong>contexta,</strong></span> <span class='ocrx_word' id='word_1_65' title='bbox 1233 702 1457 747; x_wconf 75' lang='lat' dir='ltr'><strong>inservire</strong></span> <span class='ocrx_word' id='word_1_66' title='bbox 1490 716 1583 748; x_wconf 87' lang='lat' dir='ltr'><strong>non</strong></span> <span class='ocrx_word' id='word_1_67' title='bbox 1631 709 1818 761; x_wconf 81' lang='lat' dir='ltr'><strong>possunt</strong></span> <span class='ocrx_word' id='word_1_68' title='bbox 1852 719 1931 762; x_wconf 92' lang='lat' dir='ltr'><strong>pro</strong></span> 
     </span>
     <span class='ocr_line' id='line_1_10' title="bbox 154 786 1024 842; baseline -0.001 -11"><span class='ocrx_word' id='word_1_69' title='bbox 154 787 380 831; x_wconf 84' lang='lat' dir='ltr'><strong>coloribus</strong></span> <span class='ocrx_word' id='word_1_70' title='bbox 412 786 530 842; x_wconf 87' lang='lat' dir='ltr'><strong>albo,</strong></span> <span class='ocrx_word' id='word_1_71' title='bbox 567 786 717 841; x_wconf 90' lang='lat' dir='ltr'><strong>viridi,</strong></span> <span class='ocrx_word' id='word_1_72' title='bbox 754 790 799 830; x_wconf 85' lang='lat' dir='ltr'><strong>et</strong></span> <span class='ocrx_word' id='word_1_73' title='bbox 833 786 968 831; x_wconf 89' lang='lat' dir='ltr'><strong>rubro</strong></span> <span class='ocrx_word' id='word_1_74' title='bbox 993 787 1024 830; x_wconf 70' lang='lat'><strong>².</strong></span> 
     </span>
    </p>

    <p class='ocr_par' dir='ltr' id='par_1_6' title="bbox 151 869 1930 1098">
     <span class='ocr_line' id='line_1_11' title="bbox 279 869 1929 928; baseline 0.001 -14"><span class='ocrx_word' id='word_1_75' title='bbox 279 870 400 914; x_wconf 84' lang='grc'><strong>1225.</strong></span> <span class='ocrx_word' id='word_1_76' title='bbox 437 869 593 922; x_wconf 79' lang='lat' dir='ltr'><strong>Quoad</strong></span> <span class='ocrx_word' id='word_1_77' title='bbox 628 869 824 913; x_wconf 89' lang='lat' dir='ltr'><strong>formam</strong></span> <span class='ocrx_word' id='word_1_78' title='bbox 862 875 1256 928; x_wconf 79' lang='lat' dir='ltr'><strong>paramentorum,</strong></span> <span class='ocrx_word' id='word_1_79' title='bbox 1295 870 1548 915; x_wconf 89' lang='lat' dir='ltr'><strong>notandum</strong></span> <span class='ocrx_word' id='word_1_80' title='bbox 1588 874 1656 916; x_wconf 88' lang='lat' dir='ltr'><strong>est</strong></span> <span class='ocrx_word' id='word_1_81' title='bbox 1689 884 1714 915; x_wconf 91' lang='lat' dir='ltr'><strong>a</strong></span> <span class='ocrx_word' id='word_1_82' title='bbox 1748 872 1929 916; x_wconf 90' lang='lat' dir='ltr'><strong>saeculo</strong></span> 
     </span>
     <span class='ocr_line' id='line_1_12' title="bbox 153 952 1930 1013; baseline 0.002 -17"><span class='ocrx_word' id='word_1_83' title='bbox 153 956 248 997; x_wconf 78' lang='lat' dir='ltr'><strong>xvi</strong></span> <span class='ocrx_word' id='word_1_84' title='bbox 283 953 420 997; x_wconf 86' lang='lat' dir='ltr'><strong>fuisse</strong></span> <span class='ocrx_word' id='word_1_85' title='bbox 453 952 662 997; x_wconf 87' lang='lat' dir='ltr'><strong>relictum</strong></span> <span class='ocrx_word' id='word_1_86' title='bbox 697 953 868 1010; x_wconf 86' lang='lat' dir='ltr'><strong>stylum</strong></span> <span class='ocrx_word' id='word_1_87' title='bbox 903 953 1122 1011; x_wconf 75' lang='lat' dir='ltr'><strong>geticum,</strong></span> <span class='ocrx_word' id='word_1_88' title='bbox 1150 953 1428 1013; x_wconf 78' lang='lat' dir='ltr'><strong>proindeque</strong></span> <span class='ocrx_word' id='word_1_89' title='bbox 1462 955 1621 999; x_wconf 88' lang='lat' dir='ltr'><strong>eadem</strong></span> <span class='ocrx_word' id='word_1_90' title='bbox 1655 956 1930 1013; x_wconf 77' lang='lat' dir='ltr'><strong>perdurante</strong></span> 
     </span>
     <span class='ocr_line' id='line_1_13' title="bbox 151 1035 1752 1098; baseline 0.003 -19"><span class='ocrx_word' id='word_1_91' title='bbox 151 1035 405 1093; x_wconf 80' lang='lat' dir='ltr'><strong>disciplina,</strong></span> <span class='ocrx_word' id='word_1_92' title='bbox 442 1050 526 1080; x_wconf 90' lang='lat' dir='ltr'><strong>nec</strong></span> <span class='ocrx_word' id='word_1_93' title='bbox 560 1050 652 1080; x_wconf 92' lang='lat' dir='ltr'><strong>non</strong></span> <span class='ocrx_word' id='word_1_94' title='bbox 688 1039 728 1080; x_wconf 85' lang='lat' dir='ltr'><strong>S.</strong></span> <span class='ocrx_word' id='word_1_95' title='bbox 768 1037 877 1081; x_wconf 86' lang='lat' dir='ltr'><strong>Sede</strong></span> <span class='ocrx_word' id='word_1_96' title='bbox 911 1036 1155 1093; x_wconf 79' lang='lat' dir='ltr'><strong>incosulta,</strong></span> <span class='ocrx_word' id='word_1_97' title='bbox 1194 1038 1305 1082; x_wconf 86' lang='lat' dir='ltr'><strong>nibil</strong></span> <span class='ocrx_word' id='word_1_98' title='bbox 1340 1039 1554 1084; x_wconf 74' lang='lat' dir='ltr'><strong>innovari</strong></span> <span class='ocrx_word' id='word_1_99' title='bbox 1587 1044 1752 1098; x_wconf 88' lang='lat' dir='ltr'><strong>potest.</strong></span> 
     </span>
    </p>
   </div>
   <div class='ocr_carea' id='block_1_5' title="bbox 697 1294 1377 1465">
    <p class='ocr_par' dir='ltr' id='par_1_7' title="bbox 697 1294 1377 1465">
     <span class='ocr_line' id='line_1_14' title="bbox 882 1294 1200 1323; baseline 0.003 -1"><span class='ocrx_word' id='word_1_100' title='bbox 882 1294 1112 1323; x_wconf 76' lang='lat' dir='ltr'>AR&#39;PICULUS</span> <span class='ocrx_word' id='word_1_101' title='bbox 1146 1296 1200 1323; x_wconf 80' lang='lat' dir='ltr'><strong>vl.</strong></span> 
     </span>
     <span class='ocr_line' id='line_1_15' title="bbox 697 1408 1377 1465; baseline 0 -14"><span class='ocrx_word' id='word_1_102' title='bbox 697 1410 760 1451; x_wconf 82' lang='lat' dir='ltr'><strong>De</strong></span> <span class='ocrx_word' id='word_1_103' title='bbox 796 1408 1022 1465; x_wconf 79' lang='lat' dir='ltr'><strong>Cappellz&#39;s</strong></span> <span class='ocrx_word' id='word_1_104' title='bbox 1053 1415 1093 1453; x_wconf 77' lang='lat' dir='ltr'><strong>ec</strong></span> <span class='ocrx_word' id='word_1_105' title='bbox 1131 1412 1377 1455; x_wconf 74' lang='lat' dir='ltr'><strong>Oratoriz‘s.</strong></span> 
     </span>
    </p>
   </div>
   <div class='ocr_carea' id='block_1_6' title="bbox 148 1538 1930 2765">
    <p class='ocr_par' dir='ltr' id='par_1_8' title="bbox 150 1538 1930 1848">
     <span class='ocr_line' id='line_1_16' title="bbox 276 1538 1929 1600; baseline 0.003 -18"><span class='ocrx_word' id='word_1_106' title='bbox 276 1540 402 1583; x_wconf 72' lang='grc'><strong>1224.</strong></span> <span class='ocrx_word' id='word_1_107' title='bbox 440 1542 623 1582; x_wconf 74' lang='lat' dir='ltr'><strong>Praeter</strong></span> <span class='ocrx_word' id='word_1_108' title='bbox 658 1539 825 1596; x_wconf 89' lang='lat' dir='ltr'><strong>templa</strong></span> <span class='ocrx_word' id='word_1_109' title='bbox 850 1538 947 1583; x_wconf 81' lang='lat' dir='ltr'><strong>sive</strong></span> <span class='ocrx_word' id='word_1_110' title='bbox 970 1539 1185 1583; x_wconf 89' lang='lat' dir='ltr'><strong>ecclesias</strong></span> <span class='ocrx_word' id='word_1_111' title='bbox 1216 1539 1483 1598; x_wconf 86' lang='lat' dir='ltr'><strong>quotidiano</strong></span> <span class='ocrx_word' id='word_1_112' title='bbox 1507 1554 1560 1584; x_wconf 90' lang='lat' dir='ltr'><strong>ac</strong></span> <span class='ocrx_word' id='word_1_113' title='bbox 1586 1541 1678 1585; x_wconf 86' lang='lat' dir='ltr'><strong>fere</strong></span> <span class='ocrx_word' id='word_1_114' title='bbox 1713 1546 1929 1600; x_wconf 88' lang='lat' dir='ltr'><strong>perpetuo</strong></span> 
     </span>
     <span class='ocr_line' id='line_1_17' title="bbox 151 1622 1929 1684; baseline 0.002 -17"><span class='ocrx_word' id='word_1_115' title='bbox 151 1636 386 1667; x_wconf 84' lang='lat' dir='ltr'><strong>sacrorum</strong></span> <span class='ocrx_word' id='word_1_116' title='bbox 420 1635 502 1666; x_wconf 90' lang='lat' dir='ltr'><strong>usu</strong></span> <span class='ocrx_word' id='word_1_117' title='bbox 542 1623 815 1677; x_wconf 87' lang='lat' dir='ltr'><strong>celebratas,</strong></span> <span class='ocrx_word' id='word_1_118' title='bbox 851 1622 991 1667; x_wconf 88' lang='lat' dir='ltr'><strong>sacris</strong></span> <span class='ocrx_word' id='word_1_119' title='bbox 1032 1622 1191 1667; x_wconf 89' lang='lat' dir='ltr'><strong>iisdem</strong></span> <span class='ocrx_word' id='word_1_120' title='bbox 1240 1623 1417 1668; x_wconf 76' lang='lat' dir='ltr'><strong>dicatae</strong></span> <span class='ocrx_word' id='word_1_121' title='bbox 1453 1629 1560 1668; x_wconf 88' lang='lat' dir='ltr'><strong>sunt</strong></span> <span class='ocrx_word' id='word_1_122' title='bbox 1599 1624 1712 1669; x_wconf 87' lang='lat' dir='ltr'><strong>aliae</strong></span> <span class='ocrx_word' id='word_1_123' title='bbox 1750 1639 1929 1684; x_wconf 86' lang='lat' dir='ltr'><strong>quoque</strong></span> 
     </span>
     <span class='ocr_line' id='line_1_18' title="bbox 150 1706 1930 1767; baseline 0.002 -17"><span class='ocrx_word' id='word_1_124' title='bbox 150 1706 284 1751; x_wconf 86' lang='lat' dir='ltr'><strong>aedes</strong></span> <span class='ocrx_word' id='word_1_125' title='bbox 315 1719 431 1764; x_wconf 86' lang='lat' dir='ltr'><strong>quae</strong></span> <span class='ocrx_word' id='word_1_126' title='bbox 464 1706 672 1750; x_wconf 88' lang='lat' dir='ltr'><strong>Oratoria</strong></span> <span class='ocrx_word' id='word_1_127' title='bbox 706 1711 751 1750; x_wconf 89' lang='lat' dir='ltr'><strong>et</strong></span> <span class='ocrx_word' id='word_1_128' title='bbox 784 1707 1021 1765; x_wconf 85' lang='lat' dir='ltr'><strong>Cappellae</strong></span> <span class='ocrx_word' id='word_1_129' title='bbox 1055 1712 1298 1764; x_wconf 86' lang='lat' dir='ltr'><strong>vocantur,</strong></span> <span class='ocrx_word' id='word_1_130' title='bbox 1333 1722 1529 1767; x_wconf 83' lang='lat' dir='ltr'><strong>quorum</strong></span> <span class='ocrx_word' id='word_1_131' title='bbox 1562 1709 1787 1767; x_wconf 87' lang='lat' dir='ltr'><strong>quaedam</strong></span> <span class='ocrx_word' id='word_1_132' title='bbox 1822 1713 1930 1753; x_wconf 88' lang='lat' dir='ltr'><strong>sunt</strong></span> 
     </span>
     <span class='ocr_line' id='line_1_19' title="bbox 151 1789 1206 1848; baseline 0.003 -16"><span class='ocrx_word' id='word_1_133' title='bbox 151 1789 345 1847; x_wconf 86' lang='lat' dir='ltr'><strong>publica,</strong></span> <span class='ocrx_word' id='word_1_134' title='bbox 380 1789 467 1834; x_wconf 86' lang='lat' dir='ltr'><strong>alia</strong></span> <span class='ocrx_word' id='word_1_135' title='bbox 502 1803 610 1834; x_wconf 90' lang='lat' dir='ltr'><strong>vero</strong></span> <span class='ocrx_word' id='word_1_136' title='bbox 644 1789 820 1848; x_wconf 81' lang='lat' dir='ltr'><strong>privata</strong></span> <span class='ocrx_word' id='word_1_137' title='bbox 855 1804 908 1834; x_wconf 88' lang='lat' dir='ltr'><strong>ac</strong></span> <span class='ocrx_word' id='word_1_138' title='bbox 939 1790 1206 1835; x_wconf 87' lang='lat' dir='ltr'><strong>domestica.</strong></span> 
     </span>
    </p>

    <p class='ocr_par' dir='ltr' id='par_1_9' title="bbox 148 1871 1930 2414">
     <span class='ocr_line' id='line_1_20' title="bbox 274 1871 1929 1931; baseline 0.002 -15"><span class='ocrx_word' id='word_1_139' title='bbox 274 1873 400 1916; x_wconf 77' lang='grc'><strong>1225.</strong></span> <span class='ocrx_word' id='word_1_140' title='bbox 440 1871 619 1916; x_wconf 85' lang='lat' dir='ltr'><strong>Publica</strong></span> <span class='ocrx_word' id='word_1_141' title='bbox 653 1878 776 1929; x_wconf 88' lang='lat' dir='ltr'><strong>sunt,</strong></span> <span class='ocrx_word' id='word_1_142' title='bbox 803 1886 998 1931; x_wconf 89' lang='lat' dir='ltr'><strong>quorum</strong></span> <span class='ocrx_word' id='word_1_143' title='bbox 1033 1873 1170 1918; x_wconf 87' lang='lat' dir='ltr'><strong>ianua</strong></span> <span class='ocrx_word' id='word_1_144' title='bbox 1196 1873 1402 1931; x_wconf 88' lang='lat' dir='ltr'><strong>publicae</strong></span> <span class='ocrx_word' id='word_1_145' title='bbox 1434 1873 1614 1918; x_wconf 87' lang='lat' dir='ltr'><strong>adiacet</strong></span> <span class='ocrx_word' id='word_1_146' title='bbox 1637 1873 1739 1919; x_wconf 70' lang='lat' dir='ltr'><strong>viae</strong></span> <span class='ocrx_word' id='word_1_147' title='bbox 1776 1875 1846 1919; x_wconf 81' lang='lat' dir='ltr'><strong>vel</strong></span> <span class='ocrx_word' id='word_1_148' title='bbox 1878 1889 1929 1919; x_wconf 83' lang='lat' dir='ltr'><strong>ea</strong></span> 
     </span>
     <span class='ocr_line' id='line_1_21' title="bbox 148 1956 1930 2017; baseline 0.002 -17"><span class='ocrx_word' id='word_1_149' title='bbox 148 1970 264 2015; x_wconf 90' lang='lat' dir='ltr'><strong>quae</strong></span> <span class='ocrx_word' id='word_1_150' title='bbox 296 1956 570 2000; x_wconf 86' lang='lat' dir='ltr'><strong>auctoritate</strong></span> <span class='ocrx_word' id='word_1_151' title='bbox 602 1956 831 2001; x_wconf 85' lang='lat' dir='ltr'><strong>Ordinarii</strong></span> <span class='ocrx_word' id='word_1_152' title='bbox 869 1956 1010 2001; x_wconf 84' lang='lat' dir='ltr'><strong>sacris</strong></span> <span class='ocrx_word' id='word_1_153' title='bbox 1055 1956 1277 2001; x_wconf 88' lang='lat' dir='ltr'><strong>obeundis</strong></span> <span class='ocrx_word' id='word_1_154' title='bbox 1324 1957 1504 2002; x_wconf 87' lang='lat' dir='ltr'><strong>addicta</strong></span> <span class='ocrx_word' id='word_1_155' title='bbox 1542 1962 1679 2015; x_wconf 88' lang='lat' dir='ltr'><strong>sunt,</strong></span> <span class='ocrx_word' id='word_1_156' title='bbox 1715 1959 1930 2017; x_wconf 81' lang='lat' dir='ltr'><strong>quamvis</strong></span> 
     </span>
     <span class='ocr_line' id='line_1_22' title="bbox 150 2038 1930 2098; baseline 0.001 -15"><span class='ocrx_word' id='word_1_157' title='bbox 150 2039 271 2083; x_wconf 80' lang='lat' dir='ltr'><strong>intra</strong></span> <span class='ocrx_word' id='word_1_158' title='bbox 306 2038 589 2096; x_wconf 84' lang='lat' dir='ltr'><strong>privatorum</strong></span> <span class='ocrx_word' id='word_1_159' title='bbox 623 2039 758 2083; x_wconf 86' lang='lat' dir='ltr'><strong>aedes</strong></span> <span class='ocrx_word' id='word_1_160' title='bbox 792 2039 934 2097; x_wconf 85' lang='lat' dir='ltr'><strong>posita</strong></span> <span class='ocrx_word' id='word_1_161' title='bbox 969 2039 1094 2094; x_wconf 87' lang='lat' dir='ltr'><strong>sint,</strong></span> <span class='ocrx_word' id='word_1_162' title='bbox 1131 2039 1166 2084; x_wconf 89' lang='lat' dir='ltr'><strong>si</strong></span> <span class='ocrx_word' id='word_1_163' title='bbox 1203 2040 1276 2083; x_wconf 92' lang='lat' dir='ltr'><strong>vel</strong></span> <span class='ocrx_word' id='word_1_164' title='bbox 1315 2046 1582 2085; x_wconf 88' lang='lat' dir='ltr'><strong>consecrata</strong></span> <span class='ocrx_word' id='word_1_165' title='bbox 1622 2040 1819 2098; x_wconf 86' lang='lat' dir='ltr'><strong>fuerint,</strong></span> <span class='ocrx_word' id='word_1_166' title='bbox 1855 2040 1930 2086; x_wconf 90' lang='lat' dir='ltr'><strong>vel</strong></span> 
     </span>
     <span class='ocr_line' id='line_1_23' title="bbox 149 2120 1929 2167; baseline 0.002 -3"><span class='ocrx_word' id='word_1_167' title='bbox 149 2125 332 2165; x_wconf 84' lang='lat' dir='ltr'><strong>tantum</strong></span> <span class='ocrx_word' id='word_1_168' title='bbox 365 2120 413 2164; x_wconf 93' lang='lat' dir='ltr'><strong>in</strong></span> <span class='ocrx_word' id='word_1_169' title='bbox 449 2120 631 2165; x_wconf 86' lang='lat' dir='ltr'><strong>titulum</strong></span> <span class='ocrx_word' id='word_1_170' title='bbox 680 2120 888 2166; x_wconf 81' lang='lat' dir='ltr'><strong>beneficii</strong></span> <span class='ocrx_word' id='word_1_171' title='bbox 938 2121 1233 2166; x_wconf 83' lang='lat' dir='ltr'><strong>ecclesiastici</strong></span> <span class='ocrx_word' id='word_1_172' title='bbox 1286 2123 1461 2167; x_wconf 86' lang='lat' dir='ltr'><strong>fuerint</strong></span> <span class='ocrx_word' id='word_1_173' title='bbox 1508 2123 1715 2167; x_wconf 45' lang='lat' dir='ltr'><strong>erecta?</strong></span> <span class='ocrx_word' id='word_1_174' title='bbox 1761 2126 1929 2167; x_wconf 89' lang='lat' dir='ltr'><strong>Verum</strong></span> 
     </span>
     <span class='ocr_line' id='line_1_24' title="bbox 151 2204 1929 2265; baseline 0.001 -16"><span class='ocrx_word' id='word_1_175' title='bbox 151 2205 263 2250; x_wconf 90' lang='lat' dir='ltr'><strong>haec</strong></span> <span class='ocrx_word' id='word_1_176' title='bbox 295 2205 329 2250; x_wconf 89' lang='lat' dir='ltr'><strong>si</strong></span> <span class='ocrx_word' id='word_1_177' title='bbox 364 2205 552 2264; x_wconf 73' lang='lat' dir='ltr'><strong>antiqua</strong></span> <span class='ocrx_word' id='word_1_178' title='bbox 586 2205 693 2260; x_wconf 88' lang='lat' dir='ltr'><strong>sint,</strong></span> <span class='ocrx_word' id='word_1_179' title='bbox 729 2209 860 2250; x_wconf 84' lang='lat' dir='ltr'><strong>extra</strong></span> <span class='ocrx_word' id='word_1_180' title='bbox 893 2205 1080 2250; x_wconf 92' lang='lat' dir='ltr'><strong>domum</strong></span> <span class='ocrx_word' id='word_1_181' title='bbox 1115 2204 1337 2263; x_wconf 85' lang='lat' dir='ltr'><strong>(immissa</strong></span> <span class='ocrx_word' id='word_1_182' title='bbox 1372 2205 1447 2249; x_wconf 89' lang='lat' dir='ltr'><strong>ubi</strong></span> <span class='ocrx_word' id='word_1_183' title='bbox 1479 2205 1575 2250; x_wconf 89' lang='lat' dir='ltr'><strong>ficri</strong></span> <span class='ocrx_word' id='word_1_184' title='bbox 1611 2210 1760 2265; x_wconf 88' lang='lat' dir='ltr'><strong>potest</strong></span> <span class='ocrx_word' id='word_1_185' title='bbox 1792 2207 1929 2250; x_wconf 89' lang='lat' dir='ltr'><strong>ianua</strong></span> 
     </span>
     <span class='ocr_line' id='line_1_25' title="bbox 152 2287 1928 2347; baseline 0.001 -17"><span class='ocrx_word' id='word_1_186' title='bbox 152 2287 196 2330; x_wconf 91' lang='lat' dir='ltr'><strong>in</strong></span> <span class='ocrx_word' id='word_1_187' title='bbox 233 2287 356 2331; x_wconf 89' lang='lat' dir='ltr'><strong>viam</strong></span> <span class='ocrx_word' id='word_1_188' title='bbox 407 2287 650 2346; x_wconf 87' lang='lat' dir='ltr'><strong>publicam)</strong></span> <span class='ocrx_word' id='word_1_189' title='bbox 697 2288 1016 2333; x_wconf 85' lang='lat' dir='ltr'><strong>transferenda</strong></span> <span class='ocrx_word' id='word_1_190' title='bbox 1057 2294 1196 2344; x_wconf 88' lang='lat' dir='ltr'><strong>sunt,</strong></span> <span class='ocrx_word' id='word_1_191' title='bbox 1235 2302 1354 2333; x_wconf 70' lang='lat' dir='ltr'><strong>noxa</strong></span> <span class='ocrx_word' id='word_1_192' title='bbox 1388 2294 1544 2333; x_wconf 86' lang='lat' dir='ltr'><strong>autem</strong></span> <span class='ocrx_word' id='word_1_193' title='bbox 1585 2289 1801 2347; x_wconf 83' lang='lat' dir='ltr'><strong>erigenda</strong></span> <span class='ocrx_word' id='word_1_194' title='bbox 1836 2302 1928 2332; x_wconf 88' lang='lat' dir='ltr'><strong>non</strong></span> 
     </span>
     <span class='ocr_line' id='line_1_26' title="bbox 150 2370 313 2414; baseline 0 0"><span class='ocrx_word' id='word_1_195' title='bbox 150 2375 259 2414; x_wconf 90' lang='lat' dir='ltr'><strong>sunt</strong></span> <span class='ocrx_word' id='word_1_196' title='bbox 282 2370 313 2414; x_wconf 75' lang='lat'><strong>⁸.</strong></span> 
     </span>
    </p>

    <p class='ocr_par' dir='ltr' id='par_1_10' title="bbox 150 2454 1929 2765">
     <span class='ocr_line' id='line_1_27' title="bbox 273 2454 1927 2514; baseline 0.001 -16"><span class='ocrx_word' id='word_1_197' title='bbox 273 2454 400 2499; x_wconf 87' lang='grc'><strong>1226.</strong></span> <span class='ocrx_word' id='word_1_198' title='bbox 439 2455 621 2499; x_wconf 83' lang='lat' dir='ltr'><strong>Privata</strong></span> <span class='ocrx_word' id='word_1_199' title='bbox 655 2459 779 2510; x_wconf 91' lang='lat' dir='ltr'><strong>sunt,</strong></span> <span class='ocrx_word' id='word_1_200' title='bbox 814 2469 930 2514; x_wconf 85' lang='lat' dir='ltr'><strong>quae</strong></span> <span class='ocrx_word' id='word_1_201' title='bbox 964 2455 1010 2499; x_wconf 90' lang='lat' dir='ltr'><strong>in</strong></span> <span class='ocrx_word' id='word_1_202' title='bbox 1046 2455 1236 2513; x_wconf 82' lang='lat' dir='ltr'><strong>privatis</strong></span> <span class='ocrx_word' id='word_1_203' title='bbox 1268 2455 1493 2511; x_wconf 89' lang='lat' dir='ltr'><strong>domibus,</strong></span> <span class='ocrx_word' id='word_1_204' title='bbox 1532 2461 1578 2500; x_wconf 86' lang='lat' dir='ltr'><strong>et.</strong></span> <span class='ocrx_word' id='word_1_205' title='bbox 1611 2455 1730 2499; x_wconf 89' lang='lat' dir='ltr'><strong>intra</strong></span> <span class='ocrx_word' id='word_1_206' title='bbox 1774 2455 1927 2500; x_wconf 80' lang='lat' dir='ltr'><strong>‹lome-</strong></span> 
     </span>
     <span class='ocr_line' id='line_1_28' title="bbox 151 2535 1929 2598; baseline 0.002 -19"><span class='ocrx_word' id='word_1_207' title='bbox 151 2535 288 2581; x_wconf 86' lang='lat' dir='ltr'><strong>sticos</strong></span> <span class='ocrx_word' id='word_1_208' title='bbox 322 2537 533 2595; x_wconf 85' lang='lat' dir='ltr'><strong>parietes,</strong></span> <span class='ocrx_word' id='word_1_209' title='bbox 570 2537 642 2582; x_wconf 91' lang='lat' dir='ltr'><strong>vel</strong></span> <span class='ocrx_word' id='word_1_210' title='bbox 676 2537 722 2582; x_wconf 91' lang='lat' dir='ltr'><strong>in</strong></span> <span class='ocrx_word' id='word_1_211' title='bbox 758 2537 936 2596; x_wconf 89' lang='lat' dir='ltr'><strong>privato</strong></span> <span class='ocrx_word' id='word_1_212' title='bbox 969 2539 1064 2583; x_wconf 91' lang='lat' dir='ltr'><strong>solo</strong></span> <span class='ocrx_word' id='word_1_213' title='bbox 1095 2539 1265 2598; x_wconf 87' lang='lat' dir='ltr'><strong>absque</strong></span> <span class='ocrx_word' id='word_1_214' title='bbox 1303 2538 1490 2583; x_wconf 87' lang='lat' dir='ltr'><strong>licentia</strong></span> <span class='ocrx_word' id='word_1_215' title='bbox 1522 2543 1568 2583; x_wconf 88' lang='lat' dir='ltr'><strong>et</strong></span> <span class='ocrx_word' id='word_1_216' title='bbox 1600 2538 1929 2597; x_wconf 87' lang='lat' dir='ltr'><strong>approbatione</strong></span> 
     </span>
     <span class='ocr_line' id='line_1_29' title="bbox 152 2619 1924 2680; baseline 0.001 -17"><span class='ocrx_word' id='word_1_217' title='bbox 152 2619 357 2678; x_wconf 84' lang='lat' dir='ltr'><strong>Episcopi</strong></span> <span class='ocrx_word' id='word_1_218' title='bbox 380 2635 403 2664; x_wconf 87' lang='lat' dir='ltr'><strong>a</strong></span> <span class='ocrx_word' id='word_1_219' title='bbox 428 2621 592 2680; x_wconf 90' lang='lat' dir='ltr'><strong>quovis</strong></span> <span class='ocrx_word' id='word_1_220' title='bbox 616 2625 805 2679; x_wconf 83' lang='lat' dir='ltr'><strong>possunt</strong></span> <span class='ocrx_word' id='word_1_221' title='bbox 827 2621 1048 2667; x_wconf 87' lang='lat' dir='ltr'><strong>construi.</strong></span> <span class='ocrx_word' id='word_1_222' title='bbox 1087 2621 1318 2676; x_wconf 86' lang='lat' dir='ltr'><strong>Aedicula,</strong></span> <span class='ocrx_word' id='word_1_223' title='bbox 1346 2621 1420 2665; x_wconf 90' lang='lat' dir='ltr'><strong>ubi</strong></span> <span class='ocrx_word' id='word_1_224' title='bbox 1444 2621 1586 2666; x_wconf 84' lang='lat' dir='ltr'><strong>altare</strong></span> <span class='ocrx_word' id='word_1_225' title='bbox 1610 2621 1924 2678; x_wconf 85' lang='lat' dir='ltr'><strong>constituitur,</strong></span> 
     </span>
     <span class='ocr_line' id='line_1_30' title="bbox 150 2702 1927 2765; baseline 0.002 -19"><span class='ocrx_word' id='word_1_226' title='bbox 150 2702 207 2746; x_wconf 91' lang='lat' dir='ltr'><strong>ab</strong></span> <span class='ocrx_word' id='word_1_227' title='bbox 238 2702 478 2748; x_wconf 81' lang='lat' dir='ltr'><strong>ordinario</strong></span> <span class='ocrx_word' id='word_1_228' title='bbox 511 2703 611 2748; x_wconf 85' lang='lat' dir='ltr'><strong>sive</strong></span> <span class='ocrx_word' id='word_1_229' title='bbox 640 2705 698 2749; x_wconf 88' lang='lat' dir='ltr'><strong>ab</strong></span> <span class='ocrx_word' id='word_1_230' title='bbox 728 2704 826 2749; x_wconf 84' lang='lat' dir='ltr'><strong>eius</strong></span> <span class='ocrx_word' id='word_1_231' title='bbox 858 2705 1089 2763; x_wconf 81' lang='lat' dir='ltr'><strong>delegato,</strong></span> <span class='ocrx_word' id='word_1_232' title='bbox 1126 2710 1375 2765; x_wconf 82' lang='lat' dir='ltr'><strong>antequam</strong></span> <span class='ocrx_word' id='word_1_233' title='bbox 1411 2704 1468 2749; x_wconf 90' lang='lat' dir='ltr'><strong>ibi</strong></span> <span class='ocrx_word' id='word_1_234' title='bbox 1507 2706 1562 2749; x_wconf 92' lang='lat' dir='ltr'><strong>de</strong></span> <span class='ocrx_word' id='word_1_235' title='bbox 1596 2705 1781 2750; x_wconf 88' lang='lat' dir='ltr'><strong>licentia</strong></span> <span class='ocrx_word' id='word_1_236' title='bbox 1823 2719 1927 2763; x_wconf 91' lang='lat' dir='ltr'><strong>apo-</strong></span> 
     </span>
    </p>
   </div>
   <div class='ocr_carea' id='block_1_7' title="bbox 268 2831 1928 3087">
    <p class='ocr_par' dir='ltr' id='par_1_11' title="bbox 270 2831 1220 2881">
     <span class='ocr_line' id='line_1_31' title="bbox 270 2831 1220 2881; baseline 0.003 -13"><span class='ocrx_word' id='word_1_237' title='bbox 270 2831 279 2850; x_wconf 82' lang='lat'>¹</span> <span class='ocrx_word' id='word_1_238' title='bbox 308 2832 342 2869; x_wconf 86' lang='lat' dir='ltr'><strong>S.</strong></span> <span class='ocrx_word' id='word_1_239' title='bbox 369 2832 441 2868; x_wconf 91' lang='lat' dir='ltr'><strong>Rit.</strong></span> <span class='ocrx_word' id='word_1_240' title='bbox 468 2832 600 2879; x_wconf 84' lang='lat' dir='ltr'><strong>Congr.</strong></span> <span class='ocrx_word' id='word_1_241' title='bbox 627 2834 665 2870; x_wconf 90' lang='lat' dir='ltr'><strong>in</strong></span> <span class='ocrx_word' id='word_1_242' title='bbox 691 2834 909 2871; x_wconf 67' lang='lat' dir='ltr'><strong>Atrebatem</strong></span> <span class='ocrx_word' id='word_1_243' title='bbox 927 2835 965 2871; x_wconf 89' lang='grc'><strong>11</strong></span> <span class='ocrx_word' id='word_1_244' title='bbox 997 2840 1088 2881; x_wconf 83' lang='lat' dir='ltr'><strong>sept.</strong></span> <span class='ocrx_word' id='word_1_245' title='bbox 1117 2835 1220 2871; x_wconf 73' lang='lat'>1847.</span> 
     </span>
    </p>

    <p class='ocr_par' dir='ltr' id='par_1_12' title="bbox 268 2903 1473 2951">
     <span class='ocr_line' id='line_1_32' title="bbox 268 2903 1473 2951; baseline 0.004 -11"><span class='ocrx_word' id='word_1_246' title='bbox 268 2903 280 2921; x_wconf 79' lang='lat'>²</span> <span class='ocrx_word' id='word_1_247' title='bbox 307 2904 342 2940; x_wconf 92' lang='lat' dir='ltr'><strong>S.</strong></span> <span class='ocrx_word' id='word_1_248' title='bbox 368 2905 438 2941; x_wconf 90' lang='lat' dir='ltr'><strong>Rit.</strong></span> <span class='ocrx_word' id='word_1_249' title='bbox 464 2905 596 2951; x_wconf 87' lang='lat' dir='ltr'><strong>Congr.</strong></span> <span class='ocrx_word' id='word_1_250' title='bbox 622 2904 667 2941; x_wconf 76' lang='lat'><strong>29</strong></span> <span class='ocrx_word' id='word_1_251' title='bbox 693 2907 813 2943; x_wconf 85' lang='lat' dir='ltr'><strong>martii</strong></span> <span class='ocrx_word' id='word_1_252' title='bbox 842 2906 931 2942; x_wconf 79' lang='grc'><strong>1851</strong></span> <span class='ocrx_word' id='word_1_253' title='bbox 959 2908 996 2943; x_wconf 81' lang='lat' dir='ltr'><strong>in</strong></span> <span class='ocrx_word' id='word_1_254' title='bbox 1021 2907 1169 2944; x_wconf 76' lang='lat' dir='ltr'><strong>Adrien.</strong></span> <span class='ocrx_word' id='word_1_255' title='bbox 1470 2928 1473 2931; x_wconf 94' lang='lat'>·</span> 
     </span>
    </p>

    <p class='ocr_par' dir='ltr' id='par_1_13' title="bbox 268 2975 1928 3087">
     <span class='ocr_line' id='line_1_33' title="bbox 269 2975 1928 3024; baseline 0.002 -12"><span class='ocrx_word' id='word_1_256' title='bbox 269 2978 280 2995; x_wconf 82' lang='lat'><strong>³</strong></span> <span class='ocrx_word' id='word_1_257' title='bbox 307 2975 341 3012; x_wconf 92' lang='lat' dir='ltr'><strong>S.</strong></span> <span class='ocrx_word' id='word_1_258' title='bbox 369 2975 406 3013; x_wconf 89' lang='lat' dir='ltr'><strong>C.</strong></span> <span class='ocrx_word' id='word_1_259' title='bbox 433 2976 543 3014; x_wconf 80' lang='lat' dir='ltr'><strong>Cone.</strong></span> <span class='ocrx_word' id='word_1_260' title='bbox 572 2977 609 3013; x_wconf 90' lang='lat' dir='ltr'><strong>in</strong></span> <span class='ocrx_word' id='word_1_261' title='bbox 637 2977 837 3024; x_wconf 82' lang='lat' dir='ltr'><strong>Compsana</strong></span> <span class='ocrx_word' id='word_1_262' title='bbox 863 2978 907 3015; x_wconf 80' lang='lat'><strong>51</strong></span> <span class='ocrx_word' id='word_1_263' title='bbox 935 2979 1021 3015; x_wconf 86' lang='lat' dir='ltr'><strong>maii</strong></span> <span class='ocrx_word' id='word_1_264' title='bbox 1050 2978 1159 3023; x_wconf 75' lang='lat'>17043</span> <span class='ocrx_word' id='word_1_265' title='bbox 1185 2978 1371 3015; x_wconf 65' lang='lat' dir='ltr'><strong>Guneus</strong></span> <span class='ocrx_word' id='word_1_266' title='bbox 1390 2978 1442 3014; x_wconf 89' lang='lat' dir='ltr'><strong>De</strong></span> <span class='ocrx_word' id='word_1_267' title='bbox 1458 2979 1559 3015; x_wconf 80' lang='lat' dir='ltr'><strong>Orat.</strong></span> <span class='ocrx_word' id='word_1_268' title='bbox 1579 2979 1643 3015; x_wconf 89' lang='lat' dir='ltr'><strong>lib.</strong></span> <span class='ocrx_word' id='word_1_269' title='bbox 1661 2978 1694 3022; x_wconf 83' lang='lat'><strong>5,</strong></span> <span class='ocrx_word' id='word_1_270' title='bbox 1712 2989 1742 3015; x_wconf 83' lang='lat' dir='ltr'><strong>c.</strong></span> <span class='ocrx_word' id='word_1_271' title='bbox 1764 2979 1819 3024; x_wconf 84' lang='lat'><strong>16,</strong></span> <span class='ocrx_word' id='word_1_272' title='bbox 1838 2988 1873 3015; x_wconf 89' lang='lat' dir='ltr'><strong>n.</strong></span> <span class='ocrx_word' id='word_1_273' title='bbox 1897 2980 1928 3016; x_wconf 84' lang='lat'><strong>1.</strong></span> 
     </span>
     <span class='ocr_line' id='line_1_34' title="bbox 268 3046 896 3087; baseline 0.002 -3"><span class='ocrx_word' id='word_1_274' title='bbox 268 3046 282 3066; x_wconf 53' lang='lat'>³</span> <span class='ocrx_word' id='word_1_275' title='bbox 310 3047 344 3084; x_wconf 91' lang='lat' dir='ltr'><strong>S.</strong></span> <span class='ocrx_word' id='word_1_276' title='bbox 371 3047 408 3084; x_wconf 90' lang='lat' dir='ltr'><strong>C.</strong></span> <span class='ocrx_word' id='word_1_277' title='bbox 436 3048 546 3087; x_wconf 80' lang='lat' dir='ltr'><strong>Cone.</strong></span> <span class='ocrx_word' id='word_1_278' title='bbox 571 3048 617 3086; x_wconf 79' lang='lat'><strong>25</strong></span> <span class='ocrx_word' id='word_1_279' title='bbox 644 3050 724 3087; x_wconf 90' lang='lat' dir='ltr'><strong>iulii</strong></span> <span class='ocrx_word' id='word_1_280' title='bbox 753 3049 856 3087; x_wconf 76' lang='grc'><strong>1616.</strong></span> <span class='ocrx_word' id='word_1_281' title='bbox 894 3064 896 3066; x_wconf 91' lang='grc'><strong><em>·</em></strong></span> 
     </span>
    </p>
   </div>
   <div class='ocr_carea' id='block_1_8' title="bbox 273 3131 1804 3165">
    <p class='ocr_par' dir='ltr' id='par_1_14' title="bbox 273 3131 1804 3165">
     <span class='ocr_line' id='line_1_35' title="bbox 273 3131 1804 3165; baseline 0.005 -2"><span class='ocrx_word' id='word_1_282' title='bbox 273 3131 584 3165; x_wconf 73' lang='grc' dir='ltr'><strong>ΖιΤΕιιι-ὃοιιειυ.</strong></span> <span class='ocrx_word' id='word_1_283' title='bbox 610 3151 644 3155; x_wconf 94' lang='grc'>-</span> <span class='ocrx_word' id='word_1_284' title='bbox 670 3133 718 3165; x_wconf 90' lang='grc' dir='ltr'><strong>ΙΙ.</strong></span> <span class='ocrx_word' id='word_1_285' title='bbox 1765 3134 1804 3165; x_wconf 91' lang='grc'><strong>18</strong></span> 
     </span>
    </p>
   </div>
  </div>
 </body>
</html>
