2176 3386
208 181 265 221 48
855 189 964 218 PARS
994 189 1019 217 1.
1052 188 1109 217 DE
1137 186 1348 217 Pensoms

211 307 567 348 consecrantem
600 300 830 345 adsistunt
860 298 938 357 qui
971 298 1019 342 in
1052 296 1274 355 dignitate
1307 296 1402 340 sint
1443 294 1699 350 constituti,
1735 295 1809 339 vel
1850 294 1992 339 etiam

220 386 467 445 Episcopus
498 385 668 444 absque
701 383 792 428 ulla
825 381 1094 427 adsistentia
1126 379 1524 424 consecrationem
1559 381 1758 436 peraget.

337 472 408 515 7l.
447 471 580 514 Anno
617 468 726 512 ’1669
760 480 785 510 a
817 462 1180 522 Congregatione
1214 465 1255 507 S.
1292 460 1437 506 Officii
1472 460 1730 519 quaesitum
1764 463 1833 504 est
1854 473 1914 503 an
1937 458 1995 503 ab

216 568 310 599 uno
344 557 529 597 tantum
567 550 784 609 Episcopo
817 550 1115 592 consecratus
1147 545 1204 589 sit
1249 544 1397 588 valide
1438 542 1748 596 consecratus,
1771 546 1834 587 .et
1872 544 1913 586 S.
1949 544 1995 587 C.

220 637 453 697 respondit
491 633 782 679 affirmative.
827 634 867 675 S.
905 628 1204 687 congregatio
1247 630 1377 685 Prop.
1424 626 1544 671 Fidei
1597 638 1720 669 anno
1773 624 1884 669 1695
1925 623 1996 667 die

223 721 275 766 18
312 720 417 765 Maii
451 716 704 763 declaravit
726 714 933 760 illicitam
966 713 1043 756 sed
1081 725 1170 755 non
1206 709 1457 754 invalidam
1490 708 1668 753 efficere
1691 705 1996 752 consecrati0-

219 819 325 849 nem
355 801 558 861 Episcopi
581 797 891 844 deficientiam
914 796 1109 840 duorum
1130 794 1454 851 Episcoporum
1478 794 1944 836 conconsacratorum
1963 788 1996 843 ¹,

218 902 338 947 quae
372 882 733 931 consecrationis
765 880 974 925 illiceitas
1006 860 1258 934 contingitJ
1289 874 1577 932 intelligitur,
1613 872 1792 932 quoties
1816 871 2000 930 privile-

218 974 345 1031 gium
380 981 649 1015 concessum
686 979 777 1009 non
811 969 880 1008 est
923 967 974 1006 ut
1023 974 1186 1017 nempe
1222 956 1475 1016 presbyteri
1528 956 1797 1014 Episcopum
1822 946 2002 998 vconse·

219 1060 431 1100 orantem
468 1053 694 1097 adsistant
727 1049 757 1092 ².

343 1139 413 1182 72.
455 1135 698 1194 Episcopus
732 1131 986 1189 postulatus
1019 1132 1064 1171 et
1097 1126 1338 1180 admiSsus‚
1379 1124 1449 1168 vel
1482 1124 1654 1168 electus
1687 1121 1808 1164 intra
1847 1119 2005 1163 trime-

220 1228 315 1266 stre
349 1220 405 1265 ab
438 1219 536 1263 eius
568 1214 895 1274 adprobatione
929 1209 1187 1256 consecrari
1222 1209 1357 1253 debet
1390 1208 1423 1262 ³,
1465 1206 1500 1250 si
1542 1207 1658 1250 ultra
1699 1201 2006 1249 consecratio·

227 1319 334 1349 nem
367 1305 537 1361 absque
573 1298 773 1357 legitimo
807 1295 1138 1354 impedimento
1170 1292 1365 1346 differat,
1403 1302 1590 1334 mensae
1617 1287 1891 1346 EpiscopaliS
1915 1287 2007 1330 fru-

222 1393 329 1433 ctus
364 1386 605 1432 restituer‹¹
638 1383 772 1427 debet
803 1394 916 1440 quos
951 1377 1168 1438 percepit,
1205 1382 1251 1420 et
1283 1375 1318 1420 si
1355 1388 1433 1432 per
1463 1372 1585 1417 aliud
1634 1371 1863 1416 trimestre
1897 1383 2008 1413 con-

223 1472 534 1516 secrationem
567 1467 746 1511 differat
779 1465 874 1522 ipsa
902 1462 1097 1508 Ecclesia
1122 1460 1330 1518 privatur
1363 1457 1396 1512 ὅ,
1429 1455 1501 1500 vel
1522 1455 1745 1512 dignitate
1764 1451 2005 1510 episcopali

227 1555 390 1600 saltem
424 1553 458 1596 si
493 1551 587 1596 sint
619 1549 828 1593 titulares
861 1547 892 1590 ⁵.

312 1696 314 1699 Ι
338 1638 409 1681 75.
436 1635 681 1694 Episcopus
698 1635 993 1676 consecratus
1015 1627 1237 1672 Ecclesiae
1256 1638 1363 1668 suae
1384 1619 1832 1666 administrationem
1851 1617 2007 1661 statim

228 1721 435 1779 suscipit,
457 1717 677 1763 beneticIa
695 1716 752 1760 ab
772 1729 824 1760 eo
845 1726 1047 1773 possessa
1068 1714 1235 1755 vacant
1249 1722 1302 1753 ac
1324 1712 1371 1752 R.
1395 1705 1602 1751 Pontifici
1621 1704 1739 1748 fiunt
1756 1705 2007 1757 reservata,

224 1806 348 1866 qnod
381 1804 567 1864 quidem
602 1802 646 1845 in
685 1797 913 1858 Episcopis
948 1795 1206 1840 titularibus
1240 1806 1331 1836 non
1367 1790 1533 1835 accidit
1567 1794 1615 1832 ut
1647 1792 1717 1833 est
1739 1786 1943 1831 evidens.

994 1991 1172 2034 CAPIT
1206 1991 1257 2031 Il.

774 2129 835 2164 DE
865 2126 1008 2163 MODls
1037 2117 1479 2159 EXTRAORDINARIIS

548 2200 839 2247 ACQUIRENDI
866 2193 1254 2234 IURISDICTIONEM
1282 2187 1699 2227 ECCLESIASTICAM.

356 2322 426 2365 74.
465 2325 586 2372 Quos
609 2314 905 2373 exposuimus
929 2310 1049 2356 modi
1075 2312 1128 2354 ad
1154 2305 1480 2366 acquirendam
1504 2299 1860 2346 ecclesiasticam
1887 2295 2014 2340 iuris-

234 2407 507 2457 dictIonein‚
543 2399 759 2446 ordinarii
793 2400 916 2442 sunt.
956 2396 1011 2438 At
1044 2392 1087 2436 in
1113 2391 1209 2435 iure
1233 2390 1321 2433 duo
1354 2388 1492 2432 etiam
1517 2379 1869 2428 extraordinarii
1897 2377 2016 2423 modi

243 2492 541 2534 recensentur
566 2483 756 2535 scilicet,
795 2477 1088 2534 Privilegiuin
1125 2470 1406 2531 Apostolicae
1446 2467 1583 2521 Sedis,
1620 2469 1666 2510 et
1701 2459 2015 2521 Praescriptio.

363 2643 371 2661 ¹
400 2642 550 2678 Collect.
579 2639 612 2674 S.
639 2637 676 2673 C.
704 2637 746 2671 de
774 2636 880 2679 Prop.
908 2632 985 2668 Fid.
1013 2641 1046 2666 n.
1078 2629 1177 2666 1207.
1206 2626 1340 2663 Boned.
1359 2624 1444 2660 XIV
1471 2623 1515 2658 de
1536 2620 1684 2667 synodo
1704 2619 1820 2655 dioec.
1840 2616 1901 2652 lib.
1922 2613 2022 2654 XIII,

239 2725 323 2760 cap.
352 2713 448 2755 XIII,
477 2721 510 2747 n.
540 2712 571 2746 7.

364 2786 376 2804 Ξ
404 2784 551 2821 Collecl.
579 2791 611 2817 n.
635 2779 735 2821 1210,
763 2787 797 2813 n.
821 2776 920 2817 1207,
943 2776 979 2810 in
998 2779 1085 2810 nota
1112 2781 1185 2818 qua
1211 2770 1392 2819 allegatur
1411 2766 1527 2802 Breve
1546 2763 1598 2798 Pii
1619 2761 1669 2798 IV
1695 2761 1819 2796 datum
1841 2768 1898 2794 an.
1921 2755 2023 2798 1562,

242 2860 304 2896 dic
337 2858 375 2893 ll
406 2856 502 2900 Aug.

365 2928 376 2946 ³
404 2927 501 2963 'ri-id.
530 2926 626 2961 Soss.
653 2922 709 2966 25,
737 2931 815 2966 cap.
843 2919 874 2961 Ξ,
902 2918 946 2954 de
975 2916 1171 2952 Rosci-mat.

367 2999 380 3018 ⁵
406 2998 502 3035 'ri-id.
531 2997 551 3032 l.
581 2996 638 3031 cit-

368 3071 380 3090 ⁸
408 3069 542 3106 Bened.
572 3066 657 3103 xlv
684 3065 805 3100 Consi.
835 3062 956 3104 Quum
983 3070 1003 3094 ιι
1030 3058 1141 3094 nobis.
