2176 3386
512 243 639 272 LIBER
669 243 692 271 Ι.
728 243 784 270 DE
814 242 951 271 REBUS
981 242 1214 271 ECCLESIAE
1243 242 1570 271 SPIRITUALIBUS
1907 232 1933 271 3

895 447 1127 476 ,auricomis
1162 448 1188 476 Ι.

362 554 424 596 De
456 554 674 607 materia,
710 550 885 608 forma,
920 550 1115 596 subiecto
1147 556 1189 594 et
1223 552 1438 594 ministro
1476 551 1720 607 Baptismi.

269 682 369 727 615.
409 681 598 727 Materia
632 679 845 739 baptismi
879 679 966 725 alia
1001 684 1070 725 est
1103 686 1297 735 remota,
1334 679 1422 724 alia
1452 682 1691 737 proxima.
1738 684 1931 725 Remota

149 781 207 811 ex
251 764 408 810 divina
451 763 741 809 institutione
779 766 850 807 est
889 777 1006 823 aqua
1042 763 1279 808 naturalis.
1331 762 1448 808 Hinc
1489 777 1604 823 aqua
1648 763 1933 808 substantiae

152 851 281 895 alteri
317 848 570 894 commixta
595 862 688 892 non
722 852 790 892 est
825 847 1016 893 materia
1040 847 1095 892 ad
1118 847 1399 906 baptismum
1432 852 1555 906 apta,
1581 847 1616 892 si
1654 848 1792 892 fuerit
1825 862 1931 893 cum

150 935 292 978 altera
325 932 579 977 substantia
613 931 809 977 chimice
844 932 1015 986 mixta,
1055 933 1127 976 vel
1161 932 1197 976 si
1231 931 1380 991 liquor
1414 932 1513 991 plus
1545 937 1797 978 extraneae
1830 934 1932 978 sub-

151 1017 347 1061 stantiae
395 1030 533 1076 quam
576 1029 720 1075 aquae
759 1014 1011 1060 contineat.
1067 1015 1191 1059 Unde
1234 1015 1456 1060 infertur:
1508 1017 1554 1073 α)
1591 1015 1676 1060 etsi
1723 1017 1932 1075 ineptum

151 1100 206 1144 ad
239 1099 460 1158 baptisma
498 1099 556 1143 sit
588 1100 754 1154 lutum,
791 1098 940 1144 valide
974 1103 1128 1143 tamen
1166 1112 1245 1156 per
1277 1112 1444 1158 aquam
1479 1099 1753 1144 lutulentam
1789 1099 1932 1158 bapti-

150 1196 301 1227 smum
345 1182 559 1228 conferri.
611 1183 650 1239 b)
687 1181 955 1237 Materiam,
990 1195 1107 1241 quae
1151 1182 1293 1226 solam
1327 1195 1472 1240 aquae
1505 1182 1704 1240 speciem
1750 1183 1930 1240 babeat,

150 1264 354 1324 ineptam
396 1278 516 1320 esse,
554 1269 604 1308 ut
636 1280 709 1310 ex.
747 1279 812 1322 gr.
849 1265 1016 1320 saliva,
1052 1278 1216 1310 succus
1249 1264 1426 1309 stillans
1470 1280 1528 1310 ex
1561 1266 1820 1323 arboribus,
1856 1283 1932 1311 vx-

152 1360 331 1406 pressus
363 1361 387 1392 a
420 1347 606 1393 ssoribus
641 1349 712 1393 vel
748 1348 899 1393 herbis
931 1353 1019 1392 etc.
1071 1351 1110 1405 c)
1145 1351 1321 1408 Aquam
1357 1347 1402 1392 in
1437 1353 1558 1394 statu
1605 1350 1748 1395 solido
1786 1351 1932 1396 consi-

150 1433 349 1475 stentem
397 1445 488 1475 non
538 1445 636 1476 esse
685 1431 926 1476 materiam
960 1437 1142 1491 aptam,
1178 1431 1396 1491 quamdiu
1443 1431 1604 1477 idonea
1645 1447 1736 1478 non
1777 1435 1933 1479 estad

149 1513 446 1570 abluendum,
482 1520 532 1559 ut
564 1529 638 1560 ex.
675 1530 740 1573 gr.
778 1516 944 1573 glacies
981 1516 1050 1560 vel
1087 1516 1182 1560 nix.

273 1603 335 1642 Ex
371 1598 600 1644 Ecclesiae
634 1603 877 1658 praecepto
909 1599 1113 1644 adbiberi
1163 1599 1297 1644 debet
1322 1601 1367 1644 in
1403 1600 1680 1658 baptismate
1715 1616 1831 1660 aqua
1865 1616 1931 1647 so-

150 1681 368 1726 lemniter
404 1684 458 1727 ad
498 1683 775 1742 baptismum
823 1684 1094 1739 benedicta,
1132 1698 1217 1729 nec
1260 1688 1392 1728 extra
1436 1697 1594 1729 casum
1646 1685 1934 1730 necessitatis

151 1766 282 1821 licet,
318 1766 402 1811 hac
436 1767 723 1825 posthabita,
761 1767 825 1811 uti
859 1781 975 1827 aqua
1010 1767 1247 1812 communi
1281 1772 1328 1812 et
1361 1767 1586 1823 naturali,
1625 1769 1695 1812 vel
1730 1783 1781 1813 ea
1815 1784 1932 1828 quac

152 1864 230 1906 pro
262 1849 610 1895 lustrationibus
643 1851 931 1895 benedicitur
956 1852 984 1894 ¹.

269 1934 310 1980 Si
345 1936 461 1979 forte
494 1934 734 1992 contingat
767 1941 817 1979 ut
848 1949 965 1994 aqua
999 1935 1283 1993 baptismalis
1315 1934 1514 1990 deficiat,
1550 1936 1807 1981 adhibenda
1848 1938 1934 1981 erit

153 2018 317 2077 (quoad
342 2018 436 2062 lieri
463 2020 625 2077 potest)
653 2032 769 2078 aqua
794 2018 1033 2063 benedicta
1070 2018 1199 2062 iuxta
1224 2017 1470 2062 formulam
1499 2017 1689 2063 Ritualis
1719 2018 1929 2074 Romani,

151 2114 284 2146 secus
315 2101 572 2147 adhibenda
606 2101 693 2146 erit
725 2115 841 2160 aqua
877 2100 1100 2146 naturalis
1122 2100 1153 2145 ².

271 2187 371 2230 616.
409 2185 600 2230 Materia
635 2186 842 2244 proxima
876 2185 1090 2245 baptismi
1133 2189 1203 2229 est
1249 2184 1422 2229 ablutio
1457 2199 1536 2242 per
1572 2198 1767 2244 aquam,
1803 2185 1933 2229 cuius

149 2268 315 2326 triplex
340 2272 408 2313 est
432 2269 618 2314 modus:
654 2272 903 2326 immersio,
931 2272 1149 2328 aspersae,
1182 2269 1254 2313 vel
1289 2267 1480 2325 infusae,
1518 2268 1645 2313 iuxta
1681 2268 1821 2312 ritum
1857 2282 1932 2312 cu-

151 2351 309 2411 iusque
361 2352 584 2398 Ecclesiae
634 2353 884 2412 proprium.
938 2355 1209 2410 Asper-sione
1253 2366 1364 2396 vero
1411 2351 1484 2395 vel
1531 2351 1773 2408 infusione
1812 2352 1933 2396 facta

151 2434 339 2491 ablutio,
374 2440 426 2479 ut
459 2436 608 2481 valida
642 2436 717 2492 sit,
754 2449 938 2482 necesse
972 2441 1040 2481 est
1075 2441 1124 2480 ut
1147 2450 1263 2495 aqua
1296 2435 1435 2492 ssuat;
1471 2439 1522 2478 ut
1555 2448 1606 2479 ea
1634 2434 1762 2493 copia
1787 2434 1932 2479 ess'un-

270 2616 279 2636 ¹
308 2617 444 2653 Bened.
472 2617 570 2660 XIV,
598 2617 720 2654 Const.
747 2617 848 2654 Inter
865 2619 1073 2663 omniyenas
1091 2617 1112 2653 Ξ
1133 2617 1221 2653 febr.
1242 2615 1345 2652 1744.
1372 2616 1607 2653 Collectanea
1632 2615 1769 2652 decret.
1795 2625 1830 2651 n.
1848 2614 1929 2659 498,

150 2686 231 2733 499,
257 2687 338 2731 500,
363 2688 444 2731 501,
470 2687 551 2731 507,
577 2688 658 2731 512,
684 2688 764 2725 517.

268 2759 281 2777 ¹
307 2758 439 2805 Congr.
466 2759 501 2797 S.
528 2759 594 2797 Off.
620 2759 667 2797 20
693 2761 768 2797 iun.
798 2760 899 2797 1885.
930 2761 1123 2806 Proposito
1149 2760 1262 2796 dubio
1288 2760 1333 2796 de
1354 2759 1535 2805 baptismo
1561 2757 1695 2794 collato
1723 2767 1807 2794 cum
1835 2766 1934 2802 aqua

152 2828 352 2873 benedicta,
379 2841 473 2877 quae
502 2837 624 2868 tamen
649 2832 698 2868 ob
724 2832 882 2869 climatis
910 2832 1165 2877 intemperiem
1194 2831 1329 2868 foetida
1354 2834 1542 2873 evaserat,
1572 2830 1609 2865 in
1642 2829 1731 2875 Sup.
1758 2829 1796 2865 C.
1828 2829 1933 2865 Univ.

151 2899 228 2946 lnq.
256 2901 346 2938 feria
371 2902 433 2946 IV,
462 2902 503 2939 17
530 2902 657 2948 aprilis
685 2903 787 2946 1859,
814 2903 962 2939 attentis
988 2903 1180 2948 expositis,
1207 2903 1288 2938 Ειῖιί
1316 2902 1385 2939 ΡΡ.
1405 2902 1695 2947 responderunt:
1724 2900 1928 2947 baptismos

152 2971 305 3009 collatos
322 2982 403 3009 cum
422 2982 520 3020 aqua
537 2978 711 3020 corrupta
735 2974 849 3011 fnisse
870 2973 1022 3016 validos,
1040 2974 1210 3019 quamvis
1228 2973 1375 3010 illicitos
1403 2979 1508 3010 extra
1534 2982 1660 3009 casum
1688 2972 1936 3016 necessitatis,

151 3046 188 3078 ct
213 3042 256 3078 in·
275 3053 364 3080 casu
389 3044 622 3081 necessitatis
662 3045 937 3091 praeferendam
976 3055 1110 3091 aquam
1138 3044 1364 3088 naturalem,
1390 3044 1453 3080 sed
1480 3044 1750 3090 providendum
1778 3053 1931 3080 renova·

152 3112 241 3150 tioni
269 3123 386 3161 aquae
413 3114 524 3152 sontis
550 3115 780 3162 baptismalis
808 3116 910 3152 iuxta
935 3116 1080 3153 Rituale
1107 3117 1326 3154 Romanum.
