2176 3386
228 212 287 252 48
546 219 556 226 ·
909 221 1019 250 PARS
1049 221 1089 249 11.
1120 221 1176 249 DE
1207 220 1345 249 nesus

234 345 316 390 pro
349 329 500 375 missis
531 334 576 375 et
609 344 668 375 ex
693 329 747 374 iis
778 329 958 375 lucrum
982 333 1222 387 captantes
1245 328 1455 373 faciendo
1487 342 1565 373 eas
1586 327 1805 373 celebrari
1832 327 1879 373 in
1906 327 2018 373 locis

234 414 309 459 ubi
345 413 589 459 missarum
623 413 848 472 stipendia
884 412 1075 457 minoris
1107 411 1239 471 pretii
1273 412 1551 475 esse-solent
1573 411 1605 457 ¹.
2158 442 2171 460 .

354 497 456 541 695.
492 496 693 541 Tandem
729 496 776 540 5⁰
799 509 904 540 cum
929 494 1049 539 circa
1073 495 1392 552 eleemosynas
1411 494 1653 539 missarum
1682 507 1846 553 graves
1877 507 2014 554 quae·

230 581 340 625 dam
374 579 668 639 quaestiones
701 581 742 623 S.
780 578 879 623 Sedi
916 578 1170 636 propositae
1206 577 1394 632 fuerint,
1421 590 1497 622 eas
1520 580 1644 622 Sum.
1671 581 1803 622 Pont.
1833 576 1935 622 Pius
1958 580 2010 621 lx

232 667 334 710 Sac.
370 661 721 721 Congregationi
757 661 943 708 concilii
977 661 1303 719 expendendas
1335 675 1388 706 ac
1423 660 1716 706 resolvendas
1757 659 2016 705 mandavit.

236 750 353 793 Sunt
384 751 539 792 autem
586 746 698 790 hae:
745 748 776 790 Ι.
816 747 881 790 An
917 749 1048 803 turpe
1097 745 1450 789 mercimonium
1493 744 1668 802 sapiat,
1704 743 1895 803 ideoque
1935 744 2018 788 im-

236 831 468 889 probanda
502 834 550 873 et
581 828 740 887 poenis
771 827 910 873 etiam
956 827 1310 882 ecclesiasticis,
1346 826 1382 871 si
1416 840 1527 883 opus
1569 826 1730 882 fuerit,
1765 827 2019 872 coercenda

232 914 295 957 sit
326 913 383 958 ab
419 912 648 970 Episcopis
680 925 840 956 eorum
875 911 1219 969 bibliopolarum
1248 911 1319 955 vel
1345 914 1652 955 mercatorum
1687 910 1850 968 agendi
1884 910 2017 966 ratio,

234 996 332 1055 qui,
368 994 583 1039 adhibitis
616 993 806 1052 publicis
831 994 1154 1038 invitamentis
1186 999 1231 1037 ct
1266 993 1495 1051 praemiis,
1523 994 1596 1036 vel
1619 992 1707 1037 alio
1730 1006 2021 1052 quocumque

239 1078 373 1123 modo
407 1078 649 1123 missarum
684 1078 1004 1135 eleemosynas
1037 1077 1271 1134 colligunt;
1309 1081 1355 1120 et
1386 1076 1714 1132 sacerdotibus,
1749 1077 1913 1136 quibus
1946 1090 2022 1122 eas

234 1164 534 1209 celebrandas
566 1162 891 1218 committunt,
931 1176 1022 1206 non
1055 1161 1299 1220 pecuniam
1338 1161 1412 1205 sed
1448 1161 1585 1205 libros
1626 1160 1797 1206 aliasve
1847 1174 2024 1205 merces

238 1247 527 1305 rependunt?
578 1250 628 1290 ll.
667 1250 733 1291 An
770 1246 881 1290 haec
914 1244 1077 1302 agendi
1112 1244 1227 1289 ratio
1277 1244 1375 1289 ideo
1410 1242 1697 1288 cohonestari
1737 1245 1913 1298 valeat,
1952 1243 2022 1287 tel

237 1331 344 1390 quia
379 1330 502 1375 nulla
539 1331 657 1374 facta
693 1328 1039 1382 imminutione,
1066 1333 1133 1372 tot
1167 1327 1331 1372 missae
1354 1342 1379 1372 a
1406 1329 1672 1372 memoratis
1704 1327 2023 1373 collectoribus

234 1415 537 1459 celebrandae
571 1413 942 1467 committantur,
978 1416 1089 1471 quot
1121 1411 1324 1457 collectis
1356 1410 1662 1468 eleemosynis
1695 1411 2018 1469 respondeant,

240 1497 313 1542 vel
346 1497 452 1556 quia
488 1511 566 1556 per
599 1510 700 1540 eam
743 1495 1016 1554 pauperibus
1060 1494 1401 1549 sacerdotibus,
1437 1493 1744 1551 eleemosynis
1778 1493 2021 1537 missarum

235 1579 503 1624 carentibus
535 1577 839 1623 subvenitur?
876 1581 949 1622 ΙΙΙ.
987 1580 1054 1622 An
1079 1577 1338 1622 huiusmodi
1363 1577 1762 1633 eleemosynarum
1796 1574 2024 1621 collectio-

240 1677 323 1708 nes
355 1667 401 1708 et
433 1662 721 1720 erogationes
743 1666 855 1705 tunc
877 1660 1017 1705 etiam
1053 1661 1381 1719 improbandae
1405 1665 1451 1704 et
1473 1660 1770 1715 coercendae,
1796 1664 1847 1703 ut
1867 1673 2020 1717 supra,

236 1746 333 1791 sint
365 1746 423 1790 ab
459 1745 702 1804 Episcopis,
739 1745 923 1804 quando
954 1744 1152 1800 lucrum,
1187 1745 1306 1804 quod
1339 1759 1397 1788 ex
1433 1743 1653 1789 mercium
1689 1758 1792 1788 cuii·
1829 1744 2023 1788 elecmo-

239 1830 371 1888 synis
405 1829 744 1887 permutatione
794 1828 1034 1881 hauritur,
1071 1841 1162 1872 non
1199 1827 1243 1871 iu
1280 1827 1509 1885 proprium
1553 1825 1865 1884 colligentium
1901 1840 2023 1871 com-

242 1915 448 1969 modum,
485 1914 559 1958 sed
595 1913 640 1957 in
677 1913 853 1971 piarum
904 1911 1250 1956 institutionum
1299 1916 1344 1955 et
1392 1912 1615 1954 bonorum
1665 1923 1854 1967 operum
1888 1923 2023 1955 usum

242 1997 314 2041 vel
350 1995 694 2041 incrementum
737 1995 1054 2052 impenditur?
1104 1997 1172 2039 lV.
1212 1996 1278 2038 An
1323 1994 1444 2051 turpi
1488 1993 1788 2038 mercimonio
1833 2006 2024 2038 concur-

362 2176 372 2195 ¹
402 2176 493 2212 Sunt
520 2185 629 2212 casus
657 2175 694 2210 in
721 2175 856 2220 quibus
885 2175 1061 2211 sacerdos
1088 2178 1208 2219 potest
1233 2173 1338 2208 alteri
1365 2172 1545 2208 sacerdoti
1574 2171 1725 2207 missam
1764 2170 2025 2207 celebrandam

237 2246 413 2292 delegare
441 2256 523 2282 cum
552 2246 790 2292 eleemosyna
816 2246 1017 2288 ordinaria,
1045 2244 1191 2290 sibique
1225 2244 1381 2280 retinere
1409 2244 1489 2279 eius
1515 2252 1730 2285 excessum,
1771 2242 1880 2288 idque
1915 2250 2027 2286 genc-

242 2318 350 2354 ratim
379 2317 458 2354 sieri
486 2317 572 2354 licet
599 2317 744 2362 quoties
770 2317 905 2354 adsunt
931 2314 994 2352 alii
1021 2316 1117 2353 tituli
1144 2314 1383 2352 celebrationi
1411 2314 1622 2350 extrinseci.
1649 2313 1839 2350 Eiusmodi
1868 2323 1955 2348 vero
1984 2313 2029 2348 ti-

242 2388 308 2425 tuli
338 2394 441 2424 sunt:
484 2387 516 2433 1)
544 2388 581 2424 Si
609 2388 743 2424 missae
770 2388 987 2424 inhaereant
1015 2387 1206 2429 beneficio,
1236 2386 1290 2422 vel
1318 2385 1583 2432 cappellaniae.
1623 2383 1657 2428 2)
1687 2385 1722 2421 Si
1752 2385 1864 2421 missa
1897 2394 2029 2430 perpe—

245 2464 306 2496 tua
331 2468 407 2495 non
435 2459 603 2495 inhaeret
629 2458 822 2501 beneficio,
850 2458 914 2494 sed
941 2462 1039 2494 certo
1066 2458 1211 2494 cuidam
1238 2457 1419 2493 sacerdoti
1446 2456 1690 2493 demandatur
1717 2456 1766 2492 ita
1784 2459 1823 2492 ut
1841 2455 1911 2501 ipsi
1938 2465 2026 2492 rura

244 2530 435 2567 incumbat
462 2529 637 2566 solutioni
665 2529 895 2574 consulendi,
923 2529 1021 2575 quod
1049 2537 1143 2565 onus
1170 2529 1287 2574 pretio
1315 2527 1545 2564 aestimabile
1572 2531 1637 2563 est.
1677 2525 1712 2572 5)
1739 2527 1775 2564 Si
1795 2527 1906 2564 alicui
1927 2527 2029 2573 lega-

2131 2561 2152 2646 4³³.-
2132 2521 2145 2539 ν’

245 2608 323 2639 tum
348 2602 569 2649 relinquitur
596 2607 696 2638 certo
715 2612 761 2638 ac
778 2601 1019 2637 determinato
1045 2610 1200 2638 numero
1228 2599 1425 2636 missarum
1451 2603 1641 2645 gravatum
1655 2610 1665 2642 ;
1693 2603 1730 2634 at
1754 2607 1831 2635 non
1850 2599 1947 2636 idem
1975 2599 2031 2634 di-

239 2674 415 2718 cendum,
443 2674 472 2710 si
500 2673 635 2718 aliquis
663 2673 698 2708 in
718 2676 937 2709 testamento
956 2681 1032 2708 non
1051 2675 1241 2716 tamquam
1267 2670 1468 2716 legatarius
1485 2670 1533 2706 sit
1549 2669 1777 2715 designatus,
1805 2669 1869 2706 sed
1894 2679 2032 2706 execu-
2068 2702 2072 2707 .

246 2749 301 2781 tor
320 2745 431 2790 legati
453 2745 663 2781 missarum.
690 2743 725 2790 4)
745 2744 782 2780 Si
801 2745 886 2790 quis
903 2743 1081 2780 maiorem
1108 2743 1239 2788 stipem
1263 2752 1339 2778 non
1358 2746 1432 2778 tam
1460 2741 1593 2777 intuitu
1619 2741 1756 2777 missae
1783 2736 1894 2784 daret,
1914 2749 2026 2786 quam

240 2817 442 2861 amicitiae,
468 2817 706 2863 paupertatis,
734 2816 979 2862 gratitudinis.
1005 2813 1041 2861 5)
1068 2815 1104 2851 Si
1133 2814 1253 2850 maius
1279 2813 1503 2859 stipendium
1529 2812 1636 2849 datur
1661 2812 1802 2849 ratione
1829 2811 1944 2848 stolae
1973 2811 2028 2847 vel

240 2887 358 2924 officii
384 2888 611 2934 parochialis
638 2887 694 2924 vel
720 2887 930 2933 dignitatis,
959 2890 996 2923 ut
1023 2885 1062 2921 fit
1087 2886 1125 2920 in
1153 2885 1276 2921 missis
1302 2883 1552 2930 nuptialibuS‚
1579 2883 1614 2919 S.
1640 2883 1777 2928 Congr.
1802 2881 1942 2918 Concil.
1969 2881 2029 2917 die

243 2958 291 2995 25
318 2959 397 2996 iulii
427 2959 517 2995 1874
542 2958 741 2995 declaravit
773 2971 786 2988 ι
807 2958 987 3003 integram
1006 2955 1283 3001 eleemosynam
1310 2953 1536 2998 solvendam,
1557 2953 1628 2989 nisi
1647 2951 1777 2989 morali
1803 2951 2028 2988 certitudine

239 3035 400 3073 constet,
427 3039 622 3067 excessum
649 3029 858 3066 communis
884 3028 1140 3073 eleemosynae
1176 3026 1342 3063 oblatum
1375 3025 1488 3062 fuisse
1526 3025 1662 3062 intuitu
1701 3031 1881 3070 personae
1908 3022 2027 3068 ipsius

245 3101 402 3139 Paroehi
418 3115 449 3138 ι.
476 3102 578 3139 Conf.
602 3101 649 3138 cl.
676 3101 846 3137 Amnimn
871 3099 938 3146 Op.
964 3098 1024 3136 cit.
1053 3108 1088 3144 p.
1115 3097 1195 3134 775.
