2176 3386
407 0 651 30 ”vaura-*⁴
715 0 722 13 ¹

510 189 639 217 Lmen
668 188 691 216 1.
723 187 779 215 DE
811 185 948 215 niseus
979 184 1212 214 ECCLESIAE
1242 182 1569 212 SPIRITUALIBUS
1882 169 1936 208 55

152 313 263 343 nam
296 296 394 342 fieri
426 295 473 341 in
506 295 666 350 altari,
702 308 760 339 ne
793 293 868 339 illo
900 291 1083 353 quidem
1134 293 1328 349 excepto
1360 289 1407 334 in
1440 303 1531 348 quo
1562 287 1683 333 intra
1723 287 1933 333 taberna-

149 382 308 426 culum
341 376 808 425 divinaeuoharistia
841 379 1122 430 asservatur,
1151 373 1234 418 nisi
1269 375 1391 418 Crux
1423 386 1562 432 quam
1585 371 1804 427 diximus,
1831 369 1936 415 talis

149 464 213 509 sit
244 467 380 522 atque
414 463 477 507 ita
509 460 778 515 constituta,
815 464 865 505 ut
897 459 1108 505 sacerdos
1140 463 1187 503 et
1220 457 1412 517 populus
1445 469 1576 501 sacro
1608 455 1796 500 adstans
1827 455 1935 498 Cru-

150 546 343 592 cifixum
380 545 509 590 l'acile
542 548 588 589 et
620 543 860 589 commode
895 541 1070 601 possint
1103 540 1289 586 intueri.
1341 539 1471 593 Quod
1503 538 1539 583 si
1572 538 1618 582 in
1654 537 1841 582 maioris
1873 536 1934 581 al-

152 629 264 674 taris
297 627 450 674 tabula
485 631 699 673 Servator
747 631 903 671 noster
932 624 1065 673 Cruci
1099 622 1294 669 suffixus
1335 626 1414 667 aut
1447 622 1651 667 caelatus
1697 623 1932 679 appareat,

151 716 266 756 tunc
301 713 473 756 nullam
507 711 629 755 inter
660 709 932 755 candelabra
968 707 1073 767 poni
1106 720 1293 752 crucem
1327 718 1513 751 necesse
1547 708 1617 749 est
1641 705 1670 748 ¹.

271 794 372 838 705.
409 796 458 837 In
495 792 658 837 missae
705 790 929 836 sacrificio
978 789 1183 835 adhiberi
1227 790 1396 834 debent
1444 788 1661 833 candelae
1710 785 1934 831 industria

145 876 392 920 confectae
423 890 481 919 ex
515 889 652 933 apum
686 875 856 929 labore,
891 877 938 918 ct
970 887 1028 917 ex
1063 871 1199 916 venia
1233 871 1480 930 apostolica
1514 870 1747 914 interdum
1771 881 1933 913 conce-

145 959 275 1004 ditur
323 958 621 1004 niissionariis
655 962 704 1002 ut
737 957 912 1016 possint
955 957 1020 1001 uti
1055 957 1153 1002 loco
1194 969 1359 1010 cerae,
1395 955 1526 1009 oleo,
1562 957 1607 998 et
1652 952 1792 996 etiam
1836 949 1935 995 oleo

149 1043 409 1097 deliciente,
444 1046 496 1086 ut
528 1042 763 1087 celebrent
794 1041 963 1101 absque
999 1040 1263 1084 luminibus.
1311 1039 1483 1083 Pariter
1515 1052 1570 1082 ex
1609 1037 1788 1081 indulto
1822 1037 1937 1093 Apo-

146 1125 312 1170 stolico
344 1124 613 1170 conceditur
646 1126 840 1169 facultas
871 1123 1029 1168 utendi
1063 1138 1167 1168 cera
1201 1137 1259 1168 ex
1293 1125 1454 1167 arbore
1481 1122 1668 1166 fluente.
1702 1119 1829 1165 Calix
1860 1119 1935 1163 de—

148 1211 228 1255 bet
259 1222 356 1254 esse
388 1223 554 1253 aureus
584 1209 655 1254 vel
688 1214 950 1266 argenteus,
976 1213 1056 1252 aut
1087 1208 1251 1252 saltem
1285 1212 1540 1261 stamneus,
1567 1204 1602 1250 si
1636 1204 1933 1249 ecelesiarum

149 1294 222 1338 vel
258 1293 546 1339 sacerdotum
584 1297 826 1352 paupertas
859 1296 987 1337 tanta
1022 1291 1097 1346 sit,
1135 1290 1406 1336 utmaioris
1441 1289 1572 1350 pretii
1610 1304 1718 1334 vasa
1752 1302 1935 1346 compa-

149 1391 252 1421 rare
287 1391 378 1422 non
413 1378 547 1422 sinat.
601 1382 659 1421 De
693 1376 834 1422 calice
868 1390 977 1420 vero
1011 1390 1069 1420 ex
1103 1375 1343 1420 alluminio
1376 1375 1606 1430 confecto,
1642 1374 1731 1418 lata
1767 1377 1835 1417 est
1868 1372 1934 1416 in-

146 1461 343 1507 structio
376 1476 399 1506 a
436 1465 475 1506 S.
517 1461 603 1506 uit.
641 1465 799 1519 Congr.
835 1460 906 1505 die
941 1462 965 1505 6
998 1462 1094 1505 dec.
1133 1460 1244 1505 1866
1269 1460 1300 1502 ².
1340 1459 1515 1504 Debent
1547 1463 1703 1502 autem
1738 1457 1932 1502 calicum

144 1559 324 1603 cuppae
357 1549 402 1589 et
437 1549 630 1603 patenae
664 1545 708 1588 in
747 1548 838 1589 tota
873 1543 1112 1602 superficie
1156 1548 1347 1602 argento
1391 1543 1516 1601 prius
1549 1547 1595 1587 et
1626 1542 1790 1587 deinde
1823 1556 1935 1587 auro

147 1628 195 1672 in
235 1628 436 1686 partibus
468 1642 493 1673 a
528 1627 704 1672 rubrica
733 1627 961 1688 requisitis
983 1627 1145 1671 obduci
1171 1627 1201 1671 ³.
1238 1626 1410 1672 Calices
1433 1626 1630 1685 denique
1663 1630 1710 1670 et
1741 1628 1935 1684 patenae

149 1726 230 1770 per
262 1713 409 1756 solum
449 1712 718 1770 Episcopum
754 1710 1013 1757 consecrari
1051 1715 1256 1769 possunt,
1283 1715 1329 1755 et
1363 1711 1531 1755 iterum
1565 1708 1826 1755 consecrari
1860 1709 1934 1753 de-

147 1796 262 1841 bent
293 1796 328 1841 si
365 1796 536 1841 fuerint
567 1797 718 1841 denuo
751 1795 950 1841 inaurati
976 1795 1008 1839 ⁴.

270 1880 371 1924 706.
410 1879 632 1934 Amictus,
667 1879 812 1935 albae,
851 1879 1071 1933 tobaleae,
1111 1878 1350 1936 mappulae
1393 1892 1450 1922 ex
1492 1877 1585 1922 lino
1622 1877 1693 1921 vel
1727 1876 1935 1921 cannabe

144 1967 361 2009 constare
409 1963 603 2019 debent,
640 1977 772 2008 nunc-
800 1964 866 2007 fas
898 1967 966 2007 est
1006 1964 1072 2006 uti
1116 1963 1230 2021 palla
1263 1976 1288 2006 a
1324 1965 1451 2020 parte
1493 1961 1714 2019 superiori
1765 1961 1935 2019 drappo

149 2047 295 2092 serico
327 2051 557 2105 cooperta.
595 2050 868 2091 Paramenta
903 2046 1117 2105 denique,
1146 2046 1415 2090 linteamina
1448 2059 1594 2102 sacra,
1620 2046 1825 2104 exceptis
1856 2060 1934 2104 pu-

147 2130 470 2185 rificatoribus,
506 2131 675 2174 debent
706 2143 804 2175 esse
838 2129 1094 2174 benedicta.

270 2213 371 2257 707.
422 2212 642 2258 Rubricae
691 2211 889 2258 missalis
935 2217 1118 2270 tempus
1166 2213 1287 2256 intra
1333 2212 1454 2271 quod
1503 2213 1669 2257 missae
1715 2211 1934 2257 celebrari

149 2301 358 2355 possunt,
393 2301 587 2354 excepta
620 2298 712 2342 sola
748 2296 886 2342 missa
920 2296 1114 2342 solemni
1148 2295 1194 2340 in
1231 2300 1367 2341 nocte
1391 2296 1651 2342 nativitatis
1686 2295 1865 2341 Domini
1890 2300 1936 2341 et

144 2383 343 2437 excepto
392 2379 656 2438 privilegio,
693 2393 855 2424 aurora
895 2384 942 2424 et
981 2379 1170 2424 meridie
1219 2380 1517 2424 concludunt.
1572 2382 1727 2438 Neque
1775 2384 1934 2424 tamen

149 2463 348 2508 violatae
383 2463 517 2508 huius
551 2463 659 2521 legis
692 2477 796 2508 reus
831 2463 1093 2518 baberetur,
1129 2463 1271 2522 siquis
1305 2466 1432 2521 parte
1465 2463 1605 2508 horae
1638 2463 1773 2508 tertia
1806 2467 1934 2508 ante-

149 2550 303 2591 vertat
334 2560 548 2591 auroram
582 2545 647 2591 sic
679 2550 731 2591 ut
763 2546 949 2592 missam
984 2547 1039 2591 ad
1073 2560 1288 2591 auroram
1322 2546 1467 2603 ipsam
1500 2546 1725 2602 absolvat,
1762 2545 1837 2590 vel
1869 2551 1934 2590 et-

149 2628 260 2684 iam,
287 2628 322 2673 si
355 2628 564 2674 absolvat
596 2629 806 2674 eamdem
840 2628 974 2674 tertia
1011 2633 1109 2688 post
1143 2628 1383 2674 meridiem
1408 2630 1546 2674 horae
1571 2634 1698 2688 parte
1722 2629 1873 2688 elapsa
1900 2629 1930 2674 ⁶·

272 2783 281 2802 ¹
310 2784 444 2821 Bened.
472 2784 570 2827 XIV,
597 2784 720 2821 Const.
747 2783 961 2831 Accepimus
983 2785 1265 2831 praestantiam.

272 2855 285 2873 ¹
312 2855 461 2892 Collect.
487 2865 523 2893 n.
550 2856 632 2893 865.

270 2925 284 2944 ³
310 2925 459 2963 Collect.
489 2937 524 2963 n.
551 2927 632 2964 864.

271 2995 285 3016 '⁶
311 2997 461 3035 Collect.
489 3008 525 3034 n.
552 2998 634 3042 842,
661 2997 742 3036 850.

268 3067 283 3086 '⁵
311 3068 446 3105 Bened.
474 3069 572 3113 XIV,
600 3070 702 3107 lustr.
733 3071 788 3108 13.
