2176 3386
520 255 650 283 121ssssss
678 255 702 282 1.
734 254 790 282 DE
823 252 960 282 REBUS
989 251 1225 281 Eccnsssmss
1255 250 1581 280 SPIRITUALIBUS
1894 239 1944 279 91

159 362 236 408 nia
269 362 332 407 ita
364 361 563 420 degunt,
599 366 650 405 ut
681 359 965 419 regularibus
997 358 1283 404 famulentur
1315 362 1363 403 et
1394 357 1451 403 ab
1483 356 1538 402 iis
1565 356 1776 402 ‘vicissim
1819 358 1945 403 alan·

156 450 233 491 tur
255 446 286 489 ¹.

275 529 378 573 790.
416 531 554 573 Porro
598 527 644 572 in
679 527 840 572 eodem
891 524 1052 571 mortis
1094 523 1296 583 periculo
1341 525 1692 569 Sacra-mentum
1732 523 1818 568 hoc
1852 538 1944 569 non

157 616 228 656 est
258 610 533 655 iterandum.
573 609 616 655 Si
648 614 802 654 autem
836 607 1026 663 infirmi,
1061 606 1226 666 quibus
1258 605 1460 650 adhibita
1493 605 1581 650 fuit
1612 610 1822 650 extrema
1861 619 1944 650 un·

153 695 277 750 ctio,
313 693 642 739 convaluerint
674 693 720 737 in
756 706 1023 751 novumque
1058 695 1211 749 postea
1248 689 1498 735 inciderint
1533 689 1656 734 vitae
1691 690 1945 747 periculum

159 782 375 838 poterunt
406 791 566 823 rursus
599 777 749 822 iuvari
783 776 917 820 huius
951 774 1236 820 Sacramenti
1286 773 1502 818 subsidio.
1553 774 1682 826 Quod
1726 773 1763 818 si
1795 773 1946 819 immi-

159 865 273 906 nuto
308 861 495 916 morbo,
534 859 788 918 periculum
836 858 945 903 illud
979 871 1179 902 cessasse
1231 857 1483 914 prudenter
1514 856 1833 913 existimetur,
1868 858 1947 902 sed

156 949 311 1003 postea
358 948 572 1002 aegrotus
622 948 873 1002 antequam
923 942 1219 987 convalescat
1258 954 1417 986 rursus
1459 941 1714 1000 periculum
1765 941 1942 997 subeat,

159 1027 288 1072 iuxta
323 1031 612 1086 praesentem
651 1025 875 1071 Ecclesiae
908 1025 1196 1084 disciplinam
1230 1037 1387 1069 rursus
1419 1025 1505 1068 boc
1539 1027 1838 1069 Sacramento
1879 1023 1946 1068 iu-

159 1110 257 1155 xari
293 1110 458 1169 poterit
483 1110 514 1155 ².

279 1195 381 1238 791.
416 1193 582 1238 Oleum
616 1192 904 1237 infirmorum
939 1191 1291 1237 custodiendum
1330 1191 1377 1235 in
1411 1191 1602 1236 ccclesia
1644 1196 1715 1236 est
1747 1191 1795 1236 in
1829 1205 1945 1237 cavo

153 1293 180 1323 a
221 1291 364 1322 cornu
417 1276 644 1334 evangelii
693 1275 849 1320 altaris
884 1275 1084 1330 maioris,
1122 1275 1194 1319 vel
1228 1275 1325 1320 eius
1373 1275 1530 1319 altaris
1571 1275 1617 1319 in
1659 1289 1749 1335 quo
1786 1275 1946 1320 divina

161 1360 302 1418 posita
337 1364 406 1405 est
442 1359 740 1404 Eucharistia.
793 1359 858 1403 Sit
890 1359 976 1403 boc
1009 1372 1179 1403 cavum
1213 1358 1407 1403 interius
1449 1358 1631 1404 decenti
1669 1358 1815 1403 serico
1850 1357 1946 1403 vio-

159 1444 271 1489 lacei
295 1443 458 1489 coloris
476 1443 742 1498 obductum,
763 1442 949 1501 eiusque
973 1441 1141 1486 ostium
1160 1442 1280 1486 clavi
1303 1442 1422 1500 apud
1443 1442 1698 1486 Parochum
1721 1441 1943 1497 aliumve,

157 1529 235 1573 sed
268 1528 459 1573 omnino
487 1527 665 1571 fidelem
692 1527 860 1582 virum,
886 1527 1113 1571 servanda
1138 1526 1390 1571 muniatur.
1430 1528 1571 1584 Supra
1594 1525 1808 1571 ostiolum
1835 1538 1944 1569 vero

154 1612 332 1669 legatur
364 1610 631 1668 epigraphe:
673 1629 692 1650 a
718 1611 880 1654 Oleum
916 1608 1208 1654 intirmorum
1237 1627 1276 1653 n.
1318 1608 1435 1654 Hinc
1468 1622 1561 1653 non
1595 1608 1701 1654 licet
1733 1609 1790 1652 ob
1821 1622 1944 1653 com·

158 1695 427 1740 moditatem
452 1694 561 1738 illud
587 1693 632 1737 in
658 1694 793 1738 domo
827 1693 1076 1738 sacerdotis
1098 1706 1354 1748 asservare,
1379 1698 1574 1751 excepto
1607 1705 1712 1736 casu
1750 1705 1943 1749 magnae

160 1777 404 1822 distantiae
437 1776 493 1821 ab
524 1776 732 1831 ecclesia,
758 1790 848 1835 quo
881 1789 988 1821 casu
1012 1781 1224 1821 servetur
1248 1775 1372 1821 domi
1407 1775 1587 1820 rubrica
1619 1774 1769 1835 quoad
1803 1775 1943 1819 hone-

153 1866 273 1905 stam
307 1864 354 1905 et
385 1860 628 1905 decentem
667 1863 905 1918 tutamque
938 1859 1079 1917 ipsius
1112 1859 1367 1904 custodiam
1392 1859 1422 1903 ³.

274 1944 373 1987 792.
412 1945 523 1987 Cum
558 1947 714 1987 autem
764 1941 954 2000 singulis
995 1942 1129 1986 annis
1171 1956 1227 1986 ex
1265 1941 1493 1987 Ecclesiae
1534 1946 1775 2000 praecepto
1815 1953 1945 1985 sacra

157 2027 252 2071 sint
283 2026 379 2071 olea
414 2025 699 2082 renovanda,
725 2031 925 2070 caveant
957 2025 1236 2084 quicumque
1272 2039 1323 2070 ea
1358 2024 1626 2070 asservandi
1659 2025 1730 2069 ius
1753 2024 1942 2079 babent,

158 2122 216 2154 ne
253 2114 406 2154 vetere
440 2113 646 2153 utantur.
701 2109 910 2167 Acceptis
958 2109 1069 2154 oleis
1109 2122 1269 2154 recens
1312 2108 1591 2164 benedictis,
1626 2107 1845 2167 quidquid
1883 2120 1942 2152 ex

162 2191 393 2237 veteribus
425 2198 646 2250 superest,
682 2192 1024 2252 quamprimum
1059 2192 1426 2238 comburendum
1460 2197 1544 2249 est;
1582 2206 1748 2250 nempe
1781 2196 1862 2236 aut
1894 2192 1942 2238 in

157 2274 365 2332 lampade
397 2289 515 2333 quae
549 2279 657 2319 ante
679 2275 886 2320 divinam
925 2275 1257 2320 Eucharistiam
1292 2276 1487 2320 collucet
1508 2275 1565 2320 ad
1586 2276 1843 2321 ardendum
1868 2291 1942 2334 po-

159 2362 315 2414 natur,
350 2362 430 2402 aut
464 2362 595 2403 tanta
627 2363 800 2414 quanta
833 2373 946 2417 opus
978 2359 1065 2404 erit
1097 2358 1280 2418 gossipii
1315 2372 1463 2404 massa
1497 2372 1627 2404 sacro
1659 2359 1735 2404 illo
1768 2359 1942 2419 liquore

161 2439 395 2485 imbuatur
427 2440 562 2500 idque
583 2441 751 2486 iterum
785 2446 923 2501 atque
944 2442 1115 2487 iterum
1138 2443 1285 2487 donec
1311 2455 1420 2487 vasa
1455 2442 1592 2501 probe
1620 2447 1941 2500 extergantur,

159 2523 406 2582 gossipium
441 2538 552 2570 vero
585 2525 690 2583 igne
723 2525 993 2571 absumatur
1016 2531 1062 2570 et
1084 2525 1263 2571 cineres
1290 2525 1338 2569 in
1362 2525 1614 2570 sacrarium
1647 2525 1939 2571 deiiciantur.

275 2608 375 2652 795.
412 2612 700 2668 Quamquam
739 2622 846 2653 vero
881 2609 1141 2667 negandum
1175 2622 1269 2654 non
1303 2609 1377 2665 sit,
1413 2610 1513 2653 oleo
1546 2614 1815 2654 consecrato
1848 2623 1943 2655 non

161 2694 483 2734 consecratum
518 2704 647 2749 posse
680 2691 894 2747 misceri,
929 2691 973 2736 id
1009 2696 1166 2736 tamen
1215 2691 1479 2736 faciendum
1521 2705 1615 2736 non
1655 2695 1724 2736 est
1760 2692 1943 2751 quando

159 2786 342 2818 sacrum
375 2773 527 2818 oleum
562 2778 663 2832 post
694 2774 1095 2819 consecrationem
1127 2774 1432 2830 distribuitur,
1458 2775 1534 2819 sed
1568 2775 1752 2833 quando
1785 2789 1943 2821 neces·

280 2978 286 2995 ¹
313 2977 447 3014 Bened.
478 2977 574 3022 XIV,
602 2978 708 3014 Instr.
735 2978 793 3023 55,
820 2989 854 3015 n.
883 2980 914 3014 7.

277 3047 288 3065 '
315 3048 451 3084 Bened.
479 3049 577 3091 XIV,
605 3049 710 3086 Instr.
737 3049 793 3092 55,
821 3059 900 3095 cap.
927 3050 959 3092 8,
987 3060 1024 3086 n.
1051 3050 1086 3086 4.

279 3117 292 3136 ³
319 3118 356 3155 S.
386 3118 454 3154 Rit.
480 3118 614 3164 congr.
643 3119 686 3156 16
711 3120 897 3157 decembr.
926 3120 1028 3157 1826.
1055 3121 1207 3157 Collect.
1235 3131 1269 3157 n.
1300 3120 1401 3158 1145.
