2176 3386
236 182 314 222 170
878 190 988 219 PARS
1018 190 1042 217 1.
1077 190 1133 218 DE
1163 187 1374 219 pensoms

234 300 506 346 missionum
539 300 596 345 ad
628 299 895 345 collationes
929 299 1150 344 interesse
1181 302 1456 343 tenerentur
1486 298 1592 357 quia
1615 297 1683 342 uti
1717 298 1902 357 parochi
1936 299 2014 345 ha-

234 386 429 430 hentur:
465 398 625 429 eorum
650 383 818 428 Vicarii
842 397 920 441 per
942 396 989 427 se
1013 396 1106 427 non
1130 385 1367 436 tenentur,
1403 385 1451 425 at
1484 382 1524 425 S.
1557 382 1765 426 Pontifex
1800 386 1888 427 Leo
1918 386 2014 428 xm

233 467 475 514 constituit
519 470 569 510 ut
602 466 922 511 collationibus
970 466 1190 509 interesse
1240 464 1437 509 debeant
1479 478 1570 508 non
1618 465 1764 509 solun]
1807 468 2016 511 Rectores

233 550 504 596 missionum
539 549 616 594 sed
649 549 789 593 etiam
824 562 984 593 eorum
1028 549 1225 592 Vicarii:
1275 546 1368 591 imo
1409 560 1567 591 omnes
1599 548 1805 605 reliyiosc·
1842 550 2014 593 missio-

235 636 370 679 narz'z‘
401 632 634 678 consuetis
656 632 951 676 facultatibus
973 629 1188 675 instructi
1221 630 1298 689 qui
1331 629 1529 687 hospitia
1563 634 1608 674 et
1636 644 1817 688 parvas
1853 631 2016 676 domus

233 717 505 761 missionum
538 715 756 760 incolant.
795 715 951 767 Quoad
985 712 1311 771 obligationem
1345 713 1652 758 conveniendi
1686 714 1742 758 ad
1777 714 2013 772 Synodum

237 799 563 844 Dioeccsanam
597 798 799 842 declarat
834 801 890 851 R..
924 797 1135 841 Pontifex
1173 799 1363 840 Decreta
1405 795 1591 845 Concilii
1638 796 1890 841 'I'ridentini
1923 810 2013 841 ser-

234 883 385 927 vanda
409 895 521 926 esse.
561 884 594 926 A
622 881 822 925 Decretis
850 880 1172 938 Episcoporum
1196 881 1344 939 quoad
1368 894 1526 925 curam
1561 880 1841 936 animarum,
1866 880 2014 939 quoad

233 968 636 1011 Sacramentorum
670 963 1120 1009 administrationem
1147 963 1391 1021 Regulares
1413 964 1645 1022 appellant
1675 963 1730 1007 ad
1756 966 2013 1007 Romanum

232 1049 501 1094 Pontificem
538 1048 582 1092 in
616 1048 872 1091 devolucivo
906 1046 1230 1090 tantummodo
1273 1046 1421 1105 quoad
1463 1046 1646 1091 decreta
1679 1059 1795 1105 quae
1829 1045 1884 1090 de
1917 1045 2014 1089 iure

231 1130 467 1176 communi
501 1130 599 1174 sive
633 1129 863 1174 ordinario
886 1129 983 1173 sive
1007 1128 1214 1186 delegato
1251 1130 1493 1186 Regulares
1526 1128 1791 1187 respiciunt.
1830 1132 1943 1172 Item
1967 1127 2014 1172 in

231 1217 486 1260 (lcvolucz'vo
520 1215 751 1273 appellant
783 1214 839 1258 ab
874 1213 1256 1271 interpretatione
1293 1212 1495 1271 Episcopi
1532 1212 1651 1257 circa
1688 1215 1877 1256 Decreta
1903 1214 2015 1268 Syn·
2076 1270 2078 1273 y

231 1299 392 1345 odalia.
431 1299 586 1353 Quoad
621 1298 707 1342 alia
745 1300 935 1342 Decreta
970 1295 1211 1355 appellatio
1245 1296 1380 1340 datur
1411 1295 1457 1339 in
1491 1297 1770 1352 suspensivo.

354 1384 454 1427 225.
485 1387 531 1427 In
559 1382 765 1425 sccemda
794 1387 932 1437 parte
967 1380 1012 1424 in
1047 1379 1205 1438 primis
1237 1378 1474 1436 quaeritur
1495 1393 1554 1423 an
1583 1377 1826 1435 Episcopus
1854 1377 1897 1420 in
1927 1376 2014 1421 dis-

233 1466 545 1510 n‘iembrandis
564 1465 789 1523 parochiis
812 1465 975 1508 debeat
1003 1478 1187 1508 servare
1212 1463 1526 1508 solemnitates
1547 1461 1875 1506 abAlexandro
1894 1464 1947 1504 III
1972 1463 2017 1504 et

230 1563 253 1593 a
277 1549 478 1594 Concilio
501 1548 768 1593 Tridentino
795 1549 804 1570 ²
841 1548 1131 1593 constitutas.
1166 1550 1382 1590 Summus
1406 1545 1617 1590 Pontifex
1640 1545 1703 1589 ait
1726 1543 2009 1601 distinguen-

230 1632 338 1677 dum
373 1646 468 1677 esse
503 1632 624 1676 inter
646 1646 783 1676 veras
802 1631 1055 1689 parochias
1078 1635 1123 1675 et
1149 1632 1410 1674 messiones:
1448 1630 1495 1673 in
1533 1630 1577 1673 1⁰
1603 1642 1707 1672 casu
1743 1629 1888 1672 forma
1924 1626 2016 1671 Tri·

230 1715 407 1759 dentini
440 1716 664 1760 servanda
693 1720 788 1771 est3
827 1715 872 1759 in
898 1716 945 1759 20
971 1727 1078 1759 casu
1105 1717 1353 1759 serventur
1379 1712 1758 1773 praescriptiones
1787 1711 1975 1756 Concilii
2000 1717 2016 1757 Ι

231 1797 530 1842 provincialis
554 1796 1058 1842 Vestinionasteriensis
1082 1811 1248 1855 nempe
1271 1795 1391 1855 quod
1416 1795 1549 1840 liceat.
1575 1795 1792 1853 Episcopo
1825 1794 1879 1838 de
1901 1797 2016 1839 Con-

228 1880 327 1925 silio
361 1881 553 1938 Capituli
588 1880 707 1925 intra
744 1881 912 1925 limites
938 1880 1168 1925 missionis
1203 1894 1348 1924 novas
1385 1878 1607 1924 Ecclesias
1640 1878 1852 1932 condere,
1878 1877 1913 1921 si
1939 1890 2014 1921 ne-

229 1962 416 2007 cessitas
452 1964 520 2007 vel
557 1963 731 2008 utilitas
766 1964 915 2021 populi
950 1962 1093 2007 fidelis
1127 1962 1167 2006 id
1204 1963 1422 2021 requirat,
1457 1975 1550 2006 non
1585 1961 1795 2006 obstante
1823 1964 2014 2018 Deputa-

232 2043 354 2089 tione
392 2046 596 2090 Rectoris
631 2045 1055 2102 missionariOi·um;
1093 2050 1247 2090 tamen
1285 2044 1438 2089 subdit
1470 2047 1686 2089 Summus
1721 2043 1931 2088 Pontifex
1966 2045 2017 2085 ut

229 2127 478 2173 Consilium
503 2129 644 2173 etiam
673 2129 876 2174 Rectoris
908 2129 1195 2188 exquiratur,
1223 2128 1295 2172 vel
1328 2132 1362 2173 si
1389 2127 1544 2172 missio
1581 2126 1876 2184 Regularibus
1908 2139 2015 2171 con-

230 2213 401 2258 credita
436 2214 494 2257 sit
530 2215 791 2257 Praefectus
823 2213 1008 2258 Ordinis
1039 2213 1254 2257 audiatur
1287 2211 1415 2256 salvo
1449 2211 1547 2255 iure
1584 2209 1838 2269 appellandi
1873 2224 1898 2254 a
1936 2213 2015 2253 De-

228 2301 354 2341 creto
387 2297 442 2341 ad
478 2297 639 2341 Sedem
675 2296 981 2354 Apostolicam
1016 2294 1061 2339 in
1096 2294 1382 2340 devolutivo.
1424 2293 1692 2347 Quaesitum
1726 2296 1795 2337 est
1815 2291 2015 2336 secundo

228 2380 418 2440 quinam
454 2380 500 2424 in
536 2380 785 2438 parocbum
836 2393 985 2424 novae
1036 2377 1276 2437 parochiae
1312 2376 1622 2422 nominandus
1654 2375 1737 2431 sit,
1777 2389 1836 2420 an
1872 2379 2015 2432 Regu-

229 2463 335 2508 laris
371 2464 443 2508 vel
478 2462 758 2508 saecularis?
802 2465 1016 2507 Summus
1050 2461 1262 2507 Pontifex
1297 2460 1361 2504 ait
1395 2458 1769 2516 distinguendum
1804 2470 1927 2502 esse:
1978 2456 2014 2500 si

228 2560 344 2606 quae
373 2548 559 2591 noviter
582 2545 773 2602 erigitur
796 2559 905 2589 vera
939 2545 1154 2603 parochia
1187 2543 1262 2599 sit,
1291 2541 1523 2600 Regularis
1550 2555 1642 2586 non
1677 2545 1746 2585 est
1769 2553 2015 2585 numeran-
2067 2565 2070 2568 -

228 2629 311 2673 dus
344 2642 423 2673 seu
460 2628 697 2685 eligendus
730 2627 775 2671 in
812 2627 1093 2685 parocbum:
1126 2640 1261 2671 secus
1292 2630 1447 2670 autem
1475 2623 1615 2668 etiam
1642 2623 1875 2680 Regularis
1907 2621 2008 2666 mis-

228 2713 343 2758 sioni
382 2712 563 2771 praefici
599 2716 762 2769 potest.
809 2716 967 2757 Monet
1003 2716 1235 2756 Romanus
1270 2709 1482 2754 Pontifex
1515 2707 1635 2767 quod
1661 2707 1904 2765 Episcopus
1936 2707 2013 2751 ha-

226 2795 332 2840 heat
365 2799 639 2854 potestatem
673 2793 891 2839 visitandi
925 2793 1226 2848 Coeineteria,
1262 2794 1459 2850 excepto
1493 2788 1777 2849 Coemeterio
1817 2788 2013 2846 particu-

227 2878 310 2924 lari
348 2871 700 2936 Religiosorum:
736 2877 848 2922 item
881 2876 1099 2922 visitandi
1133 2875 1311 2921 scholas
1344 2887 1598 2933 pauperum
1631 2872 1679 2917 in
1722 2870 2015 2917 missionibus

350 3053 357 3071 ¹
388 3053 484 3090 sess.
511 3050 568 3097 25,
595 3060 674 3097 cap.
702 3050 746 3094 II,
773 3051 817 3087 de
846 3049 920 3086 Ref.
