2176 3386
230 182 310 221 294
871 192 981 222 PARS
1012 193 1036 221 1.
1071 193 1127 221 DE
1157 191 1368 222 Pi-:Rsoms

916 377 918 379 ’
986 386 1165 430 CAPUT
1198 388 1250 430 11.

838 514 899 549 DE
924 513 1132 551 VICARIIS
1159 512 1410 550 FORANEIS.

349 632 450 675 544.
489 631 551 675 Ad
583 630 851 689 episcopalis
884 630 1089 675 muneris
1111 644 1245 675 curas
1279 630 1325 674 in
1359 629 1483 689 pagis
1513 635 1559 675 et
1580 631 1755 689 oppidis
1786 647 1844 677 ex
1879 638 2005 691 parte

230 713 505 758 auctoritate
522 718 567 757 et
586 712 773 757 nomine
801 712 1122 771 Episcoporum
1146 713 1444 767 exercendas,
1465 728 1520 758 ex
1548 713 1721 774 reliquo
1746 729 1855 761 vero
1885 716 2009 761 adiu-

231 797 421 851 vandas,
457 796 766 854 chorepiscopi
800 795 908 840 olim
943 796 1361 850 constituebantur,
1398 809 1592 855 quorum
1619 796 1664 841 in
1691 797 1840 842 locum
1875 799 2007 844 suffe·

230 879 289 925 cti
326 894 448 923 nunc
482 884 592 923 sunt
628 879 792 923 Vicarii
826 879 901 938 qui
935 878 1154 923 dicuntur
1187 879 1378 923 Foranei
1401 879 1430 923 ¹.
1469 884 1594 932 Quae
1617 880 1671 924 de
1697 881 1783 925 illis
1805 881 2009 927 animad-

232 964 453 1007 vertenda
491 967 598 1006 sunt
634 963 788 1006 referri
826 966 1038 1019 possunt:
1080 963 1117 1019 l)
1142 962 1197 1006 ad
1230 977 1390 1006 eorum
1424 963 1831 1020 constitutionem3
1882 966 1923 1017 2)
1956 965 2010 1010 ad

231 1060 389 1091 eorum
426 1044 862 1103 praeeminentiam,
900 1046 940 1101 5)
968 1047 1022 1089 ad
1059 1050 1359 1103 potestatem;
1395 1047 1437 1102 4)
1465 1047 1519 1090 ad
1554 1061 1713 1091 eorum
1750 1047 1883 1091 officii
1918 1061 2010 1093 ces-

230 1128 473 1173 sationem.

355 1212 455 1256 545.
498 1216 704 1255 lamxero
742 1211 942 1270 Episcopi
977 1217 1046 1256 est
1078 1211 1298 1256 eiusmodi
1323 1212 1527 1257 Vicarios
1559 1213 1856 1268 constituere,
1882 1219 1933 1258 ut
1965 1214 2010 1258 in

232 1295 453 1352 regimine
489 1294 697 1352 pastorali
725 1293 925 1339 {idolium
951 1295 1301 1339 necessitatibus
1325 1301 1372 1339 ut
1399 1310 1479 1353 par
1502 1300 1571 1340 est
1595 1296 1902 1354 provideatur.
1933 1299 2011 1341 Te-

231 1383 368 1422 netur
399 1382 553 1421 autem
592 1378 713 1422 viros
746 1378 908 1434 probos
940 1378 995 1422 ad
1030 1378 1288 1422 huiusmodi
1324 1378 1523 1422 ollicium
1561 1379 1781 1436 deputare
1813 1379 1889 1437 qui
1919 1393 2009 1422 ma-

228 1466 359 1506 turae
392 1462 555 1505 aetatis
588 1461 680 1505 sint
704 1461 903 1520 iurisque
925 1467 1150 1521 quantum
1177 1461 1268 1506 lieri
1293 1467 1442 1520 potest
1465 1462 1613 1520 periti.
1650 1463 1873 1508 Constitui
1903 1477 2010 1508 vero

230 1545 397 1589 debent
431 1544 476 1589 in
513 1545 620 1589 locis
653 1546 815 1590 saltem
854 1545 1177 1590 celebrioribus
1219 1551 1349 1590 extra
1395 1545 1634 1591 civitatem
1683 1547 2007 1605 Episcopalem.

349 1631 449 1674 546.
500 1629 663 1674 Vicarii
710 1629 897 1674 Foranei
948 1630 1341 1688 praecedentiam,
1380 1645 1471 1674 non
1521 1631 1733 1675 obstante
1781 1630 2010 1675 contraria

234 1712 591 1767 consuetudine,
628 1712 672 1756 in
708 1712 760 1757 iis
794 1716 975 1757 tantum
1009 1712 1187 1757 actibus
1220 1713 1418 1769 liabent,
1454 1713 1618 1772 quibus
1662 1713 1838 1757 ratione
1877 1712 2010 1757 officii

231 1796 462 1840 intersunt
496 1802 544 1839 ut
577 1796 769 1854 delegati
807 1796 1027 1855 Episcopi.

349 1881 449 1924 547.
487 1884 598 1925 Cum
633 1880 729 1923 eius
764 1884 963 1938 potestas
995 1895 1050 1924 ex
1083 1881 1179 1924 iure
1220 1895 1310 1925 non
1346 1882 1420 1936 sit,
1457 1882 1532 1925 sed
1568 1895 1625 1925 ex
1661 1881 1877 1925 mandato
1914 1879 2010 1938 Epi-

230 1965 369 2021 scopi,
395 1978 447 2007 ea
480 1963 683 2020 delegata
717 1968 801 2007 est.
840 1963 955 2008 Hinc
987 1963 1193 2023 sequitur
1229 1964 1458 2008 Vicarium
1488 1969 1740 2008 Foraneum
1766 1977 1857 2008 non
1883 1977 2010 2021 posse

230 2045 370 2090 alium
394 2046 704 2103 subdelegare,
734 2046 817 2090 nisi
842 2046 1063 2091 eiusmodi
1099 2047 1292 2091 facultas
1313 2047 1370 2091 ab
1398 2046 1612 2104 Episcopo
1636 2047 1677 2091 ei
1703 2048 1819 2090 facta
1856 2044 2008 2101 l'uerit,

233 2130 304 2174 vel
334 2130 417 2174 nisi
455 2135 646 2187 urgente
680 2130 954 2174 necessitate
988 2130 1042 2174 de
1077 2145 1202 2174 mero
1237 2134 1399 2211 ag'atur
1431 2130 1624 2175 alicuius
1659 2130 1721 2175 rei
1757 2130 2011 2175 ministerio

230 2217 310 2256 aut
344 2214 631 2257 executione.
687 2215 718 2257 Α
755 2211 919 2256 Vicarii
956 2226 1064 2256 vero
1112 2213 1301 2257 Foranei
1353 2214 1583 2258 sententia
1634 2213 1690 2259 ad
1742 2213 2010 2272 Episcopum

232 2294 388 2340 eiusve
413 2295 643 2340 Vicarium
679 2295 949 2340 Generalem
983 2296 1305 2352 appellandum
1330 2310 1442 2341 esso.
1483 2298 1683 2356 Denique
1708 2297 1915 2356 sequitur
1937 2296 2011 2341 Vi·

230 2378 405 2422 carium
441 2383 695 2423 Foraneum
731 2393 823 2423 non
859 2392 987 2436 posse
1020 2380 1167 2424 valide
1202 2379 1510 2424 matrimoniis
1542 2379 1771 2423 assistere.

352 2462 456 2506 Eius
489 2461 726 2527 potestatis
760 2461 951 2507 materia
987 2462 1030 2506 in
1066 2465 1120 2507 iis
1154 2463 1422 2521 regulariter
1454 2462 1665 2508 consistit
1697 2477 1813 2522 quae
1858 2463 1912 2507 ad
1948 2463 2010 2506 l'o-

230 2561 332 2592 rum
367 2553 613 2591 externum
650 2547 898 2604 pertinent,
935 2547 1054 2591 unde
1078 2547 1376 2606 consequitur
1397 2549 1453 2591 ad
1482 2546 1712 2591 Viearium
1738 2550 2008 2599 Foraneum,

230 2645 323 2675 non
357 2622 513 2675 autem
547 2631 602 2675 ad
627 2631 899 2686 Pan-ochum,
927 2629 1155 2688 pertinere
1183 2630 1364 2675 veniam
1391 2630 1645 2676 concedere
1669 2628 1885 2688 operandi
1919 2628 2010 2673 die-

230 2714 313 2758 bus
346 2715 472 2759 festis
504 2714 681 2773 aliaque
714 2713 897 2759 similia.

347 2798 450 2843 548.
485 2797 641 2851 Quoad
676 2797 915 2855 potestatis
947 2797 1287 2852 extensionem,
1323 2798 1435 2841 haec
1468 2802 1577 2841 sunt
1609 2796 1829 2841 notanda.
1866 2799 2010 2842 Gene-

231 2881 366 2927 ratim
391 2882 448 2926 ab
484 2881 686 2940 Episcopi
724 2882 940 2926 mandato
962 2895 1015 2926 ea
1035 2881 1398 2937 'determinatum
1435 2879 1622 2939 expedit
1644 2883 1799 2924 autem
1830 2892 1887 2923 ne
1914 2878 2009 2937 Epi·

349 3056 359 3075 ¹
387 3055 582 3092 Nonnullis
612 3056 648 3091 in
674 3055 765 3092 locis
790 3055 1021 3102 appellantur
1047 3055 1199 3092 Decani.
