2176 3386
507 187 637 216 LIBER
666 187 693 215 1.
731 186 788 215 DE
818 185 956 215 REBUS
984 185 1218 215 ECCLESIAE
1246 185 1573 215 SPffllTUALlBUS
1849 174 1930 215 245

149 293 390 340 emittatur
420 293 584 353 quibus
616 297 747 338 actus
779 291 980 351 dignitas
1012 296 1316 349 cognoscatur
1347 293 1460 337 adeo
1492 298 1543 336 ut
1574 292 1835 351 impuberes
1872 295 1930 339 ob

149 375 326 421 consilii
364 375 684 421 infirmitatem
708 375 765 420 ad
789 375 1103 420 iuramentum
1138 374 1365 419 edendum
1389 388 1484 419 non
1506 374 1828 420 admittantur.

271 461 398 505 1149.
439 464 501 505 Ex
536 460 606 505 his
638 459 844 519 sequitur
885 460 922 513 1)
958 459 1272 504 iuramentum
1307 459 1484 502 nullum
1519 471 1617 504 esse
1649 461 1828 518 quoties
1850 460 1929 505 ali-

150 542 258 602 quid
292 542 462 587 malnm
498 542 822 600 promittatur.
841 541 1021 586 etiamsi
1044 540 1367 586 tantummodo
1400 540 1456 585 ad
1478 541 1650 585 bonum
1679 541 1930 599 impedien-

150 626 258 670 dum
292 624 512 682 dirigatur
535 624 565 667 ¹.
619 625 662 681 2)
696 626 1015 668 iuramentum
1041 636 1134 668 non
1161 623 1284 667 valet
1315 623 1435 682 quod
1467 623 1515 667 in
1548 623 1671 668 tertii
1706 623 1929 682 praeiudi-

150 708 271 753 cium
305 707 513 766 dirigitur
536 707 577 764 2;
631 708 673 764 5)
707 707 1021 751 iuramentum
1065 706 1242 750 nullum
1275 711 1345 751 est
1377 707 1497 765 quod
1539 706 1659 751 circa
1699 706 1930 751 obiectum

150 791 425 850 impossibile
459 795 684 836 versatur.
738 791 780 846 4)
819 793 930 836 Cum
973 789 1287 834 iuramentum
1327 789 1385 834 sit
1421 789 1590 849 aliquid
1624 789 1930 834 accessorium

150 878 281 918 actus
314 875 386 919 vel
420 874 515 931 lege
564 873 791 928 naturali,
829 874 902 917 vel
937 874 1139 918 humano
1173 873 1270 917 iure
1294 873 1495 933 nullus,
1543 873 1804 917 iuramento
1837 886 1931 917 non

151 956 384 1012 firmatur,
420 971 524 1002 cum
557 957 875 1001 iuramentum
908 961 1039 1001 actus
1073 961 1288 1002 naturam
1322 961 1541 1016 sequatur
1567 956 1599 1011 ³,
1635 969 1766 1002 secus
1798 956 1835 1000 si
1877 957 1931 1001 de

149 1045 254 1086 actu
292 1044 453 1098 agatur
483 1039 559 1099 qui
593 1040 879 1084 solummodo
911 1040 1212 1086 rescindibilis
1244 1040 1501 1085 censendus
1533 1039 1590 1085 sit
1614 1040 1646 1084 ¹⁸.

275 1123 399 1168 1150.
438 1127 753 1168 Iuramentum
808 1124 845 1180 1)
879 1123 1000 1167 aliud
1034 1128 1102 1168 est
1134 1127 1456 1178 assertorimn,
1491 1137 1580 1182 quo
1612 1122 1782 1182 aliquid
1814 1123 1931 1167 affir-

153 1221 331 1252 mamus
365 1207 436 1252 vel
471 1220 692 1264 negamus
728 1207 812 1251 sub
848 1208 924 1252 Dei
958 1207 1270 1262 invocatione,
1306 1207 1429 1252 aliud
1452 1210 1810 1265 promissorium
1843 1221 1932 1266 quo

150 1291 207 1334 ad
239 1289 411 1349 aliquid
444 1290 771 1347 praestandum
809 1289 879 1335 vel
915 1290 1156 1335 vitandum
1192 1290 1471 1348 obligamur3
1523 1291 1565 1347 2)
1598 1290 1720 1335 aliud
1763 1295 1831 1335 est
1866 1305 1931 1335 so-

152 1374 317 1429 lemne,
353 1373 472 1418 aliud
506 1374 703 1430 simplex
740 1378 874 1431 prout
908 1373 957 1417 lit
979 1373 1193 1419 adhibitis
1225 1374 1593 1420 solemnitatibus
1625 1389 1679 1420 ac
1703 1389 1933 1419 caeremo-

155 1456 241 1500 niis
275 1457 347 1501 vel
381 1457 434 1501 iis
457 1457 673 1502 exclusis.

276 1540 400 1584 1151.
439 1543 754 1585 [uramentum
787 1540 906 1598 quod
939 1555 997 1584 ex
1030 1541 1076 1585 vi
1110 1544 1156 1584 et
1188 1540 1288 1585 dolo
1325 1541 1566 1586 emittatur
1596 1541 1775 1584 nullum
1809 1544 1878 1584 est
1900 1540 1931 1596 ⁵,

151 1623 228 1666 sed
260 1623 379 1681 quod
412 1622 495 1666 sub
529 1627 654 1667 metu
681 1622 820 1667 etiam
857 1623 985 1680 gravi
1020 1622 1248 1668 emittitur
1272 1623 1474 1668 validum
1498 1623 1616 1669 estfi.
1657 1626 1827 1668 Verum
1857 1628 1934 1668 Ec-

152 1707 287 1752 clesia
322 1707 380 1751 ab
412 1708 497 1752 hoc
530 1707 794 1752 iuramento
817 1708 1054 1753 absolvere
1078 1707 1209 1763 solet,
1242 1708 1306 1751 uti
1331 1722 1376 1752 v.
1404 1722 1468 1764 gr.
1496 1708 1542 1752 in
1578 1707 1833 1752 ministerio
1866 1722 1934 1752 re-

152 1790 358 1850 linquere
392 1790 520 1835 illum
543 1790 619 1850 qui
646 1791 729 1835 sub
763 1790 849 1835 fide
883 1791 1131 1836 iuramenti
1154 1805 1211 1835 ex
1237 1797 1361 1836 metu
1386 1791 1555 1836 extorti
1586 1792 1934 1836 renunciaverit

153 1874 302 1919 officio
336 1887 416 1918 suo
442 1874 471 1918 ⁷.

277 1958 401 2002 1152.
442 1958 505 2002 Ad
538 1957 852 2002 iuramentum
890 1957 1097 2003 iudiciale
1135 1958 1253 2018 quod
1294 1958 1463 2003 attinet
1495 1957 1734 2002 remissive
1767 1958 1823 2002 ad
1849 1962 1935 2002 tra-

157 2045 333 2085 ctatum
369 2041 423 2085 de
456 2040 649 2085 iudiciis.

279 2125 404 2169 1155.
442 2128 758 2169 iuramentum
794 2125 891 2170 sive
924 2124 1218 2170 assertorium
1254 2125 1350 2170 sive
1383 2124 1725 2184 promissorium
1750 2124 1937 2168 strictae

154 2211 223 2252 est
255 2207 648 2265 interpretationis
671 2208 701 2251 ⁸.
744 2211 910 2252 Verum
946 2207 1023 2268 qui
1056 2209 1213 2253 iurans
1245 2223 1303 2253 ex
1337 2208 1438 2253 dolo
1475 2209 1625 2253 verbis
1650 2207 1797 2252 dubiis
1833 2220 1938 2251 usus

277 2369 284 2387 ¹
314 2369 383 2405 Cfr.
411 2369 551 2415 cap.12
579 2369 623 2406 de
652 2369 728 2405 foro
755 2370 995 2415 competenti.
1021 2369 1082 2406 lib.
1110 2369 1143 2413 2,
1172 2372 1222 2406 lit.
1250 2369 1271 2404 2
1300 2370 1335 2405 in
1363 2370 1628 2406 Decrelalibus.

276 2441 287 2459 ²
315 2441 401 2486 Cap.
429 2441 450 2477 ⁶2
476 2445 511 2477 et
538 2450 618 2487 cap.
647 2440 691 2477 27
720 2441 754 2477 h.
775 2445 798 2477 t.
829 2441 866 2476 in
891 2441 1157 2478 Deci-etalibus.

274 2514 288 2534 ²
314 2513 442 2559 Regul.
468 2513 513 2549 42
542 2514 578 2550 in
605 2513 656 2550 60.
683 2514 752 2551 Cir.
780 2514 959 2560 Regulam
986 2514 1031 2550 64
1059 2515 1095 2550 in
1123 2514 1175 2552 6⁰.

276 2585 289 2604 ⁵
315 2584 386 2622 Cir.
413 2594 494 2631 cap.
520 2585 541 2621 2
570 2586 602 2621 11.
631 2591 653 2622 t.
683 2586 719 2621 in
746 2586 798 2631 60,
825 2589 859 2621 et
886 2595 964 2631 cap.
993 2585 1014 2621 Ξ.)
1040 2586 1083 2621 de
1110 2586 1231 2622 Pactis
1258 2585 1320 2621 lib.
1351 2586 1378 2629 1,
1407 2586 1459 2621 tit.
1488 2585 1531 2621 18
1558 2586 1595 2621 in
1621 2585 1675 2621 6⁰.

277 2655 289 2673 ³⁵
316 2655 404 2701 Cap.
430 2655 476 2691 28
502 2659 536 2692 et
563 2665 642 2701 sqq.
671 2656 705 2692 h.
735 2660 758 2691 1.
787 2655 823 2691 in
849 2656 1114 2693 Decretalibus.

273 2725 286 2744 ⁶
311 2725 397 2771 Cap.
425 2726 458 2768 8,
486 2735 565 2772 cap.
594 2725 637 2762 15
665 2727 698 2763 b.
732 2731 773 2771 t.‚
801 2731 834 2762 et
862 2736 941 2773 cap.
967 2727 989 2763 4
1016 2727 1059 2763 de
1089 2727 1131 2763 iis
1151 2737 1245 2772 quae
1273 2728 1305 2762 vi
1335 2731 1526 2773 metusque
1555 2736 1667 2763 causa
1694 2726 1785 2763 fiunt
1812 2727 1874 2763 lib.
1906 2727 1940 2770 1,

163 2798 215 2833 tit.
242 2797 263 2833 4
291 2798 329 2833 in
355 2797 619 2835 Decretalibus.

278 2868 289 2885 ⁷
318 2867 405 2914 Cap.
431 2868 453 2903 6
478 2868 511 2903 h.
539 2873 562 2904 t.
593 2869 628 2904 in
655 2868 919 2905 Decretalibus.

273 2939 286 2958 ⁸
312 2938 398 2984 Cap.
426 2939 469 2975 19
496 2939 540 2976 de
566 2939 610 2976 V.
638 2939 685 2982 S„
713 2939 777 2976 lib.
803 2939 847 2983 V,
876 2940 925 2976 tit.
953 2940 1009 2981 40,
1037 2944 1072 2976 et
1099 2949 1174 2985 reg.
1204 2939 1246 2974 15
1275 2939 1367 2975 Iuris
1396 2938 1438 2981 V,
1468 2938 1509 2974 12
1539 2939 1575 2974 in
1606 2938 1659 2974 6⁰.
1686 2938 1755 2974 Cfr.
1789 2947 1867 2983 cap.
1898 2937 1942 2974 16

159 3015 195 3048 et
221 3020 301 3056 cap.
326 3009 372 3046 25
398 3011 433 3046 h.
461 3016 483 3047 t.
512 3011 549 3046 in
574 3011 839 3048 Decretalibus.
