2176 3386
187 180 236 219 12
826 189 936 218 PARS
966 190 990 218 1.
1022 190 1079 218 DE
1108 189 1318 219 Pssnsoxls

299 299 371 344 25.
408 303 558 353 Quare
591 298 638 343 in
686 300 875 344 Oriente
925 304 1026 357 post
1063 299 1312 344 concilium
1363 300 1618 346 Nicaenum
1660 300 1696 348 Π
1733 301 1796 359 (νί
1828 316 1964 348 cano-

107 426 114 438 ,
183 382 255 427 nis
287 383 380 438 22),
415 381 463 426 in
496 381 745 427 Occidente
779 386 880 440 post
911 383 1144 427 saeculum
1194 383 1246 427 12
1279 381 1383 428 laici
1427 383 1618 428 omnino
1650 385 1708 428 ab
1741 385 1966 430 electione

186 466 508 525 Episcoporum
542 465 742 521 exclusi3
783 479 873 509 non
923 470 1079 510 autem
1113 479 1248 523 opera
1299 467 1555 511 innocentii
1590 470 1626 511 Il
1677 466 1723 511 in
1763 467 1965 513 Concilio

185 547 479 594 Lateranensi
514 547 579 592 uti
613 547 822 592 nonnulli
855 547 1164 605 suspicantur,
1200 549 1278 593 sed
1314 547 1462 606 potius
1494 548 1725 593 contraria
1773 563 1962 594 consue-

183 630 358 674 tudine.

304 717 398 757 lmo
431 727 538 757 cum
572 712 694 758 hisce
729 713 1011 770 temporibus
1042 713 1195 757 clerici
1230 712 1275 757 in
1310 713 1422 758 duas
1454 714 1619 759 classes
1641 714 1846 759 distincti
1872 716 1965 760 fue·

186 796 295 851 rint,
333 809 499 854 nempe
522 795 568 839 in
594 795 842 840 canonicos
874 795 950 854 qui
984 795 1118 840 titulo
1155 794 1364 840 Beneficii
1398 795 1731 841 ordinabantur
1772 810 1826 841 ac
1858 797 1966 842 sirn-

186 879 324 937 plices
358 878 651 936 presbyteros
687 877 762 937 qui
798 878 1137 923 ordinationem
1171 878 1290 922 tituli
1326 878 1590 936 patrimonii
1628 880 1745 924 sacri
1780 880 1966 940 recipie-

185 964 312 1018 bant,
350 963 395 1007 in
431 962 591 1021 primis
624 961 839 1007 Canonici
876 975 1054 1017 omnes,
1090 966 1137 1005 et
1170 966 1325 1020 postea
1365 963 1581 1007 Canonici
1627 964 1774 1008 solum
1819 965 1966 1009 Eccle-

189 1046 280 1091 siae
314 1045 590 1090 cathedralis
623 1044 704 1088 sibi
752 1044 820 1089 ius
853 1044 1092 1089 electionis
1125 1050 1423 1090 reservarunt
1447 1046 1460 1069 ²
1493 1045 1613 1104 quod
1658 1046 1835 1104 legibus
1867 1046 1969 1092 latis
1997 1098 1999 1100 ¹

192 1129 428 1173 firmatum
463 1134 547 1173 est.

308 1220 371 1260 En
406 1215 522 1260 ratio
556 1229 637 1259 cur
670 1215 715 1259 in
750 1213 1055 1259 decretalibus
1088 1213 1291 1272 Gregorii
1328 1218 1379 1258 lx
1421 1227 1474 1258 ac
1517 1214 1561 1257 in
1608 1216 1744 1258 Sexto
1793 1213 1968 1258 Bonifa-

184 1299 318 1343 ciano
351 1311 486 1356 saepe
523 1298 578 1342 (le
623 1297 946 1356 Episcoporum
995 1298 1219 1342 electione
1253 1297 1429 1351 agitur,
1470 1310 1586 1355 quae
1628 1296 1683 1340 ad
1717 1295 1964 1340 canonicos

189 1381 400 1438 pertinet.

304 1466 374 1509 26.
414 1467 583 1508 Verum
619 1468 669 1507 ut
701 1464 844 1508 satius
876 1464 930 1508 ad
968 1463 1291 1522 Episcoporum
1325 1463 1598 1510 electionem
1625 1462 1962 1522 procederetur,

188 1561 306 1591 neve
339 1547 494 1591 litibus
526 1551 570 1591 et
604 1547 980 1592 contentionibus
1011 1546 1258 1591 electiones
1293 1546 1636 1590 retardarentur
1667 1551 1746 1590 aul.
1780 1547 1967 1589 frustra-

187 1636 364 1687 rentur,
404 1633 595 1677 Romani
635 1632 874 1677 Pontifices
908 1633 1005 1676 iure
1040 1631 1203 1676 merito
1237 1631 1319 1675 sibi
1359 1631 1681 1690 Episcoporuin
1721 1629 1969 1675 electiones

186 1727 423 1759 reservare
455 1719 720 1772 coeperunt.
873 1767 875 1770 ¹
1974 1694 1977 1697 ,

310 1800 362 1839 Et
397 1797 441 1840 in
476 1796 632 1853 primis
665 1797 874 1842 Clemens
908 1799 943 1839 V
977 1796 1059 1841 sibi
1096 1796 1418 1854 Episcoporum
1454 1795 1727 1839 electionem
1764 1807 1965 1838 reserva·

188 1880 272 1936 vit,
298 1880 332 1924 si
363 1879 658 1938 Episcopatus
692 1880 737 1924 in
777 1884 980 1925 Romana
1013 1879 1146 1925 Curia
1183 1883 1368 1924 vacaret
1402 1879 1433 1923 ².
1471 1878 1598 1932 Quod
1633 1877 1967 1922 confirmarunt

187 1968 233 2008 et
266 1963 539 2008 Benedictus
572 1968 649 2008 ΧΠ
674 1964 687 1986 ³
723 1968 768 2008 et
805 1969 997 2009 loannes
1030 1965 1084 2007 22
1109 1963 1140 2006 4.

306 2050 494 2103 lnsuper
528 2047 620 2104 ipse
653 2048 863 2092 Clemens
890 2050 923 2090 V
946 2047 1029 2091 sibi
1054 2045 1312 2090 reservavit
1335 2044 1607 2089 electionem
1645 2042 1969 2100 Episcoporum

187 2130 371 2188 quando
410 2129 606 2174 Ecclesia
640 2129 914 2175 cathedralis
951 2129 1072 2173 clero
1111 2133 1157 2172 et
1191 2130 1352 2186 populo
1377 2126 1628 2173 christiano
1650 2130 1828 2170 careret
1854 2125 1883 2167 ⁵.

308 2214 581 2258 Benedictus
615 2218 670 2258 Xl
704 2213 786 2257 sibi
823 2212 1082 2258 reservavit
1114 2225 1390 2257 consensum
1422 2210 1571 2270 quoad
1595 2210 1622 2253 4
1644 2207 1859 2254 ecclesias
1895 2221 1967 2264 pa-

188 2296 459 2341 triarchales
493 2295 524 2339 ὅ.

310 2380 511 2424 Tandem
546 2381 636 2424 lata
670 2385 738 2423 est
771 2380 923 2437 regula
958 2380 983 2423 Ξ
1016 2378 1322 2424 Cancellariae
1358 2378 1658 2435 Apostolicae‚
1684 2389 1771 2434 qua
1806 2386 1967 2418 omues

190 2460 478 2520 Episcopales
515 2461 738 2506 Ecclesiae
773 2461 873 2506 Scdi
909 2461 1192 2519 Apostolicae
1227 2464 1538 2505 reservantur.

271 2579 273 2582 .
314 2547 479 2588 Verum
516 2545 770 2589 notandum
804 2550 874 2589 est
911 2547 949 2602 l)
974 2544 1093 2604 quod
1127 2544 1195 2588 ius
1229 2543 1465 2589 electionis
1497 2541 1580 2587 sibi
1614 2543 1972 2586 reservaverunt

310 2699 318 2717 ¹
348 2699 433 2744 Cap.
461 2699 482 2734 5
509 2699 553 2735 ilc
581 2708 679 2735 caus.
709 2708 867 2743 possess.
895 2703 929 2734 et
960 2708 1062 2744 prop.

310 2770 322 2788 ²
348 2771 494 2806 Exn-av.
522 2770 542 2805 5
568 2770 613 2806 de
641 2770 765 2815 praeb.
795 2770 887 2806 inter
915 2779 1141 2806 communes.

312 2841 324 2860 ³
350 2842 497 2878 Exn-av.
528 2842 543 2877 1
572 2841 714 2879 eodem.

311 2913 325 2932 ³
351 2914 499 2950 Exlrav.
523 2913 545 2949 4
572 2914 667 2950 inter
691 2922 918 2950 communes.

314 2986 327 3005 ⁵
352 2985 528 3022 Clement.
554 2985 577 3022 5
602 2985 646 3022 de
672 2985 775 3021 elec-1.

313 3056 327 3076 ⁶
353 3057 498 3094 ExtiaV.
525 3056 546 3092 5
572 3057 618 3093 de
642 3056 746 3093 elect.
774 3056 868 3092 inter
893 3065 1122 3093 communes.
