2176 3386
249 143 330 183 274
922 156 1032 186 PARS
1061 157 1103 186 11.
1135 157 1192 186 DE
1222 135 1386 187 REBus'

251 264 408 309 stolica
445 277 626 309 sacrum
661 263 756 318 siat,
792 264 880 309 erit
910 264 1197 323 inspicienda
1227 279 1282 310 ac
1315 265 1563 324 probanda,
1589 269 1635 311 et
1665 266 1752 312 hoc
1775 267 1923 325 ipsum
1947 281 2026 313 ne·

249 346 499 392 cessarium
532 350 602 391 est
632 349 811 406 quoties
843 347 918 406 qni
955 347 1190 406 privilegio
1224 347 1394 393 fruitur
1424 348 1559 394 aliam
1594 350 1783 395 domum
1826 350 2025 397 incolere·
2087 343 2119 357 ‘'

250 430 463 475 instituat
496 430 569 474 vel
602 430 656 474 de
690 443 782 474 una
815 430 995 484 domus,
1029 444 1166 490 quam
1202 430 1378 487 incolit,
1414 432 1528 477 cella
1563 431 1675 477 velit
1708 431 1755 477 in
1793 432 1930 478 aliam
1965 434 2026 478 al·

249 517 347 558 tare
382 514 645 558 transferre.

374 597 498 641 1227.
537 597 808 656 Plerumque
842 597 1109 642 immolandi
1142 598 1337 642 facultas
1368 597 1429 642 ibi
1463 612 1554 642 non
1583 602 1667 654 est,
1695 599 1780 644 nisi
1814 600 1954 645 semel
1976 600 2024 646 in

248 679 337 737 die,
375 679 485 724 item
520 693 666 738 neque
698 679 771 724 die
803 694 1109 739 quacumque.
1147 684 1261 725 Nam
1297 680 1538 726 dominicis
1573 682 1804 727 paschatis
1835 686 1881 727 et
1914 686 2026 728 Pen-

249 765 461 816 tecostes,
497 761 655 806 diebus
690 761 974 818 Nativitatis,
1015 762 1291 821 Epiphaniae
1323 766 1370 807 et
1403 763 1693 808 Ascensionis
1727 767 1777 808 D.
1809 768 1863 809 N.
1894 768 1929 809 Ι.
1954 767 2022 820 C.,

247 845 319 889 die
354 846 468 890 festo
503 848 574 890 SS.
610 845 818 904 Corporis
851 847 1032 902 Christi,
1068 847 1226 892 diebus
1262 847 1640 893 Annuntiationis
1671 852 1719 892 et
1745 847 2023 907 Assumptio-

249 927 319 972 nis
355 932 396 971 Β.
438 933 495 972 Μ.
534 930 601 985 V.,
636 928 795 973 diebus
830 928 954 972 festis
987 929 1194 974 omnium
1242 932 1540 985 Sanctorum,
1578 930 1844 975 Nativitatis
1887 931 1924 975 S.
1963 934 2025 975 [o-

249 1011 415 1056 hannis
448 1012 691 1070 Baptistae,
729 1014 800 1057 SS.
842 1013 958 1057 Petri
994 1018 1040 1057 et
1076 1013 1196 1059 Pauli
1231 1018 1277 1058 et
1311 1017 1495 1059 Patroni
1529 1014 1633 1072 loci,
1659 1027 1840 1059 sacrum
1874 1014 1920 1058 in
1956 1013 2025 1058 his

247 1095 424 1139 sacellis
449 1095 645 1140 faciendi
669 1095 795 1153 copia
820 1096 915 1140 dari
941 1110 1033 1141 non
1059 1098 1315 1142 consuevit.
1354 1099 1569 1143 Sacerdos
1601 1113 1706 1157 ergo
1734 1099 1780 1143 in
1805 1099 2025 1144 Oratoriis

250 1177 439 1234 privatis
472 1177 727 1222 sacrificare
760 1183 962 1236 rogatus,
998 1179 1104 1238 quid
1138 1179 1231 1237 ipse
1266 1180 1404 1238 possit
1436 1179 1604 1239 quidve
1640 1195 1748 1237 non,
1785 1180 2026 1238 diligenter

248 1261 494 1319 expendat.
534 1261 573 1304 si
609 1261 682 1304 cui
718 1275 828 1306 xero
861 1275 1129 1307 concessum
1165 1262 1222 1306 sit
1256 1263 1440 1307 missam
1469 1264 1610 1308 etiam
1634 1264 1790 1309 diebus
1821 1264 2025 1322 exceptis

248 1344 413 1388 ibidem
448 1343 623 1399 audire,
660 1349 772 1388 tunc
806 1344 1036 1389 Sacerdoti
1070 1345 1116 1389 in
1150 1345 1221 1390 die
1257 1345 1406 1390 Natali
1444 1346 1622 1391 Domini
1656 1351 1748 1391 tres
1782 1347 1942 1392 missas
1964 1346 2023 1390 ihi

248 1428 477 1473 celebrare
511 1427 740 1486 integrum
775 1428 861 1472 erit
885 1430 916 1453 ¹·

371 1511 495 1554 1:228.
539 1513 699 1554 Porro:
754 1512 791 1565 1)
829 1512 1038 1556 Oratoria
1075 1513 1252 1569 privata
1288 1527 1379 1557 non
1415 1513 1586 1558 habent
1618 1513 1687 1558 ius
1719 1515 1849 1572 asyli.
1892 1517 1933 1572 c2)
1960 1516 2024 1560 Ab

251 1595 466 1653 Episcopo
504 1594 677 1639 visitari
715 1609 805 1640 non
839 1601 1045 1654 possunt,
1071 1598 1457 1656 quemadmodum
1494 1597 1688 1656 publica,
1714 1603 1764 1643 ut
1790 1599 1941 1644 videat
1963 1614 2022 1644 an

247 1679 438 1723 honeste
472 1681 737 1735 teneantur,
774 1683 820 1723 et
852 1693 955 1723 cum
991 1679 1217 1725 decentia.
1256 1681 1427 1725 Poterit
1457 1686 1612 1726 autem
1650 1682 1893 1741 Episcopus
1917 1683 2023 1728 visi-

250 1765 346 1806 tare
371 1761 551 1819 privata
577 1762 622 1805 in
648 1775 772 1819 casu,
809 1776 897 1821 quo
922 1763 1214 1820 praecederet
1236 1763 1486 1821 accusatio,
1510 1769 1591 1809 aut
1613 1765 1918 1821 denuntiatio,
1950 1757 2023 1811 vel

248 1844 424 1902 publica
460 1845 579 1889 fama
614 1846 731 1904 quod
766 1845 1026 1890 oratorium
1078 1846 1348 1891 indecenter
1386 1851 1615 1892 teneatur.
1663 1849 1705 1905 5)
1741 1853 1789 1893 In
1833 1848 2023 1906 privatis

246 1927 467 1972 Oratoriis
490 1942 582 1972 non
610 1932 793 1986 possunt
827 1929 1001 1986 publice
1026 1929 1180 1974 haberi
1206 1933 1251 1974 et
1274 1930 1439 1987 pulsari
1474 1944 1744 1989 campanae,
1771 1931 1887 1976 bene
1913 1945 2022 1976 vero

246 2010 291 2055 in
327 2011 531 2068 publicis.
583 2013 624 2068 4)
666 2013 843 2057 Privata
896 2017 1133 2071 nequeunt
1181 2013 1347 2058 habere
1394 2013 1579 2058 ianuam
1624 2014 1669 2058 in
1707 2013 1778 2058 via
1826 2013 2018 2072 publica.

247 2094 287 2148 5)
326 2098 374 2138 In
411 2093 600 2152 publicis
635 2099 823 2152 possunt
856 2094 1075 2140 celebrari
1121 2094 1285 2139 missae
1326 2096 1480 2140 statim
1515 2110 1569 2140 ac
1601 2097 1659 2140 ab
1692 2096 1909 2155 Episcopo
1946 2109 2022 2154 pu-

245 2177 361 2222 blico
395 2177 537 2222 cultui
571 2178 664 2222 sint
696 2178 920 2223 canonico
946 2178 1032 2222 ritu
1058 2183 1240 2235 erecta;
1277 2179 1322 2223 in
1358 2179 1550 2237 privatis
1572 2194 1683 2223 vero
1716 2193 1808 2223 non
1835 2183 2023 2236 possunt

246 2259 331 2303 nisi
367 2259 421 2304 de
456 2260 631 2304 indulto
668 2261 936 2319 Apostolico.
972 2265 1065 2306 Nec
1101 2261 1206 2306 licet
1239 2262 1469 2320 Episcopis
1503 2262 1620 2317 hanc
1652 2261 1885 2306 licentiam
1908 2261 2020 2307 elare

246 2341 352 2399 giri3
390 2356 440 2386 ea
475 2342 597 2386 enim
635 2348 867 2388 reservata
893 2349 960 2387 est
988 2348 1192 2389 Romano
1218 2343 1424 2389 Pontifici
1449 2344 1481 2388 ².
1519 2347 1675 2403 Neque
1709 2349 1897 2402 possunt
1924 2343 2020 2402 Epi-

246 2425 367 2483 scopi
391 2439 493 2470 eam
518 2426 769 2471 concedere
795 2440 872 2483 pro
895 2431 999 2470 actu
1024 2426 1208 2484 quidem
1233 2431 1502 2471 transeunte
1519 2427 1550 2471 ³.
1577 2431 1618 2472 S.
1646 2426 1831 2472 Concilii
1855 2429 2016 2483 Congr.

247 2522 407 2554 recens
447 2492 677 2568 Episcopis
709 2510 828 2554 hanc
861 2510 1130 2554 facultatem
1171 2508 1396 2567 adseruit,
1433 2509 1469 2554 si
1503 2523 1696 2567 magnae
1729 2514 1775 2554 et
1807 2513 2022 2565 urgentes

248 2606 355 2637 vere
386 2592 539 2636 adsint
571 2606 752 2648 causae,
787 2592 921 2652 idque
954 2606 1033 2650 per
1067 2593 1251 2637 modum
1275 2597 1406 2638 actus
1430 2592 1750 2637 tantummodo
1773 2592 1804 2636 ⁴.
1845 2591 2019 2651 Episco-

366 2736 375 2754 ¹
406 2736 440 2773 S.
467 2736 502 2772 C.
531 2736 641 2772 Conc.
670 2736 714 2772 15
740 2735 811 2772 ian.
841 2735 942 2772 1725.

364 2807 375 2825 ²
402 2807 457 2843 Ex
484 2806 613 2843 litteris
639 2806 840 2852 encyclicis
866 2806 971 2843 Pauli
998 2806 1042 2849 V,
1072 2806 1116 2842 10
1141 2806 1261 2842 martii
1291 2806 1392 2849 1615,
1419 2815 1512 2852 quas
1538 2799 1668 2842 ult'imo
1695 2803 1926 2841 confirmavit
1951 2803 2015 2839 Be-

244 2878 326 2914 ned.
353 2878 452 2921 XIV,
468 2878 590 2914 Const.
618 2879 748 2925 Maqno
775 2889 857 2914 cum
882 2879 996 2914 animi
1023 2877 1044 2913 2
1071 2878 1145 2915 iun.
1177 2877 1278 2914 1751.

364 2952 376 2970 ³
403 2951 438 2987 S.
465 2951 502 2987 C.
528 2951 639 2988 Conc.
666 2951 705 2988 in
730 2952 980 2988 Monasterien.
1007 2950 1053 2987 25
1080 2951 1155 2987 iun.
1185 2949 1286 2986 1847.

365 3022 379 3042 '⁸
407 3024 441 3060 S.
467 3023 504 3060 C.
531 3023 642 3060 Conc.
669 3023 707 3059 in
735 3023 1028 3069 Galatayeronen.
1055 3022 1152 3059 Orat.
1179 3022 1270 3068 priv.
1297 3021 1344 3058 20
1368 3021 1447 3058 dec.
1475 3021 1578 3058 1855.
