2176 3386
699 134 828 184 Lmen
858 155 898 201 ,¹¹-
933 154 990 184 ΒΕ
1021 153 1323 183 REGULAnmus
1454 163 1457 167 ·
1825 143 1911 184 425

136 313 137 317 ,
241 263 392 310 Altero
426 275 537 307 vero
568 261 786 306 deereto¹
826 261 1125 307 constituitur
1155 275 1236 320 pro
1259 260 1387 317 Italia
1421 265 1468 306 et
1499 260 1660 306 insulis
1691 261 1903 308 adiacen-

118 344 242 390 tibus
286 342 520 389 neminem
554 344 608 388 ad
643 343 851 389 habitum
885 343 1146 402 religiosum
1194 344 1534 389 admittendum
1567 343 1668 389 sine
1716 343 1908 403 praevio

119 427 287 495 duplici
320 427 559 483 scrutinio,
585 426 683 472 sive
715 432 878 486 agatur
898 428 952 473 de
982 427 1201 487 religiosis
1235 420 1448 474 votorum
1483 427 1778 484 solemnium,
1803 429 1907 474 site

123 608 319 655 qualitates
352 608 621 646 postulantium
660 609 952 654 cognoscendas.
981 628 1022 634 —
1051 609 1082 645 5.
1111 608 1207 653 Quid
1246 609 1442 655 agendum,
1471 609 1501 645 si
1529 608 1711 646 Ordinarii
1750 619 1906 654 respon-

122 681 233 718 deant
258 670 296 716 s'e
323 679 558 717 Postulantes
585 689 660 716 non
686 678 923 725 agnoscere?
952 681 1059 727 Resp.
1087 681 1200 716 Posse
1227 680 1462 717 postulantes
1496 680 1637 717 admitti
1665 681 1709 717 ad
1737 681 1904 718 habitum

122 757 158 789 et
182 751 420 794 Novitiatum‚
447 751 477 787 si
506 751 724 788 Ordinarius
750 761 772 788 a
798 751 992 797 Superiore
1022 752 1220 798 requisitus
1246 762 1422 798 expresse
1449 752 1674 798 respondeat
1700 763 1780 789 sese
1808 753 1906 789 circa

123 823 318 869 qualitates
346 822 570 859 Postulantis
598 822 795 859 informare
821 832 896 859 non
922 833 1042 869 posse,
1070 823 1158 869 quia
1185 822 1287 860 illum
1315 833 1390 859 non
1417 824 1597 869 agnoscit,
1622 823 1824 860 dummodo
1854 829 1910 860 ta-

125 905 210 931 men
248 894 554 931 testimonialium
581 895 738 931 defectui
780 904 844 939 per
868 894 977 931 aliam
1015 893 1225 932 accuratam
1257 895 1568 937 informationem,
1595 899 1631 931 et
1658 895 1727 931 fide
1754 895 1903 941 dignam

121 967 336 1003 relationem
365 967 590 1013 suppleatur,
608 970 642 1002 et
670 971 863 1003 serventur
888 966 962 1003 alia
988 967 1032 1003 de
1058 967 1134 1003 iure
1160 967 1364 1011 set·vanda;
1391 971 1427 1003 et
1446 967 1679 1004 Postulantes
1706 972 1905 1013 antequam

122 1039 168 1075 ad
194 1039 362 1075 habitum
389 1038 628 1075 admittantur
652 1042 825 1074 maneant
859 1037 990 1074 saltem
1016 1047 1081 1083 per
1107 1043 1178 1074 tres
1206 1048 1352 1074 menses
1380 1038 1417 1074 in
1443 1042 1641 1081 conventu,
1670 1038 1794 1084 ibique
1823 1038 1908 1074 dili-

124 1116 253 1157 genter
278 1110 492 1156 probentur.
519 1131 551 1134 ff-
581 1109 613 1145 4.
635 1109 760 1146 Utrum
789 1109 1002 1154 Superiores
1028 1109 1220 1146 admittere
1249 1110 1391 1155 possint
1416 1110 1461 1146 ad
1482 1109 1650 1146 habitum
1677 1109 1734 1146 sui
1756 1109 1909 1147 Ordinis

123 1182 376 1220 Postulantem
403 1181 543 1228 absque
564 1180 695 1217 litteris
723 1180 1035 1217 testimonialibus
1055 1180 1251 1223 Ordinarii,
1267 1181 1415 1227 quando
1435 1181 1495 1216 hic
1514 1181 1673 1217 affirmat
1699 1191 1775 1217 non
1794 1191 1906 1228 posse

121 1265 184 1292 eas
210 1255 307 1298 dare,
325 1254 413 1300 quia
431 1254 638 1300 prohibitus
658 1253 703 1289 ab
722 1253 939 1289 auctoritate
966 1251 1093 1288 civili?
1119 1253 1227 1299 Resp.
1248 1253 1423 1290 Sufficere
1447 1253 1702 1290 testimonium
1721 1253 1906 1290 Ordinarii

122 1327 248 1363 datum
275 1326 386 1362 etiam
413 1335 478 1372 per
496 1326 656 1371 privatas
683 1331 718 1361 et
736 1329 896 1362 secretas
923 1324 1098 1370 epistolas
1108 1336 1117 1369 ;
1146 1325 1209 1360 sed
1228 1325 1258 1360 si
1279 1324 1494 1362 Ordinarius
1520 1335 1541 1361 a
1568 1326 1757 1371 superiore
1785 1326 1907 1371 requi-

122 1399 214 1436 situs
243 1398 506 1434 testimoniales
533 1398 580 1434 ob
607 1398 814 1443 expositam
843 1397 1012 1443 superius
1038 1406 1189 1433 causam
1216 1397 1348 1442 quovis
1375 1397 1484 1434 modo
1512 1398 1596 1434 dare
1628 1402 1768 1441 renuat,
1797 1408 1909 1444 posse

122 1468 375 1506 Postulantem
401 1468 556 1510 admitti,
583 1468 788 1514 supplendo
816 1467 1120 1504 testimonialium
1147 1467 1304 1504 defectui
1333 1477 1398 1513 per
1419 1467 1528 1503 aliam
1556 1472 1767 1504 accuratam
1795 1467 1907 1504 infor-

122 1541 335 1584 mationem,
361 1545 396 1577 et
423 1539 493 1577 fide
520 1540 672 1586 dignam
699 1537 926 1576 relationem.
955 1559 999 1564 —
1025 1539 1058 1575 5.
1086 1540 1215 1576 Utrum
1243 1539 1459 1584 Superiores
1496 1540 1637 1585 possint
1664 1540 1710 1576 ad
1738 1540 1907 1577 habitum

122 1613 240 1659 ipsum
269 1613 459 1650 admittere
488 1613 634 1654 milites,
662 1612 705 1648 de
733 1612 869 1658 quibus
897 1611 1079 1648 Ordinarii
1119 1611 1304 1648 affirmant
1330 1622 1368 1647 se
1396 1621 1472 1648 non
1501 1622 1610 1658 posse
1637 1613 1675 1648 in
1703 1612 1824 1650 Gallia
1851 1614 1907 1650 in-

122 1684 290 1726 formare,
319 1693 402 1720 cum
430 1683 552 1721 nullos
579 1684 768 1729 delegatos
797 1684 832 1719 in
858 1684 1021 1720 exercitu
1061 1683 1232 1725 habeant,
1261 1693 1329 1719 nec
1356 1684 1510 1719 Parocbi
1540 1684 1653 1720 ullam
1680 1684 1724 1720 de
1752 1685 1810 1721 his
1840 1694 1910 1722 no-

124 1755 241 1791 titiam
279 1755 415 1791 habere
456 1753 627 1800 possint?
653 1756 760 1800 Resp.
789 1754 1017 1791 Affirmative
1044 1755 1073 1791 si
1102 1754 1318 1791 Ordinarius
1345 1765 1366 1791 a
1392 1755 1580 1801 superiore
1619 1755 1820 1802 requisitus
1853 1766 1910 1791 re-

121 1825 302 1871 spondeat
338 1836 378 1862 se
406 1825 603 1862 informare
631 1826 678 1862 ob
713 1826 849 1862 dictam
887 1826 1067 1862 rationem
1105 1836 1180 1862 non
1218 1836 1338 1871 posse,
1365 1826 1565 1862 dummodo
1606 1826 1907 1862 testimonialium

126 1896 283 1933 defectui
311 1906 376 1942 per
401 1896 510 1932 aliam
537 1901 745 1933 accuratam
776 1897 1133 1941 infot·mationem‚et
1161 1897 1230 1933 tide
1257 1897 1408 1943 dignam
1438 1896 1654 1933 relationem
1682 1897 1909 1942 suppleatur,

122 1973 157 2004 et
184 1973 376 2005 serventur
415 1968 487 2004 alia
512 1969 556 2005 de
586 1968 662 2004 iure
689 1968 887 2012 servanda;
915 1972 950 2004 et
979 1968 1131 2013 insuper
1158 1968 1393 2004 Postulantes
1431 1973 1630 2013 antequam
1669 1967 1912 2004 admittantur

124 2041 169 2077 ad
195 2040 363 2077 habitum
390 2040 518 2076 saltem
559 2050 623 2086 per
649 2046 720 2077 tres
749 2050 896 2077 menses
935 2046 1106 2076 maneant
1138 2041 1174 2076 in
1201 2044 1396 2082 conventu,
1424 2039 1549 2085 ibique
1589 2039 1786 2085 diligenter
1825 2049 1908 2085 pro-

125 2113 267 2149 bentur.
294 2132 339 2137 —
366 2111 398 2148 6.
418 2111 512 2156 Quid
538 2111 723 2157 agendum
751 2112 798 2148 sit
823 2110 970 2157 quando
991 2111 1173 2148 Ordinarii
1201 2111 1332 2148 nolunt
1359 2111 1445 2147 dare
1474 2110 1612 2146 litteras
1641 2109 1909 2147 testimoniales

124 2194 199 2221 non
225 2184 334 2220 aliam
362 2184 408 2220 ob
435 2193 597 2226 causam,
624 2183 695 2219 nisi
724 2184 811 2229 quia
840 2187 1078 2229 opponuntur
1117 2183 1300 2228 ingressui
1341 2181 1567 2219 Postulantis
1595 2181 1631 2217 in
1659 2179 1914 2227 religionem?

128 2257 233 2302 Resp.
260 2255 485 2297 (Ji-dinarios,
505 2260 613 2300 prout
640 2255 676 2290 in
704 2255 780 2290 Art.
800 2254 820 2289 ⁶2
848 2254 982 2290 decreti
1010 2254 1163 2290 Romani
1190 2254 1376 2299 Pontifices
1402 2253 1678 2299 praescribitur,
1698 2262 1774 2289 non
1801 2262 1909 2299 posse

126 2327 391 2364 testimoniales
429 2327 568 2364 litteras
606 2327 810 2370 denegare;
837 2327 866 2362 si
895 2332 1018 2363 tamen
1044 2336 1106 2363 eas
1134 2326 1221 2362 dare
1261 2330 1442 2368 recusent,
1470 2326 1733 2362 recurrendum
1769 2326 1838 2362 erit
1864 2326 1910 2362 ad

126 2398 158 2435 S.
180 2398 495 2445 Conpreqationem
521 2408 630 2444 super
656 2401 753 2434 statu
772 2398 1024 2444 Reqularium.
1044 2418 1087 2422 —
1116 2398 1146 2433 7.
1167 2398 1209 2433 In
1236 2397 1293 2433 his
1322 2397 1527 2441 ordinibus,
1546 2397 1585 2432 in
1604 2397 1739 2443 quibus
1769 2403 1912 2442 praeter

126 2478 324 2506 conversos
350 2469 465 2505 laicos
493 2469 672 2505 habentur
699 2469 832 2506 Donati
861 2479 925 2505 seu
953 2469 1084 2511 oblati,
1107 2468 1373 2505 testimoniales
1401 2468 1606 2513 exigendae
1635 2468 1711 2503 sint
1735 2472 1819 2503 ante
1849 2478 1910 2504 su-

126 2540 353 2586 sceptionem
381 2540 527 2576 habitus
555 2541 778 2577 Donatorum
805 2546 840 2576 et
866 2540 1081 2577 Oblatorum
1108 2541 1164 2576 vel
1192 2541 1316 2586 potius
1343 2538 1647 2576 conversorum?
1674 2541 1782 2586 Resp.
1810 2541 1911 2577 Ante

129 2611 401 2658 susceptionem
430 2611 580 2648 habitus
607 2613 833 2649 Donatorum
861 2617 895 2649 et
921 2612 1148 2650 Oblatorum.
1176 2633 1220 2638 —
1245 2613 1278 2648 8.
1307 2613 1364 2648 An
1392 2613 1438 2649 sit
1464 2611 1567 2649 nulla
1593 2613 1779 2658 susceptio
1807 2613 1911 2649 liabi-

128 2687 185 2719 tus
224 2683 302 2719 sine
329 2682 460 2719 litteris
498 2683 842 2721 testimoniatibus?
869 2685 1285 2730 Resp.Susceptione1n
1326 2684 1475 2720 habitus
1513 2693 1594 2720 esse
1635 2683 1809 2727 illicitam,
1836 2693 1912 2720 non

128 2758 250 2791 tamen
288 2754 506 2791 invalidam:
536 2755 802 2792 testimoniales
841 2756 980 2792 litteras
1011 2756 1168 2792 omissas
1198 2756 1234 2790 in
1263 2755 1474 2801 receptione
1500 2754 1546 2790 ad
1574 2754 1740 2791 habitum
1781 2764 1912 2800 quam-

57 2851 61 2853 <
130 2827 289 2873 primum
316 2827 536 2864 obtinendas
561 2838 655 2870 esse,
682 2828 774 2865 alias
801 2829 936 2865 Novitii
964 2829 1009 2865 ad
1037 2828 1304 2874 professionem
1333 2827 1431 2863 licite
1458 2827 1601 2863 admitti
1629 2826 1782 2863 minime
1810 2830 1917 2872 pote-

128 2904 223 2936 runt.
242 2919 283 2924 —
303 2899 337 2936 9.
355 2899 484 2936 Utrum
510 2900 555 2936 sit
574 2900 735 2938 invalida
761 2901 953 2947 professio,
973 2901 1003 2937 si
1026 2900 1087 2937 fiat
1109 2900 1256 2936 omissis
1279 2899 1590 2936 testimonialibus
1618 2897 1777 2935 litteris?
1805 2899 1914 2944 Resp.

129 2969 212 3007 Non
237 2980 318 3007 esse
345 2970 555 3022 invalidam,
582 2972 646 3009 sed
672 2972 850 3009 illicitam.
1520 2952 1522 2955 ξ

249 3039 256 3059 “
286 3041 511 3079 Exordiente
538 3043 714 3090 Περαίαν-ι’
739 3044 949 3090 disciplinae
973 3043 1246 3086 instaurandae,
1274 3042 1353 3079 ead.
1381 3042 1440 3078 die
1468 3041 1514 3078 ‘25
1541 3042 1612 3078 ian.
1641 3040 1745 3078 1848.
