2176 3386
262 94 316 133 24
937 109 1047 139 PARS
1076 110 1117 139 11.
1148 111 1205 139 DE
1235 111 1372 140 REBUS
1419 130 1425 134 .

261 213 396 270 ticis,
433 213 506 259 vel
538 214 616 274 qui
650 214 766 260 ritus
813 215 1121 261 idololatricos
1169 221 1384 275 usurpat,
1419 217 1518 262 sive
1559 219 1647 264 alio
1690 220 1824 266 modo
1866 221 2052 280 publice

263 299 440 354 peccat,
476 296 588 342 item
620 298 697 357 qui
733 303 1030 356 praeceptum
1065 300 1276 358 paschale
1304 313 1403 344 >non
1437 300 1772 359 adimpleverit.

383 380 484 425 657.
521 384 726 427 Caveant
758 380 1063 426 confirmandi
1099 395 1156 426 ne
1189 382 1368 427 sordida
1402 383 1571 439 fronte,
1607 384 1870 444 capillisque
1904 386 2053 445 impe²

263 461 335 506 xis
368 464 423 507 ad
456 463 542 507 hoc
590 464 939 508 Sacramentum
989 465 1247 519 accedant,
1283 465 1489 510 vestibus
1537 471 1693 512 tamen
1742 468 1835 512 sint
1875 467 2051 524 induti,

263 546 652 603 quemadmodum
691 549 737 590 et
776 545 966 602 Patrini,
992 546 1276 605 simplicibus
1307 552 1354 592 et
1385 549 1440 593 ad
1465 549 1737 594 modestiam
1761 549 2050 608 compositis*

265 629 480 673 Mulieres
514 643 623 674 vero
656 629 765 673 illud
791 635 1105 688 suscepturae,
1132 634 1178 674 et
1200 644 1317 690 quae
1350 631 1656 676 Matrinarum
1680 632 1879 677 officium
1914 647 2051 678 exer-

263 711 449 767 cebunt,
486 726 578 756 non
603 726 649 756 se
674 712 720 757 in
755 714 943 758 ecclesia
979 728 1084 758 cum
1111 713 1244 758 vanis
1276 715 1578 770 ornamentis,
1608 720 1688 760 aut
1719 717 1874 762 fucata
1907 717 2050 774 facie,

262 796 337 840 sed
373 811 478 841 cum
512 796 639 841 omni
675 797 895 841 modestia
931 801 979 843 et
1012 798 1274 843 reverentia
1308 804 1616 857 praesentent.

383 877 425 921 Si
460 878 765 923 confirmandi
816 894 984 924 nomen
1021 895 1078 924 ex
1114 879 1167 924 iis
1199 880 1258 924 sit
1289 895 1405 940 quae
1453 881 1627 939 imponi
1675 881 1722 926 in
1770 882 2053 940 baptismate

263 960 491 1018 prohiberi
524 961 743 1017 diximus,
780 962 825 1006 in
862 951 1221 1009 Confirmatione
1254 965 1637 1009 commutandum
1671 966 1772 1010 erit.

382 1044 482 1089 658.
520 1048 632 1089 Sunt
667 1046 808 1091 etiam
843 1062 900 1091 ex
937 1048 1165 1092 Ecclesiae
1207 1053 1450 1106 praecepto
1486 1049 1531 1092 in
1566 1049 1925 1095 Confirmatione
1970 1051 2053 1096 ad·>

261 1127 446 1172 hibendi
480 1141 736 1187 sponsores.
775 1130 859 1174 Sed
894 1134 1074 1188 praeter
1106 1144 1183 1174 eos
1214 1144 1328 1190 quos
1362 1131 1629 1177 notavimus
1661 1146 1767 1177 cum
1809 1133 1866 1177 de
1898 1133 2053 1192 Bapti—

261 1224 360 1255 smo
394 1211 602 1269 egimus,
638 1213 913 1257 excludendi
964 1217 1073 1258 sunt
1119 1218 1219 1258 tum
1264 1214 1466 1259 minores
1497 1215 1632 1260 annis
1677 1217 2046 1275 quatuordeeim,

261 1299 361 1339 tum
397 1295 471 1354 qui
507 1298 857 1341 Sacramentum
894 1297 1262 1342 confirmationis
1295 1302 1501 1343 nondum
1538 1303 1825 1357 receperunt.
1874 1302 2049 1345 Verum

261 1378 364 1437 quia
400 1378 669 1436 contingere
694 1384 840 1437 potest
873 1385 924 1424 ut
948 1380 994 1425 in
1032 1380 1142 1427 locis
1176 1381 1446 1427 missionum
1472 1383 1623 1427 nullus
1650 1383 1767 1428 adsit
1798 1382 1874 1441 qui
1907 1387 2046 1428 antea

260 1461 561 1506 confirmatus
595 1463 750 1519 fuerit,
787 1463 1075 1521 permittitur
1107 1464 1153 1508 in
1190 1466 1276 1509 hoc
1309 1478 1434 1521 casu,
1471 1469 1522 1509 ut
1553 1465 1691 1524 aliqui
1726 1465 1824 1510 sine
1860 1467 2052 1511 Patrino

260 1546 612 1603 confirmentur,
648 1547 725 1607 qui
759 1553 914 1606 postea
950 1549 1122 1594 Patrini
1156 1553 1416 1594 ceterorum
1442 1563 1539 1595 esse
1562 1554 1795 1608 poterunt.
1831 1554 2049 1597 Ceterum

259 1644 316 1674 ex
352 1631 503 1689 regula
540 1631 740 1690 generali
775 1646 867 1676 non
902 1637 1053 1691 potest
1085 1646 1206 1677 unus
1238 1633 1448 1691 patrinus
1482 1634 1553 1678 vel
1589 1633 1787 1678 matrina
1839 1634 2046 1679 multitu·

259 1713 354 1758 dini
388 1715 656 1760 collectivae
680 1716 1109 1761 confirmandorum
1134 1717 1307 1774 adesse;
1345 1732 1481 1763 nemo
1505 1718 1629 1763 enim
1653 1719 1812 1764 eodem
1836 1723 2052 1778 tempore

260 1796 359 1854 plus
391 1811 529 1855 quam
577 1798 690 1842 duos
736 1798 1006 1844 candidatos
1040 1800 1114 1844 vel
1155 1799 1422 1845 candidatas
1469 1800 1696 1858 suscipere
1741 1805 1920 1859 potest,
1957 1801 2047 1846 nisi

262 1879 508 1924 necessitas
556 1880 673 1925 adsit
705 1895 758 1926 eo
791 1882 911 1941 quod
947 1881 1224 1940 impossibile
1272 1883 1331 1927 sit
1376 1884 1525 1941 plures
1572 1883 1679 1928 huic
1726 1884 1874 1929 officio
1915 1889 2051 1943 aptos

259 1961 500 2020 invenire3
536 1967 648 2008 tunc
682 1965 806 2009 enim
842 1966 908 2009 fas
941 1970 1009 2010 est
1045 1965 1276 2024 Episcopis
1308 1965 1576 2023 permittere
1609 1971 1660 2010 ut
1691 1980 1811 2012 unus
1844 1969 1915 2012 vel
1952 1981 2047 2012 una

260 2048 410 2105 plures
456 2047 676 2105 suscipiat
699 2049 730 2092 ¹.
784 2047 868 2102 Qui
903 2048 1075 2107 patrini
1111 2049 1183 2093 vel
1218 2049 1446 2094 matrinae
1492 2064 1684 2095 munere
1717 2050 1950 2109 fungitur,
1986 2051 2046 2095 sit

259 2130 375 2175 alius
407 2131 463 2175 ab
494 2145 548 2175 eo
581 2130 659 2190 qui
702 2130 1073 2176 confirmandum
1107 2131 1154 2175 in
1188 2131 1414 2190 baptismo
1448 2131 1675 2190 suscepit,
1711 2137 1757 2177 et
1790 2132 1903 2177 mari
1946 2133 2049 2192 qui-

258 2215 361 2257 dem
399 2217 582 2270 propter
620 2214 914 2258 honestatem
957 2219 1095 2273 atque
1129 2228 1209 2272 pro
1242 2227 1324 2258 usu
1361 2227 1481 2270 mas,
1517 2214 1718 2260 feminae
1758 2215 1931 2260 femina
1975 2229 2048 2260 as-

258 2295 479 2353 signetur.

380 2380 481 2423 659.
518 2380 645 2424 Circa
678 2380 1006 2438 cognationem
1051 2379 1361 2437 spiritualem,
1397 2395 1514 2440 quae
1547 2381 1593 2426 in
1627 2381 1713 2426 hoc
1746 2385 2050 2426 sacramento

258 2461 565 2517 contrahitur,
591 2463 704 2507 haee
727 2461 890 2507 statuit
913 2461 1179 2507 Tridentina
1205 2462 1436 2521 Synodus:
1477 2482 1497 2504 u
1525 2467 1585 2508 Ea
1608 2477 1788 2522 quoque
1811 2463 2045 2520 cognatio,

261 2564 281 2584 a
307 2559 423 2601 quae
451 2559 508 2589 ex
532 2544 886 2590 confirmatione
912 2544 1220 2600 contrahitur,
1247 2545 1603 2590 confirmantem
1627 2549 1674 2590 et
1695 2545 2046 2602 confirmatum,

261 2651 279 2668 ι.
308 2627 517 2688 illiusque
551 2632 728 2686 patrem
761 2632 808 2672 et
832 2631 1028 2672 matrem
1053 2641 1106 2673 ac
1128 2631 1368 2673 tenentem
1404 2642 1497 2673 non
1528 2627 1804 2686 egrediatur,
1830 2627 2049 2673 omnibus

262 2731 280 2753 a
308 2712 432 2756 inter
463 2712 575 2757 alias
618 2726 836 2771 personas
883 2713 1018 2757 huius
1065 2712 1314 2771 spiritualis
1365 2712 1653 2770 cognationis
1701 2712 2050 2772 impedimentis

261 2816 280 2837 a
308 2797 498 2841 omnino
532 2795 722 2841 sublatis
746 2814 786 2841 n.
832 2796 960 2850 Quod
992 2795 1178 2856 quidem
1222 2796 1410 2842 Concilii
1443 2797 1678 2842 decretum
1720 2797 1870 2841 locum
1905 2795 2048 2841 habet

377 2976 387 2994 ¹
417 2976 452 3012 S.
479 2976 588 3013 Univ.
614 2976 692 3022 Inq.
722 2976 766 3012 16
792 2976 882 3013 iunii
913 2976 1004 3013 1884
1032 2976 1078 3014 ad
1103 2976 1226 3022 Episc.
1253 2975 1468 3022 Verapolit.;
1494 2975 1646 3012 collect.
1673 2985 1709 3012 n.
1735 2973 1814 3012 696.
