2176 3386
253 224 307 264 34
923 233 1033 262 PARS
1063 234 1103 262 11.
1139 234 1195 261 DE
1225 233 1362 262 manus

254 341 310 385 ad
344 354 403 386 ss.
428 341 712 386 Sacramenti
737 339 1045 399 frequentiam
1073 339 1210 400 (quod
1235 341 1386 385 facere
1407 340 1591 397 debent)
1626 339 1921 396 accesserint,
1945 345 2040 385 sta-

257 424 338 467 tim
373 423 428 468 de
462 436 627 480 magna
650 422 706 466 ad
728 420 839 466 illud
859 423 1137 467 sumendum
1162 421 1511 480 praeparatione
1532 421 1788 468 orationem
1813 416 2038 478 habeant,

255 505 603 564 generatimque
635 505 908 560 ostendant,
943 519 1037 561 eOS,
1072 505 1148 565 qui
1183 505 1238 550 ad
1273 504 1667 564 frequentiorem,
1701 509 1782 550 aut
1812 505 2041 564 quotidia—

257 602 365 632 nam
398 586 622 633 salutiferi
665 587 753 631 cibi
787 588 1097 646 sumptionem
1140 588 1308 632 dexoto
1341 587 1491 633 studio
1523 587 1817 644 excitantur,
1852 587 2038 643 debere,

256 671 353 716 sive
387 670 489 715 laici
524 670 832 728 negotiatores
879 671 1003 726 sint,
1032 671 1137 715 ‚sixe
1170 670 1428 729 coniugati,
1463 671 1562 716 sive
1609 671 1887 730 quicumque
1935 671 2038 725 alii,

256 769 386 800 suam
420 768 668 812 agnoscere
717 754 1067 810 infirmitatem„
1102 759 1154 799 ut
1186 754 1409 813 dignitate
1453 755 1734 800 Sacramenti
1755 789 1768 809 ,
1798 769 1851 799 ac
1891 753 2039 816 divini

256 838 411 883 iudicii
461 837 705 882 formidine
738 837 918 882 discant
962 838 1206 883 caelestem
1258 841 1465 882 Mensam
1502 837 1546 881 in
1580 851 1668 896 qua
1701 837 1905 883 Christus
1950 840 2039 891 est,

258 920 457 966 rexereri
482 939 490 977 ;
527 924 574 964 et
605 921 641 964 si
674 920 857 979 quando
882 933 928 964 se
954 919 1107 964 minus
1141 924 1322 978 paratos
1355 919 1599 975 senserint,
1623 918 1681 963 ab
1712 934 1763 964 ea
1787 919 2040 974 abstinere,

257 1018 395 1063 seque
427 1004 483 1048 ad
518 1004 740 1048 maiorem
781 1002 1181 1062 praeparationem
1216 1002 1456 1060 accingere
1482 1021 1520 1047 n.
1567 1001 1768 1061 Denique
1807 1001 2045 1048 concludit

255 1088 376 1146 quod
409 1085 446 1130 si
481 1086 527 1130 in
561 1086 744 1143 Synodo
780 1085 1049 1130 instituatur
1081 1099 1233 1131 sermo
1266 1086 1321 1130 de
1354 1085 1611 1145 frequenti,
1646 1091 1725 1129 aut
1756 1084 1896 1129 etiam
1929 1097 2042 1143 quo-

256 1170 431 1215 tidiano
463 1168 782 1214 sanctissimae
819 1169 1130 1214 Eucharistiae
1155 1182 1257 1224 usu,
1284 1183 1375 1213 non
1411 1173 1480 1213 est
1500 1169 1780 1213 deviandum
1815 1171 1873 1212 ab
1904 1166 2045 1211 huius

256 1253 427 1298 decreti
478 1253 673 1308 semita,
709 1252 786 1296 sed
819 1253 855 1296 si
889 1266 1006 1311 quae
1058 1252 1270 1297 parochis
1315 1253 1534 1297 tradenda
1577 1252 1635 1296 sit
1668 1250 1926 1305 instructio,
1961 1264 2037 1294 cu-

259 1337 453 1381 randum
502 1340 602 1389 est,
638 1340 690 1380 ut
732 1337 843 1380 hacc
886 1335 947 1378 illi
991 1335 1271 1379 adamussim
1307 1336 1603 1393 respondeat:
1655 1334 1895 1393 praecipue
1929 1347 2044 1378 vero

259 1418 476 1464 monendi
510 1423 619 1462 sunt
666 1417 968 1472 Confessarii‚
1007 1431 1064 1461 ne
1097 1418 1387 1476 frequentem
1422 1417 1476 1461 ad
1515 1416 1845 1461 Eucharistiam
1889 1428 2040 1460 acces-

258 1516 358 1546 sum
395 1501 448 1546 iis
480 1505 559 1546 aut
592 1501 816 1545 suadeant
849 1505 929 1544 aut
965 1499 1252 1558 permittant,
1288 1500 1364 1559 qui
1402 1501 1445 1544 in
1480 1500 1636 1557 gravia
1674 1504 1856 1558 peccata
1905 1512 2044 1556 saepe

258 1588 501 1641 labuntur,
538 1599 623 1630 nec
655 1585 709 1629 de
745 1585 1027 1642 poenitentia
1076 1584 1364 1642 peragenda,
1401 1597 1572 1643 suaque
1611 1583 1706 1627 vita
1752 1582 2040 1627 emendanda

259 1675 367 1714 sunt
399 1668 612 1724 solliciti,
648 1667 780 1713 sicuti
818 1681 902 1713 nec
937 1666 1047 1722 illis,
1082 1667 1157 1725 qui
1193 1666 1277 1711 etsi
1312 1666 1469 1724 gratia
1503 1666 1682 1710 evitent
1714 1664 1924 1719 crimina,
1962 1677 2041 1707 xo-

258 1754 486 1798 luntatem
520 1756 678 1796 tamen
714 1751 884 1795 habent
919 1750 1179 1794 venialibus
1212 1749 1533 1794 inhaerentem
1560 1752 1589 1793 ².

380 1837 479 1882 674.
517 1835 674 1889 Quoad
699 1835 922 1880 moniales
947 1848 1057 1878 vero
1081 1848 1189 1879 cura
1214 1834 1455 1892 praecipua
1480 1833 1754 1878 Confessarii
1780 1845 1876 1876 esse
1908 1830 2044 1876 debet

260 1926 309 1965 ut
343 1921 388 1964 in
422 1919 582 1964 diebus
615 1934 673 1963 ex
706 1933 864 1963 earum
901 1916 1085 1962 Ordinis
1121 1916 1334 1962 instituto
1372 1914 1650 1974 praestitutis
1673 1913 2038 1959 communicent.

260 2007 423 2065 Siquae
456 2019 567 2049 vero
604 2003 800 2061 puritate
835 2002 1006 2046 mentis
1041 2001 1279 2046 emineant
1310 2006 1357 2045 et
1391 2002 1572 2045 fervore
1603 1999 1789 2056 spiritus
1822 1998 1882 2042 ila
1918 1997 2043 2041 inca--

261 2088 455 2143 luerint,
491 2091 541 2130 ut
573 2084 873 2144 frequentiori
907 2089 987 2129 aut
1022 2083 1288 2143 quotidiana
1322 2082 1598 2128 sanctissimi
1632 2079 1909 2126 sacramenti
1943 2093 2046 2133 per·

380 2248 388 2266 ¹
419 2248 500 2291 Qua
525 2248 569 2285 de
596 2258 633 2283 re
660 2248 804 2293 legendi
834 2253 919 2283 sunt
946 2247 980 2283 S.
1008 2247 1231 2282 Franciscus
1260 2245 1423 2282 Salesius
1450 2245 1627 2281 Philoteae
1654 2248 1744 2289 part.
1765 2243 1798 2285 2,
1824 2252 1902 2287 cap.
1929 2242 1985 2284 20,
2004 2246 2039 2278 et

259 2321 417 2358 Ioannes
438 2319 615 2356 Taulerus
635 2329 742 2355 serm.
764 2321 790 2355 4
807 2320 846 2354 in
863 2319 954 2364 festo
975 2318 1058 2354 Ven.
1079 2317 1313 2354 Sam-amenti.
1330 2337 1372 2341 —
1393 2317 1521 2360 Quoad
1540 2315 1702 2358 effectus,
1721 2315 1766 2351 ad
1785 2324 1877 2359 quos
1895 2314 2041 2351 Eucha-

260 2392 362 2428 ristia
389 2391 600 2428 necessaria
626 2394 691 2432 est,
719 2390 787 2426 tria
814 2394 900 2425 sunt
927 2389 1269 2426 animadvertenda.
1298 2388 1332 2433 1)
1351 2388 1445 2425 Caro
1472 2391 1506 2423 et
1533 2387 1688 2432 sanguis
1716 2387 1851 2423 Christi
1880 2395 1963 2423 vere
1990 2386 2046 2421 ci-

261 2467 330 2503 hus
356 2470 411 2502 est
436 2475 479 2502 ac
506 2470 634 2511 potus,
660 2465 827 2510 adeoque
854 2463 899 2499 ad
927 2451 1041 2499 vitam
1081 2462 1407 2508 supernaturalem
1446 2466 1485 2498 ut
1523 2461 1672 2507 signum
1711 2459 1841 2497 efficax
1868 2465 1904 2496 et
1929 2469 2043 2496 causa

261 2535 415 2572 refertur
440 2545 505 2581 per
531 2534 681 2570 modum
707 2533 778 2570 cibi
807 2543 850 2569 ac
876 2538 985 2578 potus
1023 2532 1250 2577 proindeque
1277 2532 1392 2568 vitam
1418 2528 1731 2577 supernaturalem
1752 2530 1891 2576 gratiae
1917 2535 1951 2566 et
1979 2539 2049 2575 per

263 2608 419 2654 gratiam
458 2607 635 2644 unionem
664 2605 826 2642 fidelium
853 2614 937 2641 cum
967 2604 1134 2647 Christo,
1160 2608 1199 2640 ut
1226 2604 1393 2640 vivorum
1420 2603 1670 2639 membrorum
1700 2612 1784 2639 curn
1810 2602 1941 2648 capite,
1966 2611 2044 2638 non·

263 2680 422 2725 primum
447 2677 570 2722 efficit,
598 2678 659 2713 sed
688 2677 864 2723 supponit
891 2675 1210 2722 praeexistentem,
1237 2680 1347 2721 atque
1373 2675 1419 2711 ad
1445 2684 1525 2711 eam
1553 2674 1808 2716 nutriendam,
1836 2674 2045 2720 augendam

261 2753 297 2785 et
316 2747 609 2785 conservandam
634 2747 786 2793 speciali
814 2746 925 2782 modo
952 2746 1120 2791 pertinet.
1160 2745 1196 2786 2)
1229 2745 1281 2781 Ea
1307 2750 1363 2781 est
1387 2745 1597 2782 necessaria
1621 2744 1666 2780 ad
1694 2744 1849 2780 salutem
1876 2744 1910 2779 vi
1937 2753 2046 2789 prae-

263 2819 358 2864 cepti
387 2818 502 2855 divini
530 2818 713 2860 omnibus,
741 2818 803 2864 qui
834 2818 1020 2863 praecepti
1046 2820 1135 2853 sunt
1160 2826 1335 2862 capaces;
1363 2816 1451 2852 hinc
1478 2816 1598 2862 quivis
1625 2817 1847 2853 christianus
1873 2821 1909 2852 et
1933 2815 2043 2852 ratio-

263 2891 321 2926 nis
347 2900 464 2936 capax
491 2894 635 2927 tenetur
661 2890 809 2935 saepius
837 2890 874 2924 in
903 2889 975 2925 vita
1005 2889 1066 2925 SS.
1098 2888 1215 2924 Euch.
1242 2897 1400 2925 sumere.
1431 2887 1468 2934 5)
1493 2888 1559 2924 Est
1582 2887 1793 2924 necessaria
1816 2891 1856 2924 ut
1881 2886 2043 2923 medium

263 2962 308 2998 ad
335 2961 627 2998 conservandam
654 2961 764 2997 vitam
791 2960 932 3006 gratiae
959 2960 1004 2996 iis
1031 2959 1093 3005 qui
1121 2959 1217 2995 hanc
1244 2959 1356 2996 vitam
1382 2963 1538 3005 possunt
1562 2958 1751 3005 peccando
1777 2958 1965 3000 amittere,
1995 2957 2044 2993 ita

263 3036 386 3068 tamen
413 3035 452 3068 ut
478 3031 510 3068 si
537 3031 677 3076 absque
704 3040 771 3068 sua
797 3030 907 3076 culpa
931 3031 1003 3066 hoc
1028 3029 1150 3067 medio
1179 3030 1380 3074 priventur,
1407 3029 1497 3066 illud
1523 3029 1642 3074 possit
1668 3028 1830 3075 suppleri
1860 3027 1940 3064 aliis
1965 3036 2048 3064 me-

263 3101 334 3137 diis
361 3101 406 3138 ad
432 3101 667 3147 impetranda
692 3100 873 3137 adiutoria
899 3099 1035 3136 divina.
