2176 3386
276 217 354 257 452
918 231 1027 261 PARS
1057 233 1081 260 1.
1117 233 1174 260 DE
1203 232 1415 261 PERSONIS

1025 423 1204 469 CAPt·T
1237 427 1311 468 ΙΙΙ.

350 555 410 590 DE
438 539 879 591 CONGREGATIONUM
908 553 1149 590 EPISCOPIS
1177 554 1489 591 SUBIECTIONE
1515 555 1575 591 AC
1603 554 1984 591 GUBERNATIONE.

398 672 497 717 589.
517 673 645 726 Quod
667 673 723 717 ad
750 672 952 730 Episcopi
974 677 1245 731 potestatem
1271 671 1440 716 attinet
1463 672 1509 716 in
1535 671 1602 716 his
1619 672 2053 730 Congregationibus

275 756 431 800 sedulo
464 756 837 813 distinguendum
871 760 956 812 est,
983 770 1095 802 num
1131 770 1255 800 mere
1287 755 1584 801 dioecesanae
1617 756 1725 811 sint,
1763 757 1834 800 vel
1867 770 1974 802 non.
2009 756 2052 801 Si

276 839 573 884 dioecesanae
606 838 699 884 sint
731 844 777 883 et
799 840 891 883 sola
925 839 1223 897 permissione
1246 838 1592 883 ordinariorum
1627 839 1850 894 existunt,
1871 838 2050 884 illorum

274 922 537 967 auctoritati
563 927 608 966 et
632 921 930 966 iurisdictioni
966 921 1158 966 omnino
1179 921 1434 966 subiacent.
1472 921 1547 966 Sin
1574 921 1742 976 minus,
1767 934 1845 966 seu
1869 922 2050 980 quando

274 1006 424 1063 agitur
455 1005 509 1049 de
543 1004 756 1048 instituto
793 1003 1021 1063 (quamvis
1056 1017 1145 1048 non
1181 1007 1412 1062 exempto)
1449 1004 1568 1064 quod
1602 1004 1680 1048 uni
1714 1003 1942 1062 Superiori
1977 1006 2050 1049 vel

276 1089 519 1134 Antistitae
567 1089 764 1147 generali
817 1093 944 1147 paret
975 1093 1021 1133 et
1055 1088 1099 1132 in
1138 1087 1340 1146 pluribus
1386 1087 1667 1133 dioecesibus
1715 1087 1928 1132 diffusum
1962 1094 2046 1143 est,

274 1174 424 1218 nullus
475 1174 717 1231 Episcopus
765 1172 899 1216 liuius
945 1171 1319 1229 Congregationis
1367 1170 1578 1228 Superior
1624 1183 1721 1215 esse
1767 1174 1932 1228 potest,
1972 1171 2047 1214 sed

273 1257 437 1315 singuli
466 1255 669 1314 Episcopi
702 1270 830 1300 suam
867 1254 1228 1299 iurisdictionem
1258 1267 1474 1298 exercere
1507 1258 1696 1311 possunt
1718 1267 1852 1313 supra
1885 1254 2049 1298 domus

272 1347 317 1384 et
342 1340 570 1397 religiosos
604 1339 648 1382 in
674 1337 864 1396 propriis
897 1337 1174 1382 dioecesibus
1208 1337 1475 1392 existenteS,
1503 1338 1631 1381 iuxta
1663 1350 1815 1381 sacros
1848 1350 2050 1381 canones

271 1428 317 1468 et
349 1423 477 1467 iuxta
512 1422 872 1468 constitutiones
904 1421 961 1466 ab
984 1421 1238 1479 Apostolica
1273 1422 1383 1466 Sede
1419 1421 1643 1479 probatas.
1679 1420 1900 1474 Quocirca
1929 1426 2047 1466 sarta

270 1511 483 1566 tectaque
516 1519 611 1550 esse
645 1506 779 1550 debet
803 1505 1133 1563 Superiorissae
1168 1506 1240 1550 vel
1264 1505 1515 1564 Superioris
1547 1505 1770 1563 generalis
1801 1505 2049 1550 auctoritas

269 1590 325 1634 ad
359 1588 562 1647 regimen
598 1588 802 1646 integrae
834 1588 1222 1646 congregationis,
1259 1603 1311 1633 eo
1347 1588 1480 1633 modo
1512 1602 1601 1647 quo
1633 1587 1968 1632 determinatur
2002 1588 2046 1632 in

271 1671 698 1727 Constitutionibus‚
734 1671 867 1716 aliter
899 1671 1023 1716 enim
1058 1672 1211 1716 unitas
1243 1677 1289 1716 et
1322 1672 1614 1716 uniformitas
1646 1671 2044 1725 interverteretur‚

273 1770 351 1814 pro
385 1770 472 1814 qua
506 1755 733 1799 servanda
766 1755 978 1811 Superior
1012 1755 1084 1799 vel
1119 1755 1419 1814 Superiorissa
1453 1755 1686 1801 Generalis
1729 1756 1925 1801 stabilita
1960 1762 2042 1802 est.

270 1843 557 1897 Quapropter
599 1837 842 1897 Episcopus
888 1837 1149 1882 immiscere
1197 1852 1244 1882 se
1284 1838 1442 1897 nequit
1476 1839 1520 1882 in
1570 1839 1639 1895 iis,
1674 1853 1789 1899 quae
1836 1841 2047 1897 generale

268 1920 409 1964 totius
449 1920 649 1964 instituti
683 1934 762 1964 seu
797 1920 1170 1978 congregationis
1205 1920 1407 1977 regimen
1456 1921 1723 1978 respiciunt,
1759 1921 1937 1966 etiamsi
1971 1922 2046 1966 do·

270 2015 372 2046 mus
410 2003 623 2059 primaria
659 2003 704 2046 in
733 2016 813 2047 sua
846 2003 1040 2047 dioecesi
1076 2003 1357 2048 inveniatur.
1397 2007 1552 2062 Neque
1587 2008 1733 2061 potest
1766 2004 2046 2049 immutatio-

270 2100 376 2130 nem
417 2085 615 2145 aliquam
658 2086 873 2131 inducere
907 2086 952 2130 in
987 2086 1363 2141 constitutiones,
1402 2088 1667 2144 praesertim
1701 2087 1737 2131 si
1771 2088 1827 2131 ab
1862 2090 2044 2146 Aposto-

269 2171 353 2215 lica
390 2171 500 2216 Sede
533 2172 809 2229 approbatae
845 2170 1030 2215 fuerint.
1068 2170 1184 2216 Hinc
1218 2175 1259 2214 S.
1286 2175 1447 2228 Congr.
1479 2175 1584 2230 Epp.
1612 2175 1656 2215 et
1683 2174 1786 2228 Reg.
1816 2171 1862 2215 in
1891 2173 2043 2216 Const.

270 2253 415 2298 Instit.
453 2254 637 2298 Taurin.
675 2258 767 2298 Sor.
796 2268 820 2298 a
855 2256 895 2298 S.
934 2256 1083 2308 Anna,
1108 2253 1450 2311 dispositionem
1484 2253 1621 2298 deleri
1656 2254 1799 2309 iussit,
1825 2267 1912 2313 qua
1950 2254 2046 2312 Epi-

269 2349 403 2394 scopo
439 2337 629 2380 facultas
661 2336 998 2380 attribuebatur
1046 2336 1334 2394 particularia
1384 2340 1555 2382 statuta
1594 2336 1863 2382 conficiendi
1899 2337 1942 2395 (8
1976 2342 2044 2382 Iu-

269 2527 340 2561 iam
369 2525 403 2562 S.
431 2526 467 2562 C.
498 2526 676 2572 probavit,
702 2530 893 2563 assumant
931 2536 994 2562 eas
1032 2527 1308 2572 dispositiones,
1335 2537 1429 2573 quac
1469 2528 1674 2565 referuntur
1703 2529 1748 2565 ad
1786 2530 2046 2566 substantialia

266 2596 532 2643 cuiuscumque
552 2596 711 2632 Instituti
732 2596 780 2642 pii
800 2597 976 2633 Sororum
993 2601 1028 2633 et
1048 2597 1281 2634 introducant
1307 2597 1345 2633 in
1364 2607 1478 2634 novas
1505 2598 1805 2636 Constitutiones.
1832 2598 1869 2645 2)
1890 2599 1959 2636 Ubi
1979 2600 2043 2637 ite·
2108 2622 2122 2651 ,¹

266 2679 346 2706 rum
382 2669 588 2706 remiserint
615 2669 916 2713 Constitutiones,
944 2679 1008 2706 eae
1039 2670 1329 2707 transmittantur
1354 2671 1399 2707 ad
1426 2670 1692 2713 Consultorem,
1719 2671 1783 2717 qui
1810 2671 1931 2708 videat
1955 2681 2043 2710 num
2135 2718 2146 2724 ᾖ

267 2742 392 2779 omnia
416 2747 512 2778 recte
539 2741 766 2787 expleverint
792 2742 914 2787 quoad
940 2742 1167 2788 preaedictas
1194 2742 1450 2785 correctiones,
1478 2747 1514 2778 et
1538 2743 1724 2780 examinet
1749 2753 1842 2789 quae
1869 2744 2044 2789 specialia
2097 2742 2145 2798 ³²³·-

267 2819 354 2850 sunt
380 2814 550 2851 Instituto
577 2815 620 2850 de
646 2825 720 2860 quo
747 2815 784 2850 in
810 2824 909 2851 casu.
943 2812 979 2860 5)
997 2813 1215 2850 Huiusmodi
1243 2818 1368 2850 votum
1395 2814 1441 2850 ad
1467 2815 1640 2852 trutinam
1668 2819 1859 2851 revocetur
1883 2815 1922 2851 in
1939 2815 2043 2852 Com·
2088 2832 2113 2849 .·
2143 2836 2145 2850 2

267 2885 446 2922 missione
485 2885 635 2930 speciali
673 2895 739 2931 pro
766 2885 948 2922 Institutis
987 2885 1231 2930 regularibus,
1258 2894 1353 2930 quae
1392 2895 1502 2922 suum
1534 2885 1708 2923 iudicium
1747 2896 1860 2932 super
1895 2887 1980 2924 data
2004 2896 2041 2923 re
2080 2916 2085 2919 .
2134 2894 2137 2901 “

266 2956 423 2992 emittat.
451 2955 486 3002 4)
505 2957 662 2993 Demum
688 2957 735 2993 ad
761 2957 840 2993 Sac.
868 2956 1001 3002 Congr.
1027 2966 1086 2992 res
1115 2957 1302 3000 reserat-ur,
1330 2957 1498 2993 testando
1523 2967 1570 2994 ex
1595 2958 1779 2994 sententia
1804 2957 2042 2995 Commissio-
2109 2969 2114 2975 ·

266 3027 336 3070 nis,
355 3037 451 3074 quae
477 3028 738 3065 substantialia
763 3032 850 3064 sunt
877 3028 914 3065 in
939 3027 1078 3074 regulis
1103 3037 1186 3064 esse
1213 3028 1411 3074 diligenter
1435 3032 1641 3074 servata,et
1667 3028 1906 3074 proponendo
1924 3028 2044 3065 anim·

265 3099 503 3136 adversiones
529 3103 670 3136 tantum
697 3099 796 3136 circa
819 3109 877 3136 res
904 3109 999 3145 quae
1025 3099 1218 3145 speciatim
1246 3099 1357 3136 finem
1382 3100 1470 3136 novi
1495 3099 1655 3137 Instituti
1681 3099 1880 3146 attingunt.
