2176 3386
790 175 919 204 Lmen
948 175 972 204 1.
1003 175 1061 204 DE
1090 174 1284 205 emmas
1874 163 1923 202 31

267 288 308 331 ὃ.
354 283 698 331 consultoribus
745 287 792 327 et
835 283 1173 328 parochialibus
1220 283 1487 328 Rectoribus
1528 285 1592 330 ita
1637 287 1927 344 congregatis

150 369 403 426 praesideat
435 367 812 425 Areliiepiscopus
845 368 917 411 vel
951 365 1115 425 aliqu1s
1141 366 1384 424 Episcopus
1413 367 1729 425 suffraganeus
1749 370 1808 414 ab
1830 370 1928 428 ipso

146 453 437 510 ‹lelegandus3
473 452 509 496 si
543 465 654 495 vero
686 451 740 494 de
774 450 886 494 Sede
922 449 1273 508 Metropolitana
1308 456 1506 495 vacante
1532 455 1710 509 agatur,
1736 466 1925 511 congre-

145 538 261 595 gatis
293 525 546 596 praesideat
575 537 890 593 suffraganeus
920 535 1266 580 consecratione
1300 535 1549 595 antiquior,
1586 538 1657 582 vel
1693 552 1746 583 eo
1780 538 1919 597 impe-

145 620 240 666 dito
273 620 387 665 alius
412 622 655 678 Episcopus
687 619 1002 676 suffraganeus
1033 618 1091 663 ab
1124 618 1219 677 ipso
1252 619 1544 677 delegandus.

263 707 306 748 [ι.
343 708 599 763 Antequam
633 703 687 746 ad
722 701 934 760 suffragia
970 707 1163 746 ventum
1198 702 1352 757 fuerit,
1389 704 1680 749 consultores
1713 709 1759 748 et
1792 708 1923 749 Paro-

145 788 314 833 cbiales
349 792 562 832 Rectores
595 788 908 831 iuramentum
942 785 1159 830 emittant
1183 799 1230 831 se
1254 801 1402 846 neque
1427 788 1573 845 gratia
1598 802 1746 844 neque
1766 790 1926 834 favore

145 871 305 915 adduci
339 871 395 915 ad
427 870 693 927 suffragium
730 870 987 914 ferendum.

266 955 305 998 5.
343 954 533 998 Verbale
566 953 700 998 huius
731 959 1007 1008 conventus,
1049 953 1227 1012 propria
1261 959 1307 997 et
1329 954 1563 998 secretarii
1588 955 1925 1013 subscriptione

145 1038 374 1096 signatum
408 1037 564 1082 statim
601 1036 753 1081 mittet
788 1041 972 1081 Praeses
1004 1037 1059 1080 ad
1098 1037 1365 1081 Provinciae
1411 1038 1652 1096 Episcopos
1694 1042 1739 1081 et
1771 1038 1926 1083 debito

146 1127 350 1180 tempore
381 1121 521 1166 etiam
555 1122 611 1165 ad
647 1124 686 1165 S.
724 1124 769 1166 C.
808 1121 863 1165 de
896 1124 1024 1178 l'rop.
1061 1121 1182 1165 Fide.

262 1207 302 1249 6.
344 1204 420 1249 Die
452 1204 702 1250 constituta
740 1204 943 1263 Episcopi
979 1204 1250 1249 Provinciae
1288 1205 1573 1250 convenient
1605 1210 1651 1250 et
1685 1206 1872 1251 nomina
1897 1221 1922 1251 a

144 1289 264 1334 clero
296 1289 361 1333 sic
386 1289 611 1346 proposita
647 1290 719 1333 vel
752 1289 839 1333 alia
862 1289 919 1332 ab
942 1289 1048 1346 ipsis
1074 1289 1382 1346 proponenda,
1410 1289 1537 1334 iuxta
1563 1290 1921 1334 Instructionem

144 1375 185 1417 S.
221 1373 594 1430 Congregationis
626 1373 696 1417 die
734 1374 784 1417 19
833 1372 936 1417 Maii
974 1373 1084 1417 1866
1124 1373 1277 1417 datam
1321 1373 1587 1429 discutient,
1629 1378 1675 1418 et
1714 1375 1921 1418 notulam

142 1456 283 1500 trium
320 1457 668 1500 candidatorum
704 1460 896 1501 Sanctae
930 1456 1029 1500 Sedi
1066 1456 1373 1500 exhibendam
1409 1456 1672 1501 conficient.
1720 1458 1846 1511 Quod
1886 1457 1920 1501 si

145 1540 331 1584 nomina
366 1554 390 1584 a
425 1540 544 1585 clero
579 1540 806 1598 proposita
843 1540 960 1584 baud
987 1540 1217 1597 probanda
1241 1553 1337 1584 esse
1368 1540 1692 1596 iudicaverint,
1722 1540 1921 1586 rationes

141 1637 245 1669 suas
279 1637 356 1667 seu
393 1624 566 1669 motixa
600 1626 639 1668 S.
677 1623 1026 1681 Congregationi
1060 1638 1291 1681 exponere
1327 1638 1416 1669 non
1452 1624 1688 1669 omittant.

261 1709 303 1752 7.
339 1708 494 1762 'Quoad
529 1712 698 1762 cetera,
737 1707 965 1765 praedicta
1002 1711 1248 1751 Instructio
1283 1710 1324 1752 S.
1362 1710 1406 1752 C.
1444 1707 1491 1751 in
1526 1707 1742 1752 omnibus
1788 1722 1919 1753 accu-

143 1797 239 1836 rate
272 1796 500 1835 servetur.

259 1875 301 1918 8.
340 1875 381 1918 Si
415 1889 526 1919 vero
558 1879 719 1932 agatur
750 1875 804 1919 de
837 1875 1118 1933 designando
1154 1874 1372 1933 Episcopo
1394 1875 1665 1920 Coadiutore
1689 1890 1795 1919 cum
1822 1875 1921 1920 iure

141 1958 458 2013 successionis,
493 1958 565 2003 die
597 1959 654 2002 ab
697 1958 1048 2017 Archiepiscopo
1090 1963 1262 2003 statuta
1304 1959 1588 2003 convenient
1629 1959 1922 2005 consultores

139 2047 186 2086 et
211 2041 495 2086 parochiales
515 2045 742 2097 Rectore83
780 2042 1053 2099 praesidebit
1078 2041 1456 2101 Archiepiscopus
1475 2042 1548 2087 vel
1572 2042 1646 2087 illo
1667 2043 1918 2101 deputante

143 2125 403 2183 Episcopus,
440 2139 519 2185 pro
552 2139 641 2185 quo
674 2125 918 2171 Coadiutor
949 2126 1184 2183 eligendus
1217 2131 1302 2182 est,
1349 2127 1421 2170 vel
1456 2131 1649 2185 utroque
1699 2126 1921 2185 impedito

139 2208 254 2253 alius
285 2210 599 2267 suffraganeus
630 2211 687 2254 ab
721 2209 1072 2268 Arcbiepiscopo
1096 2210 1357 2268 deputatus.
1396 2210 1553 2264 Quoad
1577 2213 1730 2255 cetera
1755 2224 1917 2254 norma

139 2303 273 2350 supra
307 2292 470 2337 tradita
506 2307 585 2351 pro
620 2293 823 2351 Episcopi
858 2293 1082 2338 electione
1116 2298 1314 2338 vacante
1347 2294 1459 2339 Sede
1493 2294 1778 2338 observetur.

257 2378 298 2421 9.
335 2381 384 2421 In
419 2376 643 2422 electione
680 2377 883 2434 Episcopi
919 2391 998 2435 pro
1031 2378 1226 2422 dioecesi
1250 2377 1434 2422 noviter
1449 2382 1620 2433 erecta,
1656 2391 1915 2422 convocan-

139 2464 215 2504 tur
245 2461 302 2505 ab
334 2461 683 2519 Arcbiepiscopo
715 2462 1006 2507 Consultores
1038 2461 1258 2507 dioecesis
1291 2463 1364 2506 vel
1397 2462 1676 2507 dioecesium
1705 2477 1728 2507 e
1752 2462 1919 2522 quibus

140 2558 260 2589 nova
294 2544 515 2590 dioecesis
547 2546 744 2590 formata
779 2551 847 2590 est
879 2550 924 2590 et
960 2550 1176 2591 Rectores
1224 2546 1510 2591 parochiales
1551 2546 1585 2591 si
1629 2545 1706 2606 qui
1740 2546 1833 2590 sint
1868 2546 1915 2590 in

140 2641 260 2672 nova
292 2627 503 2672 dioecesi.
540 2629 694 2681 Quoad
730 2629 902 2688 reliqua
936 2644 1146 2674 normam
1183 2630 1273 2674 iam
1308 2630 1525 2674 traditam
1559 2633 1822 2689 sequantur.

257 2711 327 2755 31.
365 2712 564 2757 Tandem
600 2727 678 2770 pro
712 2712 936 2758 electione
973 2713 1294 2772 Episcoporum
1327 2715 1370 2757 in
1396 2715 1544 2757 Scotia
1569 2713 1654 2758 boc
1677 2714 1914 2758 decretum

139 2793 281 2838 latum
315 2799 383 2840 est
414 2809 440 2840 a
473 2798 514 2840 S.
551 2796 911 2854 congregatione
945 2801 1074 2855 Prop.
1112 2797 1232 2841 Fidei
1278 2811 1402 2841 anno
1439 2797 1550 2841 1885
1591 2797 1663 2841 die
1696 2797 1752 2841 25
1796 2795 1911 2840 Iulii.

141 2895 162 2916 ιι
187 2880 299 2922 Cum
332 2878 437 2924 inde
470 2879 527 2923 ab
558 2893 682 2924 anno
719 2880 830 2924 1878
863 2880 947 2924 sub
979 2880 1112 2924 initio
1162 2879 1460 2926 pontificatus
1509 2880 1794 2925 Sanctissimi
1831 2882 1913 2923 Do-

139 2959 252 3005 mini
287 2962 439 3006 Nostri
474 2964 637 3007 Leonis
671 2967 751 3007 PP.
782 2967 877 3008 xm
911 2978 991 3021 per
1008 2963 1289 3021 Apostolicas
1313 2963 1410 3008 eius
1433 2963 1626 3008 Litteras
1658 2967 1726 3006 Ex
1746 2965 1911 3020 Supre-

139 3057 211 3087 mo
243 3046 527 3101 Apostolacus
559 3048 690 3103 apice
733 3046 1001 3105 episcopalis
1045 3046 1311 3092 Hierarchia
1360 3046 1405 3090 in
1451 3047 1601 3092 Scotia
1642 3060 1700 3090 ex
1750 3047 1915 3090 Sacrae

390 0 935 40 ;·ῑ;·“ζῗ“ἶέ’·ἲ”··’.’“·ῑ“3ῆ““ζ·ἓ“”’*”“’ἠΰ-Ἄ*
950 0 1039 26 ‘mit'
1071 0 1156 15 ’Π
1176 0 1286 21 ’ψ’
1302 0 1555 32 ;”-«“’”->-·,’·ῖ-ῆ>“”
1579 0 1603 34 ῖ·
1621 0 1642 3 “’
1660 0 1670 7 ⁴
1693 0 1708 16 ‘⁸
1764 0 1770 9 ⁴
1831 0 1855 14 ⁴=
1927 0 1931 7 ·
1981 0 2050 24 ww
