2176 3386
718 26 719 30 Ἰ
772 0 1540 42 ιτξμνξῆῗπὶὶητ-ιξπσξήῇντωζπτῆνηῑμῑ“
1599 0 1640 4 ’·
1681 3 1684 7 *
1743 5 1754 21 v

774 201 903 230 Lmen
931 201 974 228 11.
1006 200 1062 228 DE
1093 199 1395 229 REGULARfflus
1836 239 1838 244 .
1904 188 1980 229 461

314 311 371 353 Ut
402 309 554 370 aliqua
586 323 715 354 soror
755 307 804 353 in
847 307 1138 353 assistentem
1173 307 1433 365 generalem
1465 305 1570 372 eligi
1609 311 1764 367 queat,
1791 307 1980 368 requiri-

193 398 284 448 tur,
321 396 371 438 ut
402 392 591 451 triginta
623 392 803 447 aetatis,
840 396 886 436 et
917 396 1021 436 octo
1055 389 1349 449 professionis
1380 403 1528 435 annos
1570 389 1794 448 exegerit.
1830 391 1982 436 Cardi—

197 475 312 520 nalis
347 479 578 521 Protector
609 474 872 533 dispensare
906 477 1054 533 potest
1086 486 1222 532 super
1252 472 1387 518 annis
1419 473 1713 532 professionis
1745 477 1813 529 ut,
1850 473 1981 519 iustis

191 558 518 603 accedentibus
550 558 714 614 causis,
739 559 792 603 ad
830 557 949 603 idem
982 556 1183 602 officium
1216 570 1343 602 soror
1374 556 1584 615 eligatur,
1613 571 1731 617 quae
1764 556 1979 616 quintum

196 641 490 700 professionis
522 655 697 686 annum
735 645 1067 700 praetergressa
1102 640 1240 684 fuerit
1265 641 1296 683 ¹.

313 723 468 768 Sciant
510 723 695 782 insuper
735 723 999 779 electrices,
1036 736 1133 768 sese
1176 722 1238 767 illi
1273 722 1539 780 suffragium
1584 735 1719 767 suum
1763 723 1881 767 ferre
1914 728 1979 768 te-

195 806 310 862 neri,
340 821 478 866 quam
512 808 640 851 iuxta
674 820 805 852 suam
839 805 1172 852 conscientiam
1206 806 1262 851 ad
1295 806 1381 850 hoc
1413 805 1614 851 officium
1650 806 1852 851 maxime
1886 806 1979 852 ido-

193 904 327 934 neam
352 903 486 949 supra
511 895 688 934 ceteras
711 889 1034 948 cognoverint,
1061 888 1238 934 ratione
1264 889 1585 934 tantummodo
1608 889 1762 933 habita
1792 889 1977 935 maioris

198 974 272 1017 Dei
306 973 490 1031 gloriae,
527 979 572 1017 et
604 973 804 1018 instituti
841 972 1054 1017 utilitatis
1076 972 1107 1017 ².

311 1057 353 1101 5.
404 1061 452 1101 ln
502 1058 725 1102 electione
772 1057 1094 1116 superiorissae
1142 1056 1366 1115 generalis
1417 1060 1464 1101 et
1514 1056 1828 1101 assistentium
1880 1071 1977 1115 per-

188 1140 364 1197 agenda
397 1140 549 1186 activa
590 1155 701 1186 voce
737 1141 984 1199 potientur,
1022 1155 1099 1186 seu
1135 1140 1372 1186 electrices
1404 1144 1558 1192 erunt,
1599 1141 1637 1184 1.
1674 1140 1899 1198 generalis
1931 1146 1978 1185 et

188 1223 455 1268 assistentes
492 1239 544 1268 eo
579 1239 770 1269 munere
820 1225 952 1269 modo
996 1226 1200 1279 functae,
1235 1238 1288 1269 ac
1336 1224 1455 1279 illae,
1491 1238 1608 1284 quae
1658 1224 1777 1269 idem
1826 1227 1974 1283 ipsum

194 1320 360 1351 munus
394 1308 438 1351 in
472 1312 762 1353 antecessum
796 1308 1042 1353 obiverint.
1088 1310 1128 1353 2.
1167 1307 1496 1366 Superiorissae
1547 1322 1625 1366 pro
1660 1312 1866 1366 ternpore
1899 1308 1975 1352 do-

192 1404 390 1444 morum,
425 1396 471 1434 et
505 1390 823 1436 institutorum
861 1391 1013 1449 (vulgo
1049 1392 1368 1449 stabilimente')
1402 1390 1859 1449 sub-superiorissae,
1895 1405 1975 1435 no-

193 1474 409 1519 vitiarum
458 1475 717 1532 magistrae,
753 1475 1068 1530 administrae,
1104 1488 1183 1519 seu
1219 1474 1512 1532 hospitalium
1548 1473 1801 1519 visitationi
1848 1488 1973 1532 prae-

188 1559 353 1613 fectae,
378 1558 583 1618 aliaeque
617 1558 782 1603 scholis
818 1558 1116 1617 praepositae,
1144 1573 1229 1602 nec
1259 1572 1349 1602 non
1385 1557 1642 1613 ministrae,
1668 1557 1765 1602 sive
1800 1557 1974 1616 primae

193 1642 450 1687 scholarum
478 1643 736 1701 magistrae.
774 1644 814 1688 5.
837 1648 961 1697 Quae
985 1642 1308 1701 Superiorissae
1341 1646 1386 1686 et
1419 1642 1703 1687 novitiarum
1729 1642 1974 1700 magistrae

189 1738 357 1769 munus
395 1738 485 1768 una
522 1725 621 1769 vice
655 1726 894 1783 gesserint.

308 1809 348 1852 6.
387 1809 688 1867 Superiorissa
722 1809 947 1867 generalis
978 1815 1176 1868 quatuor
1197 1813 1305 1854 ante
1339 1823 1537 1863 menses,
1563 1824 1701 1869 quam
1736 1823 1870 1854 suum
1895 1824 1973 1854 ex-

189 2003 367 2048 scriptum
393 2006 532 2038 sartum
560 2006 771 2048 tectumque
798 2012 874 2038 non
900 2009 1043 2040 manet:
1071 2003 1170 2048 quod
1197 2013 1271 2039 non
1291 2003 1467 2049 probatur
1494 2013 1562 2039 nec
1589 2003 1625 2039 in
1648 2003 1765 2039 Amm.
1785 2003 1831 2038 acl
1855 2003 1972 2039 Const.

188 2075 422 2117 Lemovicen„
450 2079 463 2114 ἓ
491 2076 548 2118 12,
572 2086 657 2121 pay.
672 2076 735 2111 18.
759 2076 853 2111 Hinc
880 2076 1046 2120 edicitur,
1068 2076 1202 2113 melius
1228 2086 1319 2119 esse,
1342 2081 1379 2112 ut
1405 2076 1564 2113 schedae
1591 2086 1720 2112 omnes
1747 2077 1793 2113 ad
1820 2077 1970 2113 domum

188 2146 390 2192 principem
430 2146 733 2189 transmittantur,
762 2147 886 2192 ibique
908 2157 929 2183 a
955 2148 1234 2185 scrutati-icibus
1272 2157 1395 2184 coram
1433 2149 1628 2193 episcopo,
1656 2148 1705 2184 uti
1735 2147 1971 2193 Apostolicae

184 2217 290 2253 Sedis
329 2217 498 2263 delegato
536 2218 767 2263 aperiantur:
795 2218 939 2256 additur
980 2219 1242 2255 coarctandum
1270 2228 1345 2255 non
1375 2229 1456 2255 esse
1497 2218 1714 2264 suffragium
1740 2219 1786 2255 ad
1814 2229 1971 2262 sorores,

182 2298 276 2333 quae
302 2291 386 2324 actu
413 2289 485 2324 sint
511 2289 720 2334 superiores
758 2289 905 2326 locales.
934 2291 975 2325 In
1006 2290 1128 2327 Anim.
1158 2291 1202 2327 ad
1231 2291 1349 2327 Const.
1379 2291 1498 2327 Soror.
1528 2291 1559 2327 S.
1586 2290 1727 2326 Mariae
1752 2291 1969 2327 Lemovicefn.

186 2361 226 2394 11
241 2359 311 2395 Iul.
334 2361 451 2402 1860,
478 2364 491 2400 ξ
511 2364 547 2403 2,
565 2371 646 2407 paq.
663 2362 722 2404 18,
751 2362 771 2397 l.
788 2373 832 2404 6.,
860 2363 991 2399 electio
1011 2373 1075 2409 per
1103 2363 1297 2400 schedulas
1325 2363 1537 2400 conceditur
1562 2363 1609 2399 ab
1625 2362 1840 2408 Apostolica
1858 2362 1971 2421 Q,

189 2439 256 2466 nec
283 2440 366 2466 vero
393 2430 542 2468 arbitrio
570 2433 749 2477 praesidis
776 2434 926 2479 capituli
955 2434 1081 2470 relicta
1106 2435 1320 2471 admittitur.
1346 2435 1399 2470 Ibi
1426 2435 1480 2474 §5
1507 2439 1668 2477 cavetur,
1688 2444 1736 2471 ne
1763 2435 1972 2491 nimiustit

186 2501 369 2538 vocalium
408 2512 582 2540 numerus
608 2503 646 2539 in
674 2505 846 2550 capitulo.
876 2506 967 2541 Item
994 2510 1008 2546 S
1034 2506 1054 2542 4
1082 2506 1191 2542 nimis
1231 2506 1481 2551 periculosum
1509 2506 1678 2550 edicitur,
1705 2516 1751 2542 ex
1780 2505 1970 2541 sororibus

185 2573 411 2618 eligibilibus
449 2575 629 2620 quasdam
657 2575 775 2622 seligi,
804 2582 839 2612 et
866 2587 930 2623 per
957 2579 1163 2623 appositam
1190 2577 1356 2614 notulam
1397 2577 1598 2623 significari
1631 2577 1832 2619 vocalibus,
1860 2581 1898 2614 ut
1924 2587 1970 2614 ex

186 2644 231 2681 iis
257 2645 480 2682 moderatrix
506 2646 692 2691 generalis
718 2647 887 2694 eligatur.
915 2649 1055 2695 Excipe
1082 2659 1220 2694 casum,
1240 2660 1313 2695 quo
1340 2650 1467 2686 notula
1493 2650 1562 2686 ista
1588 2659 1610 2686 a
1635 2650 1739 2686 Card.
1758 2650 1969 2687 Protectore

179 2717 447 2760 conscribatur,
475 2718 627 2765 eiusque
654 2720 869 2756 auctoritate
896 2721 1183 2758 circumferatur.

302 2788 312 2807 ¹
343 2788 383 2824 In
410 2790 532 2826 Anim.
555 2790 776 2828 Lemovicen.
796 2802 883 2829 mooe
913 2792 1040 2835 citata,
1066 2797 1080 2833 ἓ
1106 2796 1145 2836 5,
1166 2794 1187 2829 l.
1203 2805 1243 2836 c.‚
1263 2793 1461 2830 advertitur
1487 2802 1562 2829 non
1590 2793 1709 2830 solere
1735 2794 1900 2837 concedi,
1930 2798 1966 2830 ut

179 2858 381 2904 episcopus
406 2869 517 2906 super
542 2867 659 2898 aetate
685 2871 770 2898 cum
796 2863 1023 2908 generalissa
1047 2864 1246 2910 dispenset.
1869 2865 1949 2911 {aa

302 2929 315 2948 ²
342 2930 383 2966 In
409 2931 531 2968 Anim.
557 2933 603 2969 ad
631 2933 746 2970 Const.
774 2936 852 2972 Sor.
878 2946 901 2971 α
926 2936 1048 2972 Praes.
1070 2937 1205 2972 Albien.
1231 2939 1285 2972 23
1310 2937 1389 2972 Iun.
1409 2938 1527 2980 1860,
1554 2941 1568 2977 ἓ
1597 2939 1634 2980 6,
1655 2938 1677 2973 l.
1696 2948 1738 2980 c.,
1755 2938 1865 2983 p.19,
1885 2947 1968 2982 pro-

190 3001 338 3046 ponitur
363 3006 401 3039 ut
420 3003 451 3039 si
477 3003 666 3041 electrices
694 3005 731 3041 in
756 3005 929 3052 eligenda
954 3007 1198 3044 moderatrice
1225 3008 1388 3053 generali
1415 3018 1491 3045 non
1517 3009 1751 3052 conveniant,
1771 3018 1840 3054 ope
1858 3009 1967 3045 Prae-

181 3072 275 3109 sidis
301 3074 451 3119 capituli
477 3076 524 3112 ad
551 3075 586 3113 S.
613 3076 744 3113 Sedern
772 3083 990 3116 recurratur.
