2176 3386
259 169 340 209 254
904 181 1013 211 PARS
1043 183 1068 211 1.
1102 183 1159 211 DE
1187 182 1400 212 PERSOle

261 286 418 345 quiore
452 286 746 345 provinciae,
781 287 915 347 idque
955 288 1041 333 sub
1080 302 1223 346 poena
1256 289 1488 333 Interdicti
1513 289 1546 345 ¹,
1581 289 1711 335 cuius
1742 293 1900 337 tamen
1933 306 2038 338 cen-

261 382 393 414 surae
414 369 639 415 absolutio
662 384 754 415 non
779 376 848 416 est
872 375 1104 416 reservata
1124 371 1156 416 ⁶².
1182 373 1225 429 4)
1252 373 1410 425 Quoad
1430 386 1592 418 omnes
1614 373 1868 431 generatim
1893 388 2039 432 poena

263 457 362 510 post
395 453 557 499 iudicis
589 455 869 500 sententiam
905 455 1179 500 incurrenda
1213 456 1425 501 consistit
1456 460 1555 501 tum
1579 456 1625 501 in
1661 457 1919 515 privatione
1940 457 2039 503 sive

264 537 496 581 facultatis
517 538 733 592 testandi,
759 537 795 581 si
819 537 940 582 illam
975 542 1112 582 antea
1136 537 1439 594 obtinuerint,
1473 539 1572 584 sive
1606 539 1888 584 indultorum
1921 552 2038 599 quae

260 623 498 678 tamquam
523 620 755 678 pontificio
778 621 889 666 solio
911 621 1230 666 assistentibus
1253 622 1411 667 iisdem
1437 627 1725 682 competunt,
1758 627 1858 667 tum
1891 622 1938 667 in
1972 622 2039 666 in-

263 702 496 747 habilitate
529 705 583 748 ad
621 704 815 749 maiores
847 705 1095 762 dignitates
1127 710 1172 750 et
1206 706 1430 751 Ecclesias
1462 707 1735 752 obtinendas
1754 706 1783 751 ³.

385 786 586 845 Denique
619 788 665 832 in
703 791 891 832 Decreto
925 788 1170 833 Alexandri
1206 792 1283 834 Vll
1315 789 1403 833 diei
1437 791 1491 834 26
1518 789 1614 834 lulii
1642 790 1770 844 1662,
1795 790 1914 834 ultra
1936 803 2038 847 poe-

263 882 343 913 nas
366 884 390 913 a
409 869 550 914 saeris
573 871 827 915 canonibus
849 877 1010 916 contra
1034 886 1126 916 non
1156 872 1407 918 residentes
1428 873 1697 928 constituta,
1725 886 1868 930 poena
1896 872 2036 916 etiam

260 953 572 1009 suspensionis
604 955 661 998 ab
693 954 969 999 executione
1003 956 1175 1000 ordinis
1198 955 1465 1014 episcopalis
1487 956 1627 1000 etiam
1651 956 1697 1001 in
1723 957 1900 1014 propria
1918 956 2038 1001 dioe-

260 1035 367 1088 cesi,
406 1035 499 1093 ipso
534 1037 653 1081 facto
678 1042 724 1082 et
746 1038 916 1097 absque
939 1038 1027 1084 alia
1050 1039 1360 1084 declaratione
1385 1040 1677 1094 incurrenda,
1704 1040 1910 1084 sancitur
1932 1032 2041 1084 con-⁶

263 1122 329 1162 tra
368 1120 607 1178 Episcopus
643 1121 686 1165 in
722 1122 832 1166 locis
867 1122 1137 1167 missionum
1174 1137 1264 1167 non
1310 1123 1561 1167 residentes
1603 1123 1771 1182 absque
1816 1122 1952 1167 venia
1993 1122 2038 1166 in

259 1203 439 1261 scriptis
470 1205 673 1250 obtenta.

383 1295 548 1337 Eodem
584 1293 770 1351 insuper
810 1294 995 1338 decreto
1039 1293 1322 1347 declaratur,
1370 1291 1634 1336 Sanctitatis
1677 1293 1791 1335 Suae
1836 1294 2039 1333 mentem

262 1390 551 1435 nequaquam
586 1390 683 1421 esse
717 1377 899 1421 eosdem
939 1376 1196 1434 Episcopos,
1232 1375 1268 1420 si
1306 1375 1547 1433 Regulares
1581 1373 1770 1427 fuerint,
1795 1372 1852 1417 ab
1873 1372 2039 1429 obliga-

262 1459 461 1504 tionibus
496 1460 762 1517 professioni
798 1459 1010 1518 regulari,
1045 1473 1183 1519 quam
1207 1460 1476 1513 emiserunt,
1502 1457 1711 1511 adnexis,
1739 1470 1816 1514 per
1839 1453 2039 1512 adeptio-

263 1557 367 1587 nem
402 1543 639 1601 dignitatis
672 1558 725 1588 ac
758 1543 963 1588 muneris
996 1543 1263 1601 episcopalis
1295 1541 1516 1596 eximere,
1552 1540 1638 1584 nisi
1672 1543 1900 1596 quatenus
1923 1536 2040 1581 eius-

261 1627 363 1672 dem
401 1628 604 1672 muneris
626 1642 854 1687 curaeque
879 1628 1118 1685 pastoralis
1136 1625 1357 1671 exercitio
1381 1626 1474 1670 sint
1498 1623 1844 1682 impedimento.
1872 1625 2037 1675 Quare,

260 1711 639 1770 quotiescumque
672 1726 729 1756 ex
764 1711 965 1767 ipsorum
999 1711 1148 1769 culpa,
1183 1710 1280 1755 sive
1314 1724 1371 1754 ex
1413 1709 1500 1753 alia
1542 1706 1743 1766 qualibet
1784 1717 1920 1749 causa
1962 1706 2041 1747 aut

262 1794 609 1852 impedimento,
645 1794 948 1854 quantumvis
981 1794 1101 1838 iusto
1133 1808 1186 1838 ac
1221 1792 1441 1850 legitimo,
1479 1791 1524 1835 in
1568 1789 1798 1848 praedicta
1842 1784 2039 1831 Ecclesia

259 1881 339 1921 aut
386 1879 547 1922 saltem
604 1878 798 1923 dioecesi
849 1879 1070 1934 residere,
1115 1882 1308 1935 excepto
1352 1881 1556 1934 tempore
1604 1887 1628 1917 a
1673 1870 1872 1917 Concilio
1918 1867 2036 1912 frid.

263 1961 516 2019 praefinito,
553 1967 633 2006 aut
667 1962 900 2006 noluerint:
922 1966 1001 2006 aut
1021 1961 1333 2020 nequiverint,
1359 1958 1493 2004 soluti
1518 1971 1610 2002 non
1634 1959 1742 2001 sunt
1764 1952 2040 2010 obligatione

260 2059 398 2103 quam
435 2060 513 2104 per
546 2045 875 2103 professionem
910 2046 1165 2102 regularem
1200 2047 1535 2088 contraxerunt
1579 2041 1766 2087 vivendi
1810 2040 1894 2084 sub
1938 2040 2040 2084 obe-

260 2128 432 2173 dientia
468 2129 760 2187 Superiorum
796 2129 1000 2173 eiusdem
1039 2127 1285 2186 religionis,
1309 2126 1676 2185 observandique
1699 2125 1854 2170 omnia
1878 2128 1922 2169 et
1947 2124 2039 2168 sin-

260 2215 377 2271 gula,
413 2228 528 2273 quae
562 2228 586 2258 a
631 2213 910 2271 regularibus
955 2211 1074 2256 intra
1118 2213 1314 2256 claustra
1360 2211 1630 2268 degentibus
1672 2208 1771 2253 sive
1814 2223 1871 2252 ex
1913 2212 2035 2263 voto,

260 2298 357 2341 sive
389 2311 447 2341 ex
483 2296 761 2356 praescripto
796 2297 975 2354 regulae
1009 2299 1055 2339 et
1087 2295 1472 2339 constitutionum
1506 2306 1614 2337 suae
1649 2291 1894 2350 religionis,
1932 2304 2039 2350 quo-

263 2381 509 2425 modolibet
541 2385 586 2424 et
617 2380 1014 2439 qualitercumque
1047 2377 1281 2423 observari
1315 2377 1484 2421 debent
1515 2390 1568 2420 ac
1611 2376 1784 2431 solent,
1837 2374 1950 2418 adeo
1989 2376 2042 2417 ut

260 2464 644 2523 quandocumque
679 2463 763 2507 bac
797 2462 843 2506 in
888 2466 1015 2520 parte
1063 2460 1333 2516 defecerint,
1380 2474 1464 2504 nec
1506 2474 1531 2503 a
1572 2462 1613 2502 S.
1651 2458 1761 2502 Sede
1805 2456 2036 2501 licentiam

261 2561 340 2592 seu
373 2545 762 2603 dispensationem
797 2545 843 2589 in
878 2545 1059 2603 scriptis
1091 2543 1394 2598 obtinuerint,
1432 2555 1516 2586 nec
1543 2541 1700 2586 statim
1741 2541 1796 2585 ad
1842 2540 2038 2585 claustra
2091 2559 2094 2562 ·

261 2644 369 2675 suae
404 2630 634 2687 religion1s
657 2643 754 2674 sese
788 2628 1086 2684 contulerint,
1122 2627 1337 2672 omnibus
1372 2626 1424 2671 iis
1449 2626 1621 2683 poenis,
1647 2639 1763 2684 quae
1787 2629 1947 2669 contra
1972 2636 2039 2667 re·

261 2715 441 2773 gulares
473 2717 605 2758 extra
639 2714 836 2757 claustra
870 2712 1088 2769 degentes
1120 2724 1146 2754 a
1179 2709 1322 2754 sacris
1343 2708 1599 2754 canonibus
1620 2713 1758 2766 atque
1781 2703 2039 2764 apostolicis

381 2905 390 2924 ²
420 2905 530 2942 Conc.
559 2905 658 2941 Trid.
687 2904 783 2940 Sess.
811 2903 872 2947 VI,
900 2903 988 2948 Cap.
1015 2902 1030 2937 I
1057 2902 1101 2938 de
1129 2901 1210 2938 Res.

381 2977 394 2995 ³
421 2977 471 3014 Cf.
499 2977 716 3012 Tuasaunus
743 2975 766 3012 l.
791 2985 823 3011 c.

380 3048 393 3068 ⁸
419 3048 555 3086 Bened.
582 3047 669 3084 XIV
696 3047 822 3083 Const.
850 3046 909 3082 Ad
933 3045 1103 3082 universa
1129 3043 1150 3079 5
1177 3043 1275 3088 Sept.
1304 3041 1406 3078 1746,
