2176 3386
216 194 297 234 258
886 205 997 235 PARS
1025 207 1067 234 11.
1101 207 1158 235 DE
1187 206 1326 236 REBUS

217 313 379 369 tuitur,
414 327 473 359 ne
507 313 782 359 Missionarii
815 313 964 370 latini,
999 327 1114 373 quos
1145 313 1193 358 in
1230 313 1555 372 Episcoporum
1596 313 1918 360 adiumentum
1950 320 1998 361 et

216 399 429 443 levamen
466 396 720 456 Apostolica
755 397 890 442 Sedes
911 397 958 442 in
983 410 1060 442 eas
1093 396 1301 454 regiones
1324 395 1483 452 mittit,
1509 397 1681 442 utendo
1703 397 1999 443 facultatibus

215 480 299 524 sibi
341 480 592 535 concessiS‚
628 480 895 525 eorumdem
942 478 1265 538 Episcoporum
1314 478 1617 525 iurisdictioni
1664 480 1995 539 praeiudicium

216 563 419 607 inferant
450 569 497 608 et
530 576 776 608 numerum
810 563 1096 608 subditorum
1130 561 1428 607 imminuant.

338 646 463 692 1182.
500 647 562 691 Ad
596 647 848 692 secundum
882 646 1002 705 quod
1031 644 1247 704 pertinet,
1273 645 1433 691 eadem
1468 645 1743 704 obligatione
1776 646 1994 691 manendi
2031 674 2034 677 >

215 729 261 774 in
295 734 506 787 suscepto
538 729 630 774 ritu
662 730 919 775 orientales
961 729 1060 774 illos
1092 727 1264 784 teneri,
1299 729 1376 788 qui
1410 728 1456 773 in
1492 728 1740 774 latinorum
1785 727 1995 774 Ecclesiis

213 813 402 870 degunt,
438 827 493 857 ex
531 812 731 871 pluribus
766 811 1050 871 Apostolicae
1084 811 1209 857 Sedis
1241 811 1650 857 constitutionibus
1673 816 1798 870 patet
1828 825 1882 857 ac
1914 825 1994 856 nu-

216 898 427 942 minatim
468 912 525 942 ex
565 900 716 942 Const.
758 896 1014 941 innocentii
1048 898 1105 940 IV
1151 910 1229 953 pro
1272 895 1456 941 Graecis
1487 894 1564 954 qui
1602 895 1648 939 in
1682 909 1822 952 regno
1857 894 1991 953 Cypri

215 979 366 1025 latinis
402 979 629 1038 Episcopis
660 978 852 1023 subiecti
885 983 1036 1034 erant,
1074 978 1234 1023 Leonis
1269 982 1321 1033 X,
1357 977 1606 1023 Clementis
1630 981 1724 1033 VII,
1763 978 1887 1023 Pauli
1917 982 1990 1034 ΙΙΙ,

214 1062 310 1107 Iulii
347 1065 419 1117 ΙΙΙ,
456 1061 519 1106 Pii
554 1064 610 1106 IV
634 1066 681 1106 et
706 1064 756 1117 V,
793 1061 996 1119 Gregorii
1023 1065 1136 1116 xm,
1161 1065 1209 1106 et
1230 1060 1477 1107 Clementis
1506 1063 1619 1105 VIII.
1658 1064 1802 1105 Nemo
1834 1065 1991 1106 autem

212 1160 307 1190 rem
343 1145 604 1189 distinctius
635 1146 848 1203 exposuit
882 1144 1124 1189 Benedicto
1158 1147 1255 1188 XIV
1289 1144 1366 1204 qui
1398 1147 1551 1190 Const.
1590 1146 1687 1188 Etsi
1703 1144 1988 1200 ραειοναίίδ1

211 1228 404 1273 aliorum
444 1227 713 1273 Pontificum
749 1228 834 1272 hac
857 1227 911 1272 de
947 1242 992 1272 re
1026 1227 1208 1272 decreta
1243 1227 1538 1272 confirmavit
1571 1232 1617 1271 et
1648 1227 1899 1285 explicavit
1936 1241 1989 1272 ac

210 1312 295 1357 alia
331 1311 470 1356 etiam
511 1311 736 1356 delinivit.
790 1315 926 1356 Porro
970 1311 1014 1355 in
1049 1325 1102 1355 ea
1135 1310 1472 1356 Constitutione
1518 1313 1568 1355 in
1609 1312 1780 1368 primif
1824 1310 1991 1354 annuit

211 1399 407 1440 Graecos
439 1399 486 1438 et
520 1394 799 1439 Albanenses
831 1394 878 1438 in
916 1394 1041 1439 ltalia
1077 1394 1148 1439 vel
1181 1394 1285 1438 alibi
1335 1393 1418 1438 sub
1465 1392 1690 1451 Episcopis
1731 1392 1883 1437 latinis
1915 1393 1990 1436 de-

210 1483 369 1535 gentes
403 1477 447 1521 in
483 1478 663 1536 proprio
698 1477 787 1520 ritu
822 1490 1024 1532 manere,
1048 1491 1101 1521 ac
1135 1490 1211 1521 eos
1243 1477 1319 1536 qui
1353 1482 1459 1522 sunt
1491 1475 1784 1522 ecclesiastici
1811 1476 1858 1520 in
1881 1490 1991 1535 quo-

210 1576 406 1621 cumque
439 1561 599 1606 ordine
635 1560 797 1605 minori
836 1561 906 1605 vel
940 1560 1079 1605 etiam
1116 1559 1277 1604 maiori
1311 1559 1568 1614 constituti,
1604 1559 1876 1613 saeculares,
1913 1560 1986 1604 vel

209 1648 456 1705 regulares,
492 1661 515 1690 a
552 1647 641 1690 ritu
676 1660 838 1703 graeco
860 1645 914 1689 ad
939 1644 1133 1690 latinum
1168 1645 1266 1690 sine
1299 1658 1513 1702 expressa
1548 1643 1672 1689 Sedis
1706 1643 1987 1701 Apostolicae

209 1731 428 1776 facultate
452 1729 647 1774 transire
671 1743 763 1773 non
788 1742 917 1786 posse
951 1728 1166 1772 declarat.
1217 1727 1486 1786 Episcopum
1521 1740 1631 1771 vero
1664 1726 1986 1771 dioecesanum

209 1827 338 1871 posse
365 1827 442 1871 pro
465 1827 545 1857 sua
571 1811 810 1870 prudentia
846 1810 1111 1869 permittere
1135 1810 1261 1855 laicis
1284 1815 1334 1854 ut
1355 1810 1410 1854 ad
1436 1809 1630 1854 latinum
1667 1809 1805 1853 ritum
1839 1813 1987 1853 trans-

208 1902 331 1952 eant,
368 1909 461 1940 non
496 1900 651 1940 tamen
686 1893 1010 1939 communitati
1055 1896 1332 1939 Graecorum
1367 1892 1464 1937 sive
1499 1890 1852 1946 Albanensium,
1888 1890 1986 1935 Sine

210 1979 492 2038 Apostolicac
516 1979 639 2024 Sedis
661 1978 863 2032 licentia,
890 1979 967 2023 sed
990 1978 1136 2022 solum
1162 1977 1353 2035 privatis
1376 1976 1599 2035 personis,
1624 1979 1803 2021 attenta
1830 1975 1985 2020 unius·

207 2064 426 2123 cuiusque
461 2062 747 2107 necessitate.
802 2063 1010 2106 Secu-ndo
1058 2061 1219 2105 statuit
1265 2061 1466 2105 infantes
1505 2065 1639 2105 natos
1680 2075 1737 2104 ex
1779 2065 1907 2118 patre
1939 2065 1986 2105 et

208 2152 354 2192 matre
389 2146 577 2204 graecis,
604 2146 693 2190 ritu
728 2159 907 2203 graeco,
934 2145 1020 2190 nisi
1053 2145 1186 2189 aliter
1218 2148 1448 2203 parentes,
1475 2143 1722 2189 accedente
1755 2142 1984 2188 Ordinarii

206 2243 449 2285 consensu,
488 2227 733 2282 voluerint,
770 2227 1067 2285 baptizandos
1099 2239 1211 2271 esse.
1263 2229 1411 2271 Tertio
1457 2229 1589 2271 natos
1621 2238 1732 2270 vero
1764 2239 1821 2270 ex
1855 2229 1984 2283 patre

206 2313 348 2357 latino
381 2317 428 2357 et
461 2316 607 2357 matre
635 2326 814 2369 graeca,
842 2310 994 2355 latinis
1027 2323 1125 2354 esse
1148 2309 1454 2354 caeremoniis
1486 2308 1799 2366 baptizandOS,
1835 2308 1983 2365 proles

205 2395 330 2440 enim
369 2395 496 2454 sequi
540 2395 730 2439 omnino
763 2394 897 2439 debet
936 2393 1075 2451 patris
1117 2393 1288 2448 ritum,
1325 2392 1361 2436 si
1403 2391 1460 2436 sit
1507 2391 1691 2436 latinus.
1739 2393 1913 2445 Quarto
1946 2390 1982 2435 si

207 2494 317 2524 vero
354 2483 480 2537 pater
512 2479 570 2523 sit
592 2492 781 2536 graecus
813 2482 860 2523 et
894 2481 1041 2522 mater
1065 2476 1223 2530 latina,
1251 2476 1443 2521 liberum
1477 2488 1573 2520 esse
1601 2474 1718 2533 patri
1752 2478 1802 2517 ut
1834 2475 1983 2532 proles

206 2565 280 2609 vel
311 2564 403 2608 ritu
451 2577 614 2622 graeco
663 2562 947 2621 baptizetur,
986 2562 1058 2606 vel
1091 2561 1231 2606 etiam
1267 2560 1356 2615 ritu
1398 2560 1573 2615 latino,
1609 2559 1645 2604 si
1679 2574 1797 2604 uxor
1838 2559 1979 2604 latina

206 2646 531 2706 praevaluerit,
566 2646 609 2691 id
642 2651 711 2691 est
733 2645 769 2690 si
793 2646 839 2690 in
874 2644 1069 2703 gratiam
1092 2644 1249 2688 uxoris
1272 2643 1442 2688 latinae
1473 2642 1760 2689 consenserit
1791 2656 1981 2701 graecus

205 2736 335 2790 pater
366 2735 418 2775 ut
449 2730 592 2775 latino
627 2730 714 2774 ritu
749 2728 1018 2786 baptizetur.
1075 2730 1242 2782 Qai‘nto
1276 2727 1478 2772 infantes
1514 2727 1571 2771 ad
1603 2725 1700 2771 eius
1739 2725 1978 2782 parochiae

205 2815 567 2860 iurisdictionem
602 2813 847 2871 pertinere,
882 2811 1013 2857 cuius
1043 2811 1134 2855 ritu
1168 2815 1276 2856 sunt
1308 2809 1540 2868 baptizati,
1575 2823 1681 2854 cum
1722 2823 1803 2867 per
1832 2807 1977 2866 bapti·
2021 2830 2024 2833 ,

203 2913 356 2944 smum
389 2898 467 2943 fiat
499 2897 696 2956 suseepti
728 2896 844 2941 ritus
877 2895 1026 2954 graeci
1059 2895 1132 2940 vel
1172 2894 1301 2939 latini
1335 2893 1568 2951 professio,
1603 2892 1665 2937 ita
1708 2896 1758 2937 ut
1788 2892 1844 2936 ad
1877 2890 1977 2936 lati·

323 3065 333 3085 ¹
361 3064 508 3102 Collect.
534 3074 570 3100 n.
599 3063 701 3101 1577.
