2176 3386
183 176 209 215 4
826 187 935 216 PARS
966 188 990 218 1.
1019 188 1076 215 DE
1106 186 1319 215 pssnsoms

183 294 507 340 committitur.
544 299 639 339 Iam
676 296 714 351 l)
748 295 980 352 delegatus
1013 293 1175 353 nequit
1209 297 1483 351 potestatem
1520 293 1815 351 subdelegare
1839 295 1853 318 ²
1878 293 1966 339 nisi

186 381 231 435 a)
270 378 407 423 fuerit
438 379 670 436 delegatus
701 392 725 421 a
761 382 878 435 Papa
914 377 986 421 vel
1018 378 1057 430 b)
1095 377 1149 421 ad
1184 376 1583 422 universalitatem
1603 389 1863 422 causarum.
1889 380 1967 423 Ce-

123 468 125 473 '
185 465 335 506 terum
372 475 519 520 neque
553 460 674 504 hisce
708 460 754 504 in
789 460 967 505 casibus
1008 459 1289 517 subdelegari
1340 460 1478 515 licet,
1514 460 1697 519 quando
1738 473 1968 517 personae

186 544 425 591 industria
458 543 600 586 electa
637 542 790 597 fuerit,
830 541 969 585 veluti
1004 541 1039 585 si
1073 541 1252 586 dicatur
1284 547 1335 586 ut
1369 541 1670 599 personaliter
1701 554 1965 599 cognoscas,

188 640 268 684 per
302 625 496 683 teipsum
521 630 606 669 etc.
636 625 664 669 ².
699 627 741 682 2)
770 627 973 668 Potestas
994 624 1200 681 delegata
1225 638 1479 683 numquam
1505 624 1830 683 praesumitur,
1855 625 1968 670 adeo

189 714 240 753 ut
270 709 345 767 qui
380 708 461 752 sibi
496 707 618 751 illam
655 707 829 762 tribuit,
867 707 950 750 hoc
985 705 1067 750 sibi
1103 706 1172 750 ius
1204 710 1466 764 competere
1489 706 1684 752 ostensis
1707 707 1871 751 litteris
1894 708 1968 752 de-

189 797 445 836 monstrare
481 795 692 835 teneatur
725 790 738 812 ‘⁹'

758 808 766 847 ;
804 790 1001 847 rigorose
1034 790 1332 848 delegationis
1365 790 1533 835 limites
1564 804 1617 835 ac
1640 792 1837 836 formam
1877 805 1968 836 ser-

189 889 298 920 vare
334 879 516 919 tenetur
539 875 552 898 a
587 874 670 917 sub
706 887 848 932 poena
884 872 1199 927 invaliditatis,
1237 873 1323 918 nisi
1357 874 1410 918 de
1447 888 1492 917 re
1538 888 1660 918 mere
1693 874 1966 920 accidentali

188 961 362 1013 agatur.
397 957 437 1011 5)
476 956 615 999 Iudex
648 955 881 1012 delegatus
913 955 966 999 ad
1007 955 1359 1000 universitatem
1398 969 1659 1011 causarum,
1696 962 1777 1002 aut
1817 972 1840 1002 a
1887 962 1968 1002 Ro-

190 1052 327 1083 mano
363 1037 578 1082 l'ontilice
612 1039 752 1082 latam
786 1037 1065 1081 sententiam
1101 1040 1264 1096 exequi
1290 1039 1430 1094 valet,
1458 1038 1627 1083 caeteri
1651 1039 1844 1097 delegati
1868 1052 1968 1083 sen·

188 1120 382 1164 tentiam
417 1120 581 1179 exequi
618 1125 853 1179 nequeunt
888 1120 972 1164 nisi
1006 1119 1202 1177 speciale
1227 1120 1428 1165 habeant
1457 1121 1727 1166 mandatum
1754 1121 1783 1166 ⁵.
1819 1122 1862 1174 4)
1889 1125 1968 1166 Po-

188 1208 328 1248 testas
360 1204 564 1260 delegata
590 1208 737 1247 morte
757 1202 1020 1247 mandantis
1043 1207 1191 1247 cessat
1214 1217 1261 1246 re
1284 1203 1433 1247 adbuc
1459 1203 1652 1262 integra.
1695 1206 1735 1258 5)
1768 1209 1970 1249 Potestas

189 1287 391 1344 delegata
436 1286 540 1345 quia
598 1287 810 1344 potestati
854 1285 1110 1330 ordinariae
1153 1286 1356 1343 derogat,
1401 1285 1588 1331 strictae
1631 1287 1969 1345 interpretatio-

190 1370 259 1414 nis
292 1375 374 1414 est.

307 1455 348 1497 7.
391 1458 591 1497 Potestas
625 1452 951 1497 iurisdictionis
984 1453 1071 1497 ana
1116 1458 1184 1497 est
1220 1452 1321 1509 fori
1355 1456 1542 1507 ‚ivittssrni
1582 1468 1697 1512 quae
1741 1454 1969 1512 privatam

190 1536 389 1581 fidelium
425 1536 671 1581 utilitatem
707 1536 915 1594 respicit3
951 1536 1037 1580 alia
1072 1536 1169 1600 fori
1190 1539 1374 1597 sssslsssfll
1395 1551 1510 1596 quae
1536 1537 1720 1596 respicit
1744 1538 1968 1596 publicam

191 1619 391 1664 fidelium
428 1621 676 1664 utilitatem
711 1619 739 1666 ⁶.

309 1703 346 1748 8.
384 1703 476 1747 Alia
512 1707 580 1747 est
613 1706 901 1762 OQ
928 1718 1045 1762 quae
1079 1703 1200 1747 inter
1231 1717 1307 1748 eos
1341 1708 1587 1749 exercetur
1618 1703 1695 1764 qui
1730 1704 1775 1748 in
1806 1704 1972 1750 iudicio

189 1787 502 1843 contendunt3
544 1786 628 1830 alia
673 1791 741 1830 est
773 1787 1046 1844 ψει
1087 1801 1204 1846 quae
1241 1788 1338 1831 sine
1373 1786 1564 1845 strepitu
1603 1787 1771 1832 forensi
1812 1788 1857 1832 in
1893 1802 1967 1832 vo—

190 1867 335 1912 lentes
367 1873 623 1913 exercetur.
661 1875 757 1922 Qua
782 1868 827 1912 in
854 1883 900 1912 re
935 1872 1065 1913 notat
1098 1868 1376 1913 clarissimus
1407 1868 1549 1926 OJetti
1583 1869 1702 1927 quod
1749 1888 1768 1909 a
1794 1869 1970 1913 iurisdi-

189 1952 280 1996 ctio
314 1952 574 1996 voluntaria
609 1966 701 1996 non
725 1952 1073 2009 comprehendit
1106 1965 1266 1996 omnes
1298 1956 1428 1996 actus
1452 1951 1528 2011 qui
1566 1966 1656 1996 non
1686 1952 1858 1996 cadunt
1889 1952 1972 1996 sub

190 2036 496 2090 contentioso,
522 2036 597 2080 sed
622 2034 839 2093 speciales
861 2035 1080 2093 quosdam
1107 2039 1306 2089 tantum,
1334 2036 1411 2093 qui
1438 2048 1587 2093 neque
1616 2035 1672 2078 ad
1697 2038 1970 2091 potestatem

190 2116 491 2174 legislativam
537 2129 684 2174 neque
718 2115 773 2159 ad
806 2114 1108 2170 iudiciariam,
1145 2114 1222 2159 sed
1254 2114 1309 2159 ad
1342 2115 1638 2160 executivam
1678 2129 1758 2160 seu
1791 2115 1970 2174 imperii

119 2245 122 2248 ,
190 2200 447 2258 pertinent:
493 2199 667 2243 scilicet
699 2199 960 2243 voluntaria
995 2197 1246 2242 iurisdictio
1280 2203 1349 2242 est
1381 2198 1554 2256 species
1593 2199 1828 2256 potestatis
1866 2214 1971 2244 exe-

190 2284 374 2327 cutivae
398 2288 444 2327 et
467 2287 679 2327 versatur
701 2283 822 2327 circa
857 2282 1036 2339 negotia
1062 2296 1154 2326 non
1188 2281 1493 2336 contentiosa,
1523 2281 1727 2326 tribuens
1752 2283 1823 2327 vel
1847 2288 1971 2328 certa

190 2366 374 2411 solvens
398 2366 588 2424 prix-atis
612 2366 834 2410 nonnulla
859 2365 954 2408 iura
978 2379 1094 2424 quae
1118 2364 1473 2409 contradictioni
1498 2364 1698 2409 obnoxia
1723 2379 1814 2409 non
1839 2370 1968 2423 sunt;

190 2463 247 2494 ex
281 2449 445 2508 quibus
480 2454 603 2507 patet
627 2447 936 2493 voluntariam
971 2447 1334 2492 iurisdictionem
1369 2447 1414 2491 in
1450 2447 1791 2492 contentiosam
1825 2453 1971 2493 trans-

190 2532 256 2577 ire
299 2531 641 2577 interveniente
686 2532 804 2575 iusto
837 2530 1191 2576 contradictore.
1237 2534 1286 2574 ln
1321 2534 1523 2574 tractatu
1571 2531 1626 2574 de
1663 2530 1761 2574 iure
1794 2530 1972 2588 publico

310 2681 318 2700 ¹
348 2681 384 2717 C.
414 2680 504 2717 Cum
529 2681 567 2716 in
591 2680 717 2716 multis
743 2679 786 2716 de
815 2679 990 2724 Rescript.
1020 2678 1056 2713 in
1083 2678 1104 2713 6
1131 2687 1214 2714 cum
1234 2677 1558 2714 concordantibus.

312 2751 325 2770 ³
353 2751 389 2788 C.
418 2751 481 2788 ult.
508 2751 552 2787 de
579 2750 646 2787 Off.
674 2751 746 2788 iud.
766 2750 886 2796 deleg.

312 2821 325 2841 ³
351 2822 389 2858 L.
421 2822 437 2857 1
465 2821 501 2858 C.
529 2822 573 2858 de
601 2821 721 2858 Mand.
748 2822 866 2858 Princ.
893 2840 915 2847 -
942 2821 979 2857 C.
1006 2821 1049 2857 24
1077 2821 1121 2857 de
1151 2821 1331 2866 Rescript.

310 2893 324 2912 ¹·
349 2893 386 2930 C.
412 2892 458 2929 22
484 2893 528 2929 de
555 2893 732 2938 Rescript.
759 2911 781 2918 -
807 2893 845 2929 C.
871 2891 977 2928 52-57
1006 2892 1050 2928 de
1077 2891 1144 2928 Off.
1171 2892 1248 2928 iud.
1277 2892 1396 2937 deleg.

311 2965 323 2984 ⁵
350 2966 417 3001 Tit.
444 2965 488 3002 de
509 2965 575 3001 Off.
603 2970 639 3001 et
666 2969 797 3011 potest.
825 2965 899 3001 iud.
925 2964 1044 3010 deleg.

311 3037 324 3057 ⁶
351 3037 493 3080 Osiri-Tr,
521 3037 710 3083 synopsis,
740 3037 809 3073 hoc
836 3036 959 3073 verbo.
