2176 3386
44 3287 53 3312 s—

771 198 775 204 ·
805 202 935 230 Lmen
963 202 988 229 1.
1019 201 1077 229 DE
1106 200 1299 230 cmmcls
1865 190 1946 231 365

159 322 276 368 quae
307 322 361 353 ea
393 307 656 366 disponant,
692 321 809 367 quae
840 307 1010 366 absque
1043 306 1230 365 praevio
1262 306 1480 352 examine
1514 309 1702 371 proponi
1753 307 1943 354 Concilii

162 390 368 436 Patribus
399 390 571 436 utiliter
594 404 685 436 non
711 394 911 449 possent,
936 389 1192 435 cuiusmodi
1216 394 1287 435 est
1307 405 1382 435 ex.
1409 404 1476 448 gn
1501 391 1800 449 congregatio
1822 406 1941 452 quae

157 476 219 520 sit
249 475 466 532 deputata
498 474 554 519 ad
587 473 929 532 cognoscendas
959 486 1120 518 causas
1163 473 1443 529 absentium,
1494 478 1594 518 tum
1634 488 1687 519 ea
1733 489 1850 533 quac
1883 474 1939 520 ad

156 557 496 615 cognoscendas
527 556 736 615 querelas
767 555 988 601 adversus
1022 539 1281 614 EpiscopoS,
1316 561 1415 600 tum
1450 569 1501 600 ea
1535 569 1652 614 quae
1682 556 1739 601 ad
1762 556 1942 601 exami-

158 642 333 686 nandas
363 640 475 685 alias
506 638 846 685 controversias
879 638 1090 684 instituta
1123 643 1208 684 est.
1256 638 1480 684 Admissio
1526 653 1581 684 ac
1631 638 1933 698 interrogatio

156 723 422 782 singillatim
454 736 509 768 ac
540 725 716 768 secreto
750 721 958 766 facienda
994 721 1178 766 testium
1229 721 1540 780 synodalium,
1595 722 1712 767 idest
1759 736 1939 779 eorum,

154 806 233 867 qui
267 806 313 851 in
348 807 649 865 praecedente
682 807 883 852 Concilio
917 821 997 865 per
1027 807 1229 864 singulas
1267 805 1503 851 Dioeceses
1548 806 1682 851 electi
1730 811 1840 851 sunt
1884 807 1941 852 ad

156 905 208 935 ea
243 890 580 947 investiganda,
614 903 730 948 quae
763 889 857 934 sint
889 890 1175 935 correctione
1207 889 1343 947 digna
1370 890 1396 932 ².
1431 890 1586 943 Quoad
1621 889 1831 935 ordinem
1867 905 1936 936 re·

158 988 258 1018 rum
292 974 592 1031 agendarum,
618 978 668 1017 ut
701 973 1013 1032 unusquisque
1045 974 1144 1018 loco
1177 986 1259 1018 suo
1285 973 1423 1028 possit
1447 973 1490 1017 id
1515 987 1785 1030 proponere,
1812 973 1934 1032 quod

153 1071 179 1102 e
213 1070 259 1100 re
293 1069 390 1101 esse
423 1056 684 1113 existimat;
730 1060 780 1100 ut
814 1070 893 1114 pro
928 1056 1102 1100 maiore
1134 1055 1455 1114 suffragiorum
1492 1070 1686 1101 numero
1725 1069 1796 1101 res
1830 1056 1940 1102 defi-

156 1139 325 1184 niatur.
361 1165 421 1172 —
457 1139 657 1198 Denique
691 1139 811 1196 leges
842 1139 898 1183 ad
932 1139 1186 1184 Concilium
1220 1139 1306 1184 rite
1340 1139 1597 1184 finiendum
1620 1145 1757 1184 sunt:
1796 1145 1846 1184 ut
1869 1140 1934 1185 di-

156 1220 309 1266 missio
343 1220 530 1266 Concilii
564 1236 622 1266 ex
659 1225 843 1266 Patrum
877 1221 1203 1279 suffragatione
1237 1222 1530 1275 decernatur,
1566 1228 1612 1267 et
1644 1227 1753 1268 ante
1777 1223 1936 1268 dimis-

151 1304 329 1348 sionem
364 1303 478 1348 fiant
507 1303 866 1349 acclamationes
898 1309 1084 1349 sanctae
1118 1318 1224 1349 cum
1249 1305 1500 1363 gratiarum
1524 1306 1782 1351 actionibus
1811 1308 1850 1364 ’ἢ
1887 1311 1939 1352 ut

151 1400 313 1431 omnes
345 1386 467 1431 inter
498 1400 544 1431 se
577 1386 689 1431 dent
720 1387 927 1432 osculum
961 1387 1085 1445 pacis
1116 1387 1276 1432 ordine
1310 1388 1463 1433 debito
1484 1389 1514 1433 ⁸.

267 1471 369 1516 466.
409 1476 616 1516 [amvero
649 1471 702 1515 de
743 1475 967 1528 potestate
1001 1471 1187 1517 Concilii
1224 1473 1519 1530 provincialis
1551 1473 1640 1518 duo
1667 1475 1931 1533 quaerenda

146 1557 286 1598 sunt:
322 1567 438 1611 quae
471 1553 563 1597 sint
596 1554 800 1598 eiusdem
833 1553 1028 1610 obiecta,
1064 1569 1143 1599 seu
1177 1556 1232 1600 ad
1265 1570 1379 1615 quas
1411 1570 1572 1602 causas
1612 1558 1893 1603 extendatur
1924 1578 1932 1617 3

151 1636 379 1694 quomodo
413 1639 560 1680 cesset
591 1641 671 1680 aut
703 1637 1024 1694 suspendatur.

270 1719 335 1764 Ad
370 1719 568 1777 primum
601 1719 720 1778 quod
754 1721 938 1775 attinet,
964 1720 1052 1765 dici
1076 1722 1330 1779 generatim
1358 1727 1522 1780 potest,
1548 1723 1803 1768 Concilium
1829 1739 1931 1782 pro-

151 1801 347 1847 vinciale
380 1815 542 1846 causas
575 1802 769 1847 maiores
804 1817 896 1847 non
933 1817 1060 1862 posse
1094 1804 1321 1862 attingere
1349 1823 1356 1862 ;
1407 1806 1553 1864 quoad
1589 1811 1743 1852 cetera
1791 1810 1843 1851 in
1885 1822 1935 1852 re

146 1884 350 1942 leyz'fera
382 1899 406 1929 a
442 1884 584 1930 nimia
618 1889 898 1930 statutorum
934 1887 1229 1932 multitudine
1261 1889 1492 1934 abstinere
1525 1890 1690 1935 debere
1714 1890 1746 1945 ⁴,
1787 1905 1935 1950 neque

146 1967 366 2012 adversus
398 1969 467 2012 ius
499 1981 763 2023 commune,
798 1974 879 2013 aut
919 1973 1230 2016 Romanorum
1268 1972 1540 2017 Pontificum
1582 1974 1766 2018 decreta
1798 1974 1927 2034 quid-

146 2064 283 2109 quam
318 2050 598 2096 constituere
631 2065 791 2110 posse3
828 2051 874 2096 in
908 2066 959 2096 re
990 2059 1146 2098 autem
1180 2055 1411 2110 iudiciali,
1450 2070 1597 2115 neque
1620 2071 1671 2101 ea
1695 2056 1778 2102 sibi
1802 2071 1932 2116 posse

143 2133 386 2190 subiicere,
421 2148 537 2193 quae
570 2135 625 2179 ad
661 2136 810 2180 sorum
846 2137 1239 2196 Archiepiscopale
1273 2139 1482 2197 superius
1516 2139 1606 2184 iam
1640 2140 1735 2184 sint
1757 2140 1926 2198 delata,

146 2230 294 2275 neque
327 2231 379 2260 ea
412 2218 467 2261 ad
509 2231 556 2261 se
598 2232 826 2274 avocare,
876 2233 993 2278 quae
1034 2233 1190 2265 coram
1227 2221 1575 2281 Archiepiscopo
1608 2228 1689 2267 aut
1721 2225 1930 2269 locorum

143 2298 398 2343 ordinariis
434 2304 541 2343 sunt
568 2299 659 2345 iam
687 2300 964 2357 introducta,
986 2302 1074 2346 nisi
1097 2308 1325 2362 quatenus
1348 2304 1390 2349 id
1414 2319 1438 2349 a
1464 2305 1560 2350 iure
1586 2308 1867 2363 permittitur
1897 2308 1927 2354 ⁵,

147 2382 271 2427 Unde
304 2383 527 2440 sequitur,
561 2385 616 2429 de
648 2385 797 2430 causis
832 2386 932 2431 fidei
968 2387 1167 2432 iudicare
1201 2403 1293 2433 non
1345 2404 1490 2448 posse,
1537 2391 1625 2436 nisi
1674 2394 1791 2438 forte
1823 2408 1932 2452 aga-

145 2470 250 2510 tur:
291 2467 328 2522 l)
364 2466 418 2511 de
453 2467 696 2513 manifesta
730 2469 924 2526 haeresi,
962 2469 1024 2515 ita
1060 2475 1108 2514 ut
1132 2471 1353 2518 iudicium
1376 2474 1436 2518 sit
1460 2476 1610 2532 potius
1632 2477 1687 2521 de
1712 2491 1925 2535 persona,

264 2633 271 2650 ¹
300 2633 386 2679 Cap.
413 2633 459 2669 25
484 2634 528 2670 de
554 2637 791 2679 accusation„
822 2638 945 2684 ibique
973 2639 1175 2677 FAGNANUS
1203 2651 1236 2677 n.
1265 2641 1298 2676 2.
1329 2643 1454 2679 Lectio
1482 2644 1712 2682 decretorum
1739 2647 1844 2686 Pauli
1873 2648 1923 2684 111

141 2707 178 2739 ct
202 2703 258 2739 Pii
284 2704 335 2741 IV
360 2705 404 2741 de
431 2706 650 2750 residentia;
679 2708 787 2745 Conc.
817 2709 976 2746 Trident.
1006 2711 1102 2748 Sess.
1123 2712 1238 2755 XXV,
1266 2713 1351 2759 Cap.
1372 2714 1404 2750 11
1431 2716 1472 2751 de
1498 2717 1673 2763 Reform„
1695 2722 1805 2764 utque
1824 2719 1926 2756 addit

145 2773 268 2811 Pri-rm
295 2776 363 2812 loc.
390 2777 463 2820 cit„
490 2787 524 2813 n.
552 2778 607 2821 79,
634 2779 794 2817 aliorum
821 2791 1006 2819 canonum
1032 2793 1076 2821 ac
1105 2785 1365 2830 principalium
1391 2786 1592 2825 Bullarum.

262 2847 275 2866 ²
302 2849 428 2886 PE'rnA
454 2850 523 2887 loc.
550 2852 622 2895 cit„
651 2861 684 2889 n.
714 2852 795 2889 116.

261 2919 274 2938 ²³
300 2920 429 2958 Pera».
454 2922 522 2959 loc.
548 2922 609 2959 cit.

260 2989 275 3010 ⁸
299 2992 427 3028 Parni
451 2993 499 3029 od
526 2993 673 3030 Constit.
700 2995 794 3031 unic.
821 2994 956 3033 Honor.
984 2997 1035 3040 II,
1062 3003 1150 3034 sect.
1180 2998 1210 3041 1,
1236 3008 1273 3035 n.
1299 2999 1356 3036 98.

258 3061 271 3080 ³
299 3062 502 3101 FAGNANUS
529 3065 567 3101 in
592 3074 672 3111 cap.
699 3064 746 3102 25
772 3066 817 3103 de
844 3068 1087 3112 accusation„
1115 3079 1150 3105 n.
1178 3069 1223 3106 54
1249 3080 1352 3117 seqq.
