2176 3386
240 196 295 236 16
917 207 1027 236 PARS
1058 208 1097 235 11.
1135 208 1191 236 DE
1221 207 1359 236 nanus

236 312 403 359 Carolo
439 312 738 371 Wipperman
770 313 826 359 de
860 314 1090 359 Rosthoch
1125 314 1169 359 in
1205 315 1373 360 ducatu
1408 315 1828 374 Meklemburgensi
1850 318 2023 376 praedi-

237 394 370 440 canti
403 399 449 439 et
479 396 639 440 lectori
672 396 929 455 theologiae
975 397 1244 442 lutheranae
1291 398 1580 457 quietisticae
1627 400 2026 464 superintendenti

243 480 292 521 et
323 476 497 522 doctori
541 478 759 536 primario
806 483 959 524 sectae
1003 480 1370 525 Lutheranorum
1419 481 1786 540 Quietistarum‚
1821 485 1863 528 S.
1903 484 2028 530 Fidei

239 559 499 605 catholicae
532 561 828 607 reconciliato
861 562 907 606 in
943 565 984 607 S.
1021 566 1072 607 Ο.
1112 567 1300 608 Parmae
1333 569 1379 608 et
1411 565 1532 610 circa
1567 565 1813 612 nonnullos
1851 581 2029 612 errores

243 642 451 689 detectos
491 645 536 689 in
571 645 669 690 eius
713 645 965 703 baptism03
1017 661 1075 691 an
1111 648 1192 706 ipsi
1225 648 1505 693 credendum
1553 649 1613 694 sit
1660 651 1781 696 circa
1820 665 1871 696 ea
1911 665 2028 711 quae

239 731 449 782 enarrat,
484 730 529 771 et
562 732 790 786 quatenus
822 729 1115 786 affirmative,
1151 735 1249 775 tum
1284 735 1336 775 ut
1370 731 1507 789 ipsius
1544 732 1705 789 saluti,
1741 738 1840 779 turn
1885 734 2026 780 etiam

246 815 298 854 ut
330 815 589 856 ceterorum
615 811 733 858 illius
765 818 916 859 sectae
949 828 1028 858 seu
1062 814 1286 873 regionis,
1325 816 1592 874 praesertim
1626 817 1662 862 si
1699 817 1870 882 fuerint
1901 818 2028 877 igno-

247 899 426 951 rantes,
463 896 597 940 saluti
632 896 802 953 pariter
834 899 1114 943 consulatur.
1159 898 1404 951 Quaeritur
1440 913 1498 943 an
1542 899 1692 944 dictus
1731 900 2026 959 Wipperman

239 978 304 1022 -sit
352 979 737 1037 rebaptizandus,
772 984 819 1025 et
851 984 1080 1040 quatenus
1125 981 1434 1037 affirmative,
1469 995 1527 1026 an
1566 984 1792 1038 confessio
1843 998 2026 1043 praepo-

248 1063 398 1107 nenda
446 1062 506 1108 sit
538 1063 611 1108 vel
648 1064 960 1122 postponenda
1011 1067 1239 1123 Baptismo
1288 1067 1568 1111 conferendo
1615 1067 1698 1111 sub
1745 1069 2026 1113 conditione.

242 1146 409 1190 SStitus
458 1146 625 1191 auditis
659 1147 779 1192 votis
826 1149 1041 1193 limorum
1089 1149 1234 1194 dixit:
1285 1149 1494 1195 Carolum
1543 1151 1882 1196 Ferdinandum
1931 1165 2029 1196 esse

248 1228 625 1287 rebaptizandum
653 1230 737 1275 sub
769 1231 1051 1287 conditione,
1077 1236 1123 1276 et
1145 1232 1310 1277 collato
1344 1232 1586 1291 baptismo,
1621 1233 1719 1278 eius
1756 1234 2029 1291 praeteritae

248 1310 372 1356 vitae
405 1317 591 1370 peccata
625 1314 902 1359 confiteatur
923 1321 966 1359 et
991 1316 1048 1360 ab
1080 1317 1134 1360 iis
1167 1316 1252 1360 sub
1284 1315 1547 1362 conditione
1580 1317 1846 1361 absolvatur
1871 1336 1890 1356 n
1920 1318 1949 1361 ¹.

372 1493 378 1510 ¹
408 1492 538 1530 Modus
564 1494 771 1540 excipiendi
800 1496 1070 1540 professionem
1089 1496 1173 1534 fidei
1200 1497 1402 1533 catholicae
1422 1507 1443 1533 a
1461 1498 1724 1535 neoconversis
1752 1497 1784 1533 is
1809 1502 1875 1534 est.
1904 1497 2030 1534 Sacer-

253 1562 319 1598 dos
359 1564 626 1610 superpelliceo
665 1569 699 1602 et
739 1566 834 1602 stola
869 1567 1025 1604 violacei
1065 1568 1201 1604 coloris
1229 1569 1400 1613 indutus,
1428 1569 1530 1605 sedet
1565 1569 1603 1604 in
1630 1579 1741 1606 cornu
1782 1569 1972 1615 epistolae,
1998 1570 2029 1605 si

248 1644 296 1670 ss.
325 1635 604 1672 Sacramentum
633 1643 843 1674 asservetur
870 1638 908 1673 in
934 1638 1185 1682 tabernaculo,
1213 1640 1270 1676 sin
1298 1641 1419 1676 minus
1446 1645 1527 1676 ante
1554 1640 1716 1677 medium
1744 1640 1880 1685 altaris,
1907 1644 1942 1676 et
1968 1649 2030 1676 co-

248 1716 325 1742 ram
354 1706 414 1743 illo
442 1707 658 1753 genuflectit
683 1718 978 1755 neoconversus,
1007 1711 1069 1757 qui
1108 1711 1273 1748 codicem
1312 1712 1493 1758 evangelii
1527 1713 1677 1749 dextera
1712 1723 1822 1749 manu
1850 1717 2028 1758 tangens,

246 1779 380 1815 emittit
406 1780 672 1825 professionem
701 1781 784 1818 fidei
811 1783 935 1826 (tumea
961 1783 1159 1828 formulam
1184 1785 1482 1829 praescriptam);
1511 1783 1565 1819 vel
1592 1784 1622 1820 si
1651 1784 1790 1820 nesciat
1808 1783 1940 1829 legere,
1968 1792 2025 1818 sa-

249 1849 378 1885 cerdos
404 1850 581 1896 praelegit
607 1852 725 1889 eidem
753 1853 943 1899 paullatim
971 1854 1249 1900 professionem,
1278 1858 1313 1890 ut
1342 1864 1542 1891 conversus
1567 1854 1735 1890 eamdem
1764 1853 1967 1899 intelligere
1994 1858 2030 1889 et

247 1929 333 1956 cum
360 1920 555 1958 Sacerdote
582 1923 763 1960 distinctis
789 1925 910 1962 verbis
950 1926 1187 1971 pronuntiare
1225 1927 1351 1971 possit.
1390 1928 1523 1963 Postea
1547 1935 1798 1962 neoconverso
1833 1925 2029 1971 genuflexo

247 1997 432 2035 manente,
460 1995 631 2030 sacerdos
659 1996 791 2032 sedens
818 1996 903 2033 dicit
934 1997 1114 2042 psalmum
1143 1999 1314 2034 Miserere
1341 1999 1418 2034 sive
1448 1999 1629 2043 psalmum
1655 1999 1706 2035 De
1724 1999 1917 2045 profundis
1943 2007 2025 2034 curn

251 2063 375 2100 Gloria
402 2066 515 2102 Patri.
544 2067 623 2110 Quo
652 2067 753 2104 finito
782 2068 959 2105 Sacerdos
987 2074 1087 2105 stans
1113 2070 1220 2106 dicit:
1259 2070 1371 2116 Kyrie
1397 2071 1541 2113 eleison,
1572 2071 1709 2107 Christe
1735 2071 1884 2112 eleison,
1911 2070 2027 2114 Kyrie

246 2135 390 2178 eleison,
419 2137 527 2173 Pater
552 2142 673 2175 noster
703 2144 853 2182 secretO,
882 2141 932 2176 Et
949 2152 992 2177 ne
1016 2152 1081 2178 nos
1107 2142 1254 2179 inducas
1281 2143 1318 2178 in
1345 2143 1581 2179 tentationem.
1618 2142 1657 2177 R.
1687 2142 1751 2178 Sed
1778 2142 1889 2177 libera
1914 2151 1979 2177 nos
2005 2152 2027 2176 a

249 2207 357 2242 malo.
394 2207 543 2245 Salvum
579 2208 634 2245 fac
661 2219 808 2247 servum
837 2215 940 2247 tuum
968 2211 1152 2257 (ancillam
1181 2212 1309 2258 tuam).
1339 2213 1379 2249 R.
1407 2214 1506 2249 Deus
1537 2222 1642 2249 meus
1667 2195 1876 2258 sperantem
1904 2212 1941 2247 in
1968 2212 2030 2247 Te.

249 2277 405 2313 Domine
431 2279 564 2315 exaudi
592 2279 794 2316 orationem
822 2291 952 2317 meam.
980 2283 1020 2318 R.
1047 2283 1092 2318 Et
1117 2283 1256 2318 clamor
1283 2292 1387 2319 meus
1413 2283 1458 2318 ad
1486 2287 1519 2318 te
1547 2282 1679 2319 veniat.
1707 2281 1884 2317 Dominus
1903 2280 2029 2316 vobis-

249 2359 334 2386 cum
362 2355 429 2387 etc.
458 2350 624 2388 Oremus.
658 2353 757 2389 Deus
783 2354 841 2390 cui
870 2355 1058 2399 proprium
1095 2359 1149 2390 est
1175 2355 1343 2391 misereri
1371 2364 1517 2400 semper
1543 2358 1578 2390 et
1604 2363 1764 2399 parcere,
1792 2353 1938 2398 suscipe
1967 2351 2029 2388 de—

251 2421 501 2466 precationem
530 2429 706 2469 nostram,
735 2429 772 2461 ut
798 2425 897 2462 hunc
923 2426 1101 2463 famulum
1130 2431 1230 2463 tuum
1259 2427 1371 2472 (lianc
1398 2426 1571 2462 famulam
1599 2425 1723 2472 tuam),
1749 2435 1858 2472 quem
1888 2424 2027 2472 (quam)

251 2494 644 2532 excommunicationis
670 2502 801 2533 catena
840 2498 1085 2543 constringit,
1113 2499 1301 2535 miseratio
1330 2503 1413 2535 tuae
1440 2498 1585 2544 pietatis
1623 2498 1823 2534 clementer
1849 2497 2028 2534 absolvat.

250 2565 320 2600 Per
347 2564 389 2600 D.
414 2565 458 2601 N.
486 2566 511 2602 I.
539 2566 575 2603 C.
604 2566 739 2603 Filium
767 2572 880 2611 tuum,
901 2569 962 2614 qui
990 2574 1111 2606 tecum
1131 2569 1221 2605 vivit
1248 2574 1283 2605 et
1310 2573 1440 2615 regnat
1467 2570 1504 2605 in
1530 2570 1668 2606 unitate
1695 2569 1756 2614 Sp.
1778 2569 1900 2606 Sancti
1929 2569 2026 2606 Deus

252 2646 317 2681 per
342 2642 409 2673 etc.
436 2638 577 2676 Deinde
603 2640 772 2676 sacerdos
807 2641 926 2684 sedet,
952 2646 987 2677 et
1013 2641 1057 2678 ad
1084 2642 1315 2687 profitentem
1356 2642 1593 2688 genuflexum
1631 2650 1832 2677 conversus
1870 2649 1955 2677 eum
1981 2640 2028 2676 ab

252 2708 399 2744 haeresi
426 2709 584 2747 absolvit
611 2711 756 2748 dicens:
793 2726 806 2743 ι
826 2712 1054 2749 Auctoritate
1080 2712 1309 2759 Apostolica,
1337 2723 1411 2759 qua
1436 2713 1569 2758 fungor
1595 2713 1633 2749 in
1652 2713 1720 2749 hac
1740 2717 1856 2758 parte,
1874 2711 2026 2749 absolvo

252 2782 286 2814 te
312 2788 334 2815 a
360 2779 506 2817 vinculo
534 2782 940 2827 excommunicationis,
966 2793 1076 2829 quam
1103 2783 1155 2830 (in
1182 2784 1294 2821 dubio
1334 2785 1438 2831 gravi
1475 2789 1536 2822 aut
1573 2784 1644 2821 levi
1680 2788 1801 2821 utrum
1833 2785 2027 2830 poenitens

252 2851 675 2888 excommunicationem
703 2853 894 2891 incurrerit
921 2855 1092 2892 sacerdos
1120 2856 1179 2892 hic
1207 2857 1345 2893 inserat
1370 2855 1594 2893 vocabulum
1611 2857 1759 2902 forsan)
1781 2855 1977 2899 incurristi,
1995 2859 2032 2891 et

252 2922 405 2958 restituo
431 2927 466 2959 te
493 2924 738 2961 sacrosanctis
776 2925 964 2962 Ecclesiae
1002 2926 1254 2970 sacramentis,
1282 2926 1535 2963 communioni
1561 2932 1597 2963 et
1623 2927 1754 2963 unitati
1789 2926 1964 2969 fidelium,
1993 2927 2031 2963 in

253 2991 404 3029 nomine
429 2994 548 3031 Patris
574 3000 610 3031 et
635 2994 718 3031 Filii
744 2999 812 3031 ete.
831 3009 863 3031 ».
903 2995 1070 3042 Denique
1107 2996 1292 3032 abiuranti
1332 2996 1494 3043 aliquam
1524 2998 1791 3043 poenitentiam
1829 2997 2028 3035 salutarem

250 3063 433 3111 iniungat,
459 3076 515 3102 ex.
543 3076 596 3112 gr.
623 3067 766 3113 aliquas
792 3076 931 3113 preces,
959 3067 1108 3104 visitare
1134 3067 1350 3110 Ecclesiam,
1377 3073 1440 3104 aut
1465 3067 1613 3105 similia.
