2176 3386
237 186 314 226 116
878 195 987 224 PARS
1017 196 1041 223 1.
1077 195 1133 223 DE
1163 193 1373 223 pensoms

233 303 360 349 Circa
393 303 599 348 eiusdem
632 303 801 348 saeculi
834 303 875 346 Αἰ
905 301 1198 346 medietatem
1238 300 1352 345 liber
1383 303 1578 345 octavus
1609 299 1790 344 additus
1821 305 1906 356 est,
1934 300 2012 360 qui

232 387 552 446 dispositiones
584 387 705 433 circa
738 387 1060 430 ordinationes
1093 397 1148 428 ac
1178 396 1342 428 sacras
1371 385 1698 440 Episcoporum
1732 381 2010 440 functiones,

175 486 179 489 ’
235 485 417 515 necnon
450 470 669 529 quasdam
704 469 895 527 reyulas
927 462 1265 524 disciplinares
1285 465 1619 523 suppeditabat.
1657 469 1777 510 Haec
1805 464 2013 511 collectio

233 554 530 599 denominata
579 558 677 597 est:
734 553 1082 596 Constitutiones
1132 549 1464 606 Apostolorum.
1518 551 1575 593 At
1616 548 1729 593 haec
1776 547 2011 604 collectio,

236 637 383 694 prouti
411 636 727 694 Apostolorum
761 634 957 688 dicatur,
993 633 1265 691 apocrypha
1298 636 1383 686 est,
1421 645 1569 690 neque
1603 633 1645 675 S.
1681 631 1886 676 Pontifici
1919 632 2013 676 Cle-

235 719 396 774 menti,
435 719 609 778 subquo
645 718 832 762 nomine
864 717 1109 776 aliquando
1150 720 1380 760 venerunt
1423 714 1778 760 constitutiones
1809 714 2013 759 tribuen-

233 803 315 847 dae
349 807 469 846 sunt.
511 805 563 846 Et
595 815 704 845 sane
738 804 782 856 a)
823 805 972 858 patres
1005 799 1146 843 trium
1188 800 1386 858 priorum
1430 799 1717 843 saeculorum
1761 811 1814 842 ac
1846 797 2012 842 utrius-

233 899 319 944 que
355 885 579 929 Ecclesiae
603 884 793 928 omnino
816 885 871 927 de
895 883 965 927 his
987 882 1148 938 silent;
1185 883 1225 938 b)
1252 882 1295 925 in
1325 881 1377 926 iis
1402 882 1529 940 plura
1559 886 1667 925 sunt
1687 881 1828 926 etiam
1852 885 2012 926 contra

234 968 387 1023 fidem,
422 967 710 1024 disciplinam
745 981 797 1011 ac
833 965 1069 1010 historiam
1103 964 1479 1010 ecclesiasticam.
1516 967 1728 1010 Ceterum
1754 964 1934 1008 etiamsi
1958 964 2014 1007 ab

233 1051 474 1095 haereticis
515 1049 708 1094 diversis
751 1049 1030 1107 temporibus
1065 1050 1148 1093 hae
1193 1048 1550 1093 constitutiones
1594 1051 1837 1106 corruptae
1876 1047 2013 1091 fuisse

234 1135 494 1188 videantur,
530 1147 780 1191 earumque
814 1138 976 1177 auctor
1007 1133 1062 1176 ad
1101 1132 1335 1177 saeculum
1374 1131 1562 1176 tertium
1599 1131 1919 1190 velquartum
1946 1144 2011 1174 re-

233 1218 447 1262 ferendus
479 1217 554 1272 sit,
591 1221 745 1261 tamen
781 1215 886 1275 quia
921 1217 1083 1260 saltem
1119 1215 1263 1274 prima
1288 1214 1535 1259 Orientalis
1568 1213 1786 1259 ecclesiae
1818 1213 2012 1272 discipli-

234 1292 318 1344 nae
353 1300 543 1357 vestigia
579 1299 708 1344 nobis
743 1300 979 1357 praebent,
1017 1298 1196 1355 plurimi
1234 1299 1470 1343 faciendae
1505 1301 1627 1342 sunt.

356 1385 451 1443 [5.ss-
490 1384 676 1428 Saeculo
710 1389 841 1428 sexto
884 1382 1293 1428 constitutionibis
1341 1381 1584 1440 praedictis
1625 1385 1764 1439 caput
1797 1381 2012 1425 ultimum

231 1467 435 1511 additum
470 1473 538 1511 est
573 1469 886 1524 Apostolorzwt
919 1481 1123 1511 canones·
1155 1466 1415 1511 continens.
1455 1469 1628 1509 Horum
1665 1477 1897 1508 canonum
1923 1463 2012 1507 iam

230 1552 392 1609 quinto
425 1551 605 1596 saeculo
638 1551 846 1595 collectio
880 1550 926 1594 in
960 1549 1148 1594 Oriente
1181 1549 1431 1594 exsistebat
1465 1562 1582 1607 quae
1608 1547 1792 1592 videtur
1812 1559 2014 1591 canones

231 1635 285 1679 50
318 1635 735 1692 comprehendisse,
770 1638 840 1678 ast
879 1633 1023 1678 serius
1066 1647 1268 1678 canones
1310 1632 1432 1676 aucti
1479 1636 1587 1676 sunt
1630 1631 1686 1675 ad
1729 1630 1929 1690 quinque
1968 1634 2013 1674 et

230 1717 462 1775 octoginta
497 1718 633 1775 (circa
670 1717 808 1761 linem
842 1716 1009 1761 saeculi
1044 1717 1229 1775 quinti).
1292 1716 1487 1761 Ecclesia
1532 1714 1779 1760 Orientalis
1818 1714 1899 1759 hos
1940 1727 2012 1758 ca-

231 1816 375 1846 nones
407 1816 587 1859 semper
622 1805 841 1845 xenerata
874 1805 961 1855 est,
1005 1813 1118 1860 quos
1159 1799 1299 1844 etiam
1349 1799 1433 1843 suh
1474 1797 1722 1844 Clementis
1766 1800 1894 1841 Pont.
1933 1810 2011 1841 no-

232 1885 354 1930 mine
390 1890 722 1929 usuvenerunt.
763 1886 930 1928 Verum
965 1882 1086 1927 circa
1120 1882 1445 1941 antiquitatem
1481 1895 1534 1925 ac
1570 1882 1734 1926 horum
1779 1893 2011 1924 canonum

230 1969 554 2014 auctoritatem
591 1968 744 2012 variae
778 1972 886 2011 sunt
918 1966 1193 2011 sententiae.
1241 1965 1323 2010 Alii
1357 1964 1480 2010 enim
1516 1967 1817 2022 praesumunt
1857 1963 1927 2007 vel
1956 1963 2013 2007 ab

234 2052 455 2111 Apostolis
488 2052 771 2109 conscriptos
806 2051 877 2095 vel
911 2049 1134 2095 Clementi
1181 2049 1238 2092 ab
1271 2048 1377 2106 ipsis
1421 2047 1635 2106 apostolis
1683 2046 1895 2102 tradit0s;
1937 2046 2012 2091 alii

231 2136 500 2194 praesertim
545 2138 851 2192 protestantes
893 2147 984 2177 non
1038 2133 1169 2177 modo
1210 2131 1496 2189 apocryphos
1529 2130 1715 2184 habent,
1761 2130 1837 2174 sed
1870 2129 2009 2174 etiam

230 2219 411 2264 saeculo
443 2218 604 2277 quinto
637 2232 662 2262 a
695 2217 892 2276 quodam
928 2215 1157 2261 haeretico
1190 2217 1426 2261 confectos
1448 2228 1501 2259 ac
1534 2213 1793 2273 suppositos
1821 2214 2010 2269 habent,

230 2302 350 2361 quod
384 2316 474 2345 non
509 2306 577 2345 est
609 2300 982 2356 admittendum3
1019 2299 1094 2343 alii
1128 2304 1289 2343 antem
1325 2298 1522 2343 mediam
1550 2297 1673 2343 viam
1709 2297 1932 2342 incedunt
1960 2310 2013 2341 ac

229 2386 390 2429 dicunt
421 2384 518 2428 illos
549 2397 751 2428 canones
785 2397 931 2442 neque
965 2383 1022 2426 ab
1047 2381 1269 2439 Apostolis
1298 2380 1580 2437 conscriptos
1619 2393 1767 2439 neque
1790 2378 2012 2424 Clementi

232 2468 437 2522 traditos,
462 2468 539 2512 sed
563 2482 586 2511 a
611 2466 816 2511 conciliis
851 2465 1200 2524 particularibus
1230 2464 1516 2509 saeculorum
1551 2466 1764 2517 statutos,
1800 2462 2013 2506 collectos

231 2551 351 2597 circa
387 2550 682 2595 medietatem
716 2549 885 2594 saeculi
930 2547 1053 2593 tertii
1089 2548 1241 2593 fuisse.
1285 2547 1513 2607 Quidquid
1546 2546 1627 2602 sit,
1662 2551 1788 2591 certe
1831 2545 2014 2590 videtur

230 2637 475 2682 dicendum
509 2635 628 2695 quod
664 2650 754 2681 non
791 2634 1053 2694 pertineant
1086 2635 1140 2679 ad
1169 2633 1397 2691 apostolos
1433 2634 1470 2688 l)
1498 2631 1603 2688 quia
1635 2630 1885 2690 primorum
1917 2643 2010 2674 sac-

230 2721 439 2764 culorum
478 2718 722 2777 scriptores
754 2717 1053 2763 ecclesiastici
1088 2717 1252 2772 silent,
1289 2718 1333 2774 2)
1357 2715 1463 2776 quia
1498 2716 1624 2773 plura
1640 2714 1866 2780 ‘dicuntur
1896 2725 2012 2771 quae

230 2817 336 2848 cum
361 2807 622 2860 temporum
649 2800 1003 2859 apostolicorum
1028 2799 1264 2857 disciplina
1292 2813 1384 2844 non
1409 2797 1699 2844 conveniunt
1733 2796 1799 2841 uti
1822 2795 2011 2840 nomina
2081 2780 2083 2782 ¹

230 2886 467 2942 cantoris,
508 2885 813 2940 Subdiaconi,
854 2884 1171 2943 parochiarum
1209 2883 1374 2928 divisio
1407 2886 1524 2938 etc.,
1569 2883 1610 2938 5)
1646 2881 1752 2941 quia
1785 2881 1872 2926 alia
1905 2885 2012 2926 sunt

230 2975 391 3016 contra
419 2969 553 3015 fidem
578 2968 852 3029 universalis
879 2966 1102 3012 Ecclesiae
1137 2965 1202 3009 uti
1226 2965 1408 3010 iteratio
1444 2964 1702 3009 necessaria
1725 2961 2012 3021 baptismatis

232 3053 601 3110 haereticorum;
637 3053 679 3109 4)
716 3050 823 3111 quia
856 3048 1168 3095 communiter
1199 3048 1255 3092 ad
1287 3048 1523 3093 saeculum
1560 3045 1787 3093 Ecclesiae
1819 3043 2010 3090 tertium
