2176 3386
819 191 951 221 mmm
978 191 1003 220 1.
1034 191 1092 219 DE
1121 190 1317 236 emmels
1885 178 1964 219 189

175 299 396 353 Quocirca
429 298 635 344 exerceri
667 297 802 343 debet
833 298 956 342 intra
987 297 1234 343 dioecesum
1269 297 1499 355 propriam
1532 301 1634 342 tum
1657 296 1836 342 ratione
1862 297 1961 356 Epi·

175 383 298 442 scopi
331 382 615 438 iusdicentis,
652 387 750 426 tum
784 381 962 426 ratione
995 380 1093 426 eius
1124 380 1172 425 in
1205 394 1343 440 quem
1387 359 1642 425 iurisdictio
1687 381 1782 439 ipsa
1830 395 1962 426 exer-

175 471 320 512 cetur.
357 467 553 525 Uterque
585 470 743 511 autem
776 465 911 510 debet
941 478 1040 510 esse
1074 466 1120 509 in
1153 464 1348 510 dioecesi
1383 464 1480 509 sive
1521 464 1721 521 realiter,
1748 464 1847 509 sive
1883 479 1964 523 per

177 549 410 594 fictionem
446 550 568 594 iuris.
611 549 704 593 Erit
736 551 894 593 autem
921 548 1166 606 Episcopus
1189 547 1310 592 intra
1333 548 1581 593 dioecesim
1614 562 1694 607 per
1727 547 1962 593 fictionem

174 631 302 687 iuris,
337 631 520 689 quando
553 629 802 688 impeditur
843 643 1059 675 exercere
1108 629 1475 675 iurisdictionem
1520 643 1652 675 suam
1690 630 1737 674 in
1782 629 1962 688 propria

175 715 389 771 dioecesi,
425 715 470 759 in
517 729 606 775 quo
639 728 746 760 casu
780 719 831 759 ut
862 729 915 759 ea
949 719 1107 760 ulatur
1155 714 1201 758 in
1255 715 1360 770 alia,
1398 720 1551 773 petere
1600 715 1735 759 debet
1771 727 1964 759 consen-

175 813 277 844 sum
324 798 553 844 Ordinarii
596 799 682 844 loci
716 800 771 844 ad
804 814 942 859 quern
984 798 1245 857 confugit&
1297 799 1472 844 Pariter
1514 799 1586 843 ille
1630 800 1675 843 in
1728 813 1863 858 quem
1898 798 1962 842 iu-

177 883 378 927 risdictio
410 889 656 927 exercetur
687 887 905 928 censetur
938 896 1154 941 praesens
1188 898 1266 941 per
1291 883 1527 928 fictionem
1551 882 1725 927 iurisin
1747 883 1960 938 dioecesi,

176 981 281 1013 cum
318 967 519 1011 indebita
552 966 866 1012 subtractione
900 966 1005 1011 inde
1038 966 1241 1022 recessit,
1276 981 1366 1026 quo
1401 968 1634 1024 pertinent
1666 981 1740 1011 ex.
1769 981 1831 1024 gr.
1867 966 1963 1010 vio·

176 1049 283 1094 latio
321 1050 429 1107 legis
461 1049 735 1093 residentiae
769 1050 917 1108 quoad
941 1063 1034 1105 eos,
1060 1050 1137 1109 qui
1162 1050 1332 1094 habent
1358 1049 1631 1094 beneficium
1653 1048 1961 1103 residentiale,

176 1134 248 1177 vel
282 1146 388 1176 cum
421 1132 524 1191 quis
558 1133 720 1190 ligatus
752 1146 946 1177 censura
982 1134 1053 1176 vel
1088 1136 1330 1190 praecepto
1364 1147 1387 1176 e
1410 1132 1605 1176 dioecesi
1632 1132 1816 1176 recedit.
1851 1135 1962 1177 Cen-

175 1221 300 1260 setur
331 1215 528 1273 denique
565 1228 778 1273 praesens
812 1230 891 1273 per
922 1215 1158 1260 fictionem
1194 1215 1304 1260 iuris
1336 1215 1414 1274 qui
1448 1230 1470 1259 a
1506 1215 1701 1260 dioecesi
1729 1230 1809 1273 per
1842 1217 1963 1260 frau-

175 1298 279 1343 dem
314 1299 486 1343 recedit
518 1300 572 1343 ad
607 1300 753 1356 legem
777 1299 976 1357 aquuam
1006 1298 1297 1342 eludendam.
1334 1302 1457 1342 Haec
1481 1302 1637 1342 tamen
1664 1299 1815 1355 regula
1840 1312 1963 1342 com-

176 1383 379 1427 muniter
411 1383 704 1440 restringitur
736 1382 790 1426 ad
824 1383 936 1426 duos
969 1395 1100 1426 casus
1134 1396 1157 1426 a
1193 1382 1289 1426 iure
1324 1395 1580 1440 expressos,
1618 1382 1659 1425 id
1694 1386 1764 1426 est
1786 1382 1841 1426 ad
1871 1382 1965 1426 elu-

175 1465 370 1510 dendam
404 1465 551 1522 legem
587 1464 887 1508 tridentinam
921 1464 1070 1523 quoad
1109 1465 1427 1509 solemnitates
1468 1465 1832 1510 matrimoniales
1866 1467 1880 1490 ²
1918 1470 1965 1511 et

176 1549 231 1594 ad
264 1550 549 1594 evadendam
588 1550 731 1607 legem
767 1548 1094 1593 reservationis
1128 1549 1320 1594 alicuius
1345 1549 1520 1607 peccati
1545 1550 1692 1608 quoad
1718 1550 1963 1595 confessio-

179 1647 283 1678 nem
318 1634 704 1679 sacramentalem
730 1632 758 1678 ³.

265 1717 305 1771 5)
333 1716 482 1760 'I'ertia
517 1715 668 1773 regula
704 1717 965 1760 communis
998 1719 1066 1760 est
1100 1719 1149 1759 ut
1197 1715 1457 1773 Episcopus,
1493 1716 1548 1760 ad
1598 1714 1961 1760 iurisdictionem

178 1798 327 1844 valide
360 1799 685 1855 exercendam,
722 1814 774 1843 ea
809 1799 1011 1858 potiatur
1042 1805 1147 1844 actu
1183 1813 1260 1843 seu
1291 1777 1404 1844 ‘vere
1439 1804 1484 1843 et
1516 1799 1561 1842 in
1597 1813 1661 1855 se,
1687 1813 1764 1844 seu
1799 1799 1963 1844 saltem

175 1882 304 1927 iuxta
340 1887 544 1927 mentem
577 1887 624 1926 et
658 1882 1006 1940 permissionem
1043 1882 1282 1927 Ecclesiae.
1324 1887 1418 1927 Hoc
1456 1883 1624 1927 accidit
1673 1887 1773 1927 tum
1817 1881 1863 1926 in
1910 1882 1964 1927 iis

173 1966 249 2026 qui
285 1967 469 2011 titulum
503 1967 675 2011 hahent
706 1968 960 2011 coloratum
996 1981 1086 2011 una
1121 1981 1225 2011 cum
1261 1981 1414 2012 errore
1448 1967 1704 2023 communi,
1731 1967 1773 2010 id
1805 1972 1874 2011 est
1896 1971 1962 2012 to-

173 2049 264 2095 tius
297 2050 464 2109 populi,
500 2050 802 2095 coniunctum
827 2051 858 2106 a,
895 2054 995 2094 tum
1030 2050 1074 2094 in
1111 2050 1164 2095 iis
1197 2051 1291 2109 qui,
1328 2050 1435 2094 licet
1457 2049 1853 2095 excommunicati
1883 2055 1963 2095 aut

174 2134 379 2191 suspensi
414 2133 523 2188 sint,
559 2133 826 2178 denunciati
865 2137 1019 2178 tamen
1054 2148 1147 2177 non
1183 2134 1371 2188 fuerint,
1409 2133 1616 2191 exceptis
1649 2132 1842 2178 notoriis
1874 2135 1962 2178 cle-

140 2263 145 2267 ,
175 2216 372 2262 ricorum
408 2216 749 2274 percussoribus
782 2221 828 2261 et
861 2217 1052 2262 notoriis
1095 2217 1351 2262 haereticis.
1400 2217 1528 2261 I'nde
1573 2216 1796 2276 sequitur,
1836 2216 1962 2262 Vica-

177 2298 265 2344 rios
296 2313 476 2358 quoque
514 2298 836 2358 Episcoporum
870 2300 947 2359 qui
983 2300 1375 2344 excommunicati
1412 2304 1492 2344 aut
1534 2300 1741 2358 suspensi
1785 2300 1961 2344 denun-

287 2478 303 2496 ⁴
333 2479 553 2516 ANTONELLI
591 2480 632 2515 de
669 2480 733 2515 loc.
767 2481 870 2526 ἱεραί.
898 2481 935 2516 L.
962 2481 994 2523 2,
1031 2480 1116 2526 Cap.
1147 2481 1200 2523 15,
1240 2490 1278 2515 n.
1315 2480 1396 2517 206.
1437 2480 1657 2516 Benedictus
1696 2481 1784 2517 XIV
1811 2481 1853 2517 (le
1879 2481 1961 2526 Syn.

176 2550 281 2587 dioec.
309 2550 347 2586 L.
376 2551 392 2585 1
422 2556 457 2587 et
482 2550 514 2586 5.

292 2621 304 2638 ²
331 2621 500 2657 Urbanus
533 2621 631 2664 VIII,
667 2622 792 2658 const.
822 2623 987 2669 Exponi,
1020 2623 1060 2658 14
1091 2624 1183 2669 Aug.
1220 2623 1334 2667 162&
1373 2623 1508 2659 Bened.
1537 2623 1635 2663 XIV,
1665 2622 1787 2658 Const.
1817 2622 1959 2664 Paucis,

178 2691 220 2727 19
248 2692 367 2728 Martii
397 2693 498 2729 1758.

215 2806 217 2808 ,
294 2762 306 2780 ³
332 2763 501 2800 Clemens
528 2764 573 2806 X,
593 2764 716 2800 Const.
735 2765 909 2810 Superna,
936 2764 983 2800 22
1009 2765 1095 2801 Maii
1125 2764 1227 2807 167Ο;
1257 2765 1290 2801 S.
1307 2765 1421 2810 cong.
1441 2765 1552 2801 Cone.
1574 2765 1617 2800 16
1636 2766 1733 2811 Sept.
1755 2765 1845 2801 1649
1864 2766 1958 2811 apud

179 2831 312 2869 Bened.
340 2833 425 2870 XIV
452 2835 494 2871 de
520 2835 600 2880 Syn.
627 2835 665 2871 L.
693 2835 737 2877 V,
764 2845 799 2871 n.
826 2835 860 2871 8.

293 2910 308 2929 ⁸
333 2911 476 2947 Titulus
503 2920 653 2948 causam
681 2912 878 2957 significat,
905 2921 947 2947 ae
981 2911 1158 2948 dividitur
1190 2913 1227 2947 in
1264 2922 1412 2954 verum,
1446 2913 1650 2948 coloratum
1680 2918 1716 2948 et
1741 2913 1959 2958 putativum.

177 2979 295 3017 Verus
321 2981 465 3025 dicitur,
492 2983 550 3019 cui
579 2983 671 3019 nihil
699 2983 801 3019 deest
826 2987 866 3019 ut
892 2983 949 3019 ius
976 2983 1019 3019 de
1047 2992 1121 3028 quo
1147 2983 1269 3028 agitur
1296 2983 1490 3020 transferre
1517 2983 1646 3029 possit.
1674 2983 1880 3024 coloratus,
1900 2983 1959 3019 cui

178 3052 300 3097 specle
326 3058 432 3090 tenus
459 3053 554 3090 nihil
580 3053 708 3090 deesse
735 3053 890 3097 videtur,
917 3054 980 3090 sed
1008 3063 1134 3090 revera
1166 3053 1311 3090 occulto
1352 3054 1442 3090 vitio
1483 3054 1627 3090 laborat
1664 3054 1830 3099 adeoque
1867 3053 1961 3089 nihil
