2176 3386
251 156 305 197 84
894 166 1004 196 PARS
1033 167 1059 198 1.
1087 167 1144 195 DE
1173 166 1386 195 Pssnsoms
1626 160 1632 166 ·
1849 180 1852 182 Δ
2163 0 2176 207 Ι

253 276 349 320 vim
382 276 492 333 legis
524 275 704 320 habeat.
743 274 1007 320 Notandum
1040 278 1110 319 est
1141 274 1422 318 contrariam
1457 273 1610 330 legem
1645 273 1925 318 anteriorem
1957 274 2033 319 ab·

251 373 435 416 rogare,
470 359 719 403 dummodo
753 358 814 402 ita
849 357 987 416 priori
1020 358 1251 402 contraria
1284 357 1360 412 sit,
1399 360 1450 400 ut
1482 371 1589 402 cum
1623 371 1676 401 ea
1711 359 1926 414 componi
1956 371 2033 402 ne-

245 450 398 501 queat.
435 441 568 498 Hinc,
606 441 754 499 prouti
791 440 1047 485 videbimus
1079 439 1133 484 de
1161 441 1314 496 legum
1352 435 1760 497 interpretatione,
1786 439 1860 484 lex
1889 444 2033 498 poste-

250 527 341 571 rior
372 525 596 583 generalis
628 525 815 581 abrogat
839 524 985 580 legem
1012 522 1293 566 anteriorem
1318 522 1588 578 generalem
1617 521 1914 576 contrariam,
1941 535 2033 566 non

254 613 410 653 autem
454 608 598 666 legem
640 606 922 650 anteriorem
961 604 1206 663 specialem
1242 603 1344 661 sive
1386 603 1713 661 particularem
1760 603 1846 648 nisi
1887 604 1943 648 de
1982 618 2034 648 ea

256 691 431 735 mentio
465 690 556 735 liat.
595 693 710 733 Nam
754 694 804 733 ut
845 688 1078 745 eleganter
1124 686 1189 731 ait
1245 686 1502 731 Bonifacius
1554 690 1648 732 VIll
1685 687 1696 710 ¹
1734 691 1784 732 R.
1824 687 2034 732 Pontifex

253 775 337 819 etsi
371 773 526 817 omnia
561 773 657 816 iura
691 785 770 816 seu
805 773 923 828 leges
956 771 1190 828 generales
1224 770 1271 814 in
1304 770 1476 814 scrinio
1515 771 1715 829 pectoris
1748 771 1817 815 sui
1850 784 2035 815 servare

253 857 473 902 dicendus
505 856 580 912 sit,
619 870 708 899 non
744 855 854 899 item
888 854 942 898 de
979 853 1149 911 legibus
1186 853 1553 911 particularibus,
1590 868 1703 913 quas
1748 873 1767 894 ιι
1793 868 1897 898 cum
1944 853 2037 898 sint

256 941 365 985 sacti
398 945 444 984 et
478 940 521 982 in
558 940 677 983 facto
710 938 966 982 consistant
993 955 1010 975 n
1048 941 1197 995 potest
1221 936 1514 994 probabiliter
1546 923 1774 995 ignorare.
1814 937 1939 995 Legis
1961 937 2035 981 ab-

257 1023 431 1081 rogatio
463 1037 580 1082 quae
612 1036 636 1065 a
672 1022 945 1079 Legislalore
979 1019 1075 1074 liat,
1111 1034 1293 1077 semper
1328 1019 1475 1064 valida
1505 1020 1758 1080 censenda,
1784 1020 1964 1064 etiamsi
1989 1021 2036 1064 il·

253 1107 375 1153 licita
410 1107 467 1151 sit
499 1106 689 1150 dicenda
723 1104 759 1149 si
793 1119 851 1148 ex
885 1104 1054 1148 iniusta
1088 1117 1225 1147 causa
1254 1105 1327 1147 lex
1350 1103 1613 1160 abrogatur.
1645 1103 1890 1160 Legislator
1911 1103 2035 1147 enim

254 1197 414 1236 contra
448 1192 619 1234 bonum
653 1188 884 1233 societatis
916 1191 1071 1243 ageret
1104 1200 1184 1244 pro
1217 1200 1305 1245 qna
1339 1200 1397 1230 ex
1432 1186 1682 1244 hypothesi
1717 1187 1790 1230 lex
1823 1200 1940 1245 qnae
1961 1186 2037 1230 ab·

256 1279 440 1332 rogatur
472 1274 620 1317 adbuc
656 1271 910 1315 necessaria
944 1274 990 1314 et
1024 1269 1145 1313 utilis
1178 1271 1296 1313 foret
1329 1268 1359 1313 ⁷³.
1399 1271 1613 1313 Irricatz'o
1648 1274 1803 1314 autem
1839 1269 1947 1326 legis
1970 1268 2036 1313 in-

256 1356 434 1401 ferioris
466 1354 733 1412 legislatoris
770 1352 1003 1409 abrogatio
1036 1356 1121 1396 est.
1169 1354 1417 1409 Supremus
1462 1351 1508 1395 in
1550 1350 1768 1395 societate
1811 1350 2038 1408 legislator

254 1439 483 1484 inferioris
503 1438 769 1495 legislatoris
786 1437 933 1494 legem
956 1436 1174 1493 abrogare
1212 1439 1390 1493 potest,
1427 1448 1531 1479 cum
1571 1434 1635 1478 uti
1678 1434 1868 1478 inferior
1908 1433 2034 1491 legis-

255 1525 372 1568 lator
414 1524 475 1567 ita
519 1522 617 1566 eius
659 1522 778 1577 leges
811 1535 835 1564 a
878 1533 1090 1578 suprema
1127 1519 1356 1576 pendeant
1400 1521 1644 1575 potestate.
1686 1517 1878 1562 Inferior
1910 1517 2037 1574 legis-

256 1607 372 1651 lator
420 1611 574 1650 tamen
624 1618 754 1648 suam
803 1605 948 1660 legem
995 1603 1214 1659 abrogare
1265 1601 1423 1658 nequit
1461 1600 1497 1644 si
1532 1614 1557 1644 a
1592 1599 1831 1658 Superiore
1879 1599 2038 1656 forma

252 1690 444 1748 speciali
475 1689 744 1733 confirmata
781 1686 933 1743 fuerit;
972 1690 1082 1729 tnnc
1116 1687 1239 1730 enim
1282 1684 1356 1729 lex
1391 1698 1483 1728 non
1524 1684 1580 1728 ab
1619 1683 1834 1728 inferiore
1868 1684 1945 1728 sed
1983 1684 2040 1728 ab

254 1773 349 1832 ipso
383 1772 620 1830 Superiore
656 1770 750 1815 vim
787 1771 937 1814 babet.
977 1773 1114 1813 Secns
1147 1768 1180 1811 si
1216 1767 1506 1812 confirmatio
1552 1767 1642 1811 lata
1692 1766 1750 1810 sil:
1794 1769 1846 1810 in
1879 1766 2038 1823 forma

254 1859 494 1901 communi
526 1868 690 1912 nempe
728 1854 783 1898 ad
828 1853 1050 1897 maiorem
1086 1851 1149 1895 rei
1184 1851 1495 1895 extrinsecam
1539 1849 1863 1893 auctoritatem
1888 1849 1918 1892 ³.
1958 1853 2038 1893 De-

254 1939 427 1997 rogatio
469 1943 538 1982 est
574 1957 592 1977 ιι
616 1937 840 1994 partialis
883 1937 996 1993 leyis
1043 1936 1285 1990 abroqatio
1313 1953 1331 1972 π
1381 1948 1546 1991 nempe
1588 1932 1699 1990 legis
1744 1937 1812 1976 est
1853 1932 2038 1990 abroga-

256 2021 320 2066 tio
352 2020 499 2080 quoad
534 2033 678 2064 unum
712 2024 791 2062 aut
823 2019 1020 2063 alterum
1054 2017 1300 2063 articulum
1330 2016 1429 2061 aliis
1455 2015 1750 2061 manentibus
1776 2015 1807 2059 ¹⁴.
1848 2018 2037 2073 [ῥέξῃς-η-

252 2107 368 2161 satio
401 2108 470 2148 est
502 2104 615 2160 leyz‘s
650 2103 879 2146 relaxatio
909 2102 1097 2158 publica
1131 2099 1809 2161 amccqssst'kfflsssssssffl„ffl„Basa
1827 2100 2040 2155 particu—

255 2189 365 2249 lgzrz',
402 2188 515 2244 legis
546 2189 704 2243 viyore
734 2191 952 2230 ιηαηθηιθ
978 2199 1033 2228 ex
1062 2190 1201 2242 parte
1235 2186 1486 2242 νηᾳιθχρᾳθ,
1533 2186 1649 2227 Nam
1683 2181 1719 2226 si
1753 2180 1944 2225 materia
1981 2180 2041 2225 sit

257 2270 341 2328 legi
375 2270 595 2314 subducta
630 2282 721 2313 non
755 2268 884 2312 adest
917 2267 1026 2325 legis
1058 2267 1348 2325 dispensatio.
1370 2266 1448 2311 sed
1469 2265 1805 2324 interpretatio.
1848 2268 2039 2322 Dispen-

255 2356 371 2399 satio
404 2358 474 2398 est
506 2353 657 2396 totalis
689 2355 769 2396 aut
798 2351 1021 2408 partialis
1054 2355 1188 2408 prout
1219 2349 1546 2407 obligationem
1583 2349 1702 2393 tollit
1732 2363 1794 2394 ex
1836 2352 1932 2393 toto
1967 2349 2039 2394 vel

257 2453 315 2483 ex
350 2442 501 2496 parte3
538 2440 607 2480 est
638 2447 854 2491 expressa
890 2435 959 2478 vel
996 2435 1139 2477 tacita
1174 2447 1289 2491 quae
1322 2446 1380 2476 ex
1417 2436 1573 2477 mente
1611 2430 1880 2489 legislatoris
1917 2430 2039 2475 colli-

378 2614 385 2632 ¹
417 2614 503 2659 Cap.
533 2613 549 2648 1
579 2612 623 2649 de
650 2611 795 2647 constit.
825 2611 862 2646 in
889 2611 950 2647 VI.

377 2685 389 2703 ²
416 2686 454 2722 L.
482 2685 497 2720 1
527 2684 560 2720 ff.
588 2684 631 2720 de
659 2683 805 2720 constit.
844 2676 1004 2739 Princip.
1043 2681 1332 2717 Salmalicenzes
1371 2681 1469 2726 apud
1497 2681 1666 2716 MAanT
1693 2689 1752 2725 op.
1778 2679 1838 2716 cit.
1865 2678 1886 2714 l.
1908 2679 1938 2721 1,
1966 2682 1988 2715 t.
2007 2679 2039 2716 2.

259 2758 354 2794 Trid.
382 2767 472 2795 sess,
498 2756 554 2798 24,
581 2765 611 2791 c.
637 2755 669 2795 5,
697 2755 740 2790 de
767 2753 910 2789 reform.
939 2757 1055 2794 matr„
1081 2762 1172 2788 sess.
1191 2751 1247 2795 22,
1275 2751 1379 2794 c.15‚
1409 2753 1454 2789 de
1486 2752 1644 2794 reform„
1674 2761 1764 2788 sess.
1791 2750 1848 2794 25,
1875 2760 1954 2796 cap.
1979 2749 2039 2792 28,

258 2830 302 2866 de
331 2829 515 2865 reformat.

377 2888 390 2907 ³
417 2888 539 2925 Consi.
566 2886 632 2933 Ap.
661 2886 755 2923 Sedis
790 2894 863 2931 qna
890 2893 1069 2920 censurae
1108 2883 1202 2918 latae
1242 2883 1449 2919 sententiae
1486 2882 1691 2919 limitantur
1716 2886 1771 2918 est
1797 2880 1907 2917 simul
1933 2880 2041 2916 abro-

258 2961 401 3007 gatoria
427 2964 460 2996 θῐ
487 2958 719 3004 derogatoria
745 2956 1012 2992 D'ANNNIBALE
1039 2964 1097 2999 op.
1125 2964 1154 2990 c.
1184 2962 1266 2998 pag.
1296 2952 1376 2994 166,
1403 2963 1435 2990 ν.
1466 2954 1496 2996 1,
1523 2962 1560 2990 n.
1590 2952 1644 2989 12.

377 3031 391 3051 ⁸
417 3032 453 3068 C.
483 3031 538 3074 15,
564 3035 578 3071 ς
607 3030 637 3073 1,
663 3029 707 3065 de
735 3032 844 3072 temp.
872 3027 949 3062 ord.
976 3025 1152 3063 Clement.
1179 3024 1213 3069 2,
1241 3033 1299 3069 pr.
1325 3024 1369 3060 de
1396 3024 1511 3061 Elect.
