2176 3386
194 190 272 230 372
835 198 946 229 PARS
975 199 1001 232 1.
1028 199 1086 228 DE
1114 197 1328 228 PERsoms

925 345 1157 376 An'rtcnms
1189 345 1251 375 ΙΙΙ.

617 430 678 472 De
711 429 754 471 S.
788 430 842 471 R.
871 429 922 470 E.
966 426 1296 471 Cardinalium
1324 430 1559 482 potestate.

317 528 419 572 474.
446 531 651 572 Potestas
671 525 982 572 cardinalium
1004 525 1172 583 duplex
1195 524 1414 583 distingui
1439 528 1602 582 potest,
1622 524 1711 569 alia
1734 523 1976 582 particula-

201 609 278 666 ris,
303 609 390 655 alia
413 609 687 655 communis.
710 609 1027 654 Particularis
1049 607 1248 665 pertinet
1270 607 1326 651 ad
1351 619 1535 662 munus,
1559 605 1680 666 quod
1707 605 1871 666 cuique
1902 606 1977 651 de-

199 694 345 738 latum
367 698 433 738 est
460 691 886 747 vice-Cancellarii,
913 690 1179 745 Camerarii,
1207 689 1568 746 poenitentiarii,
1590 689 1756 735 Vicarii
1781 693 1977 736 Genera-

201 776 271 833 lis,
292 791 317 822 a
340 777 528 821 secretis
550 777 783 831 Brevium,
810 774 1080 829 Prodatarii,
1104 788 1130 819 a
1153 773 1341 819 secretis
1378 773 1731 830 memorialium,
1756 772 1979 819 Praefecti

201 860 395 905 alicuius
428 861 469 904 S.
505 857 905 916 Congregationis,
943 856 1337 915 Archipresbyteri
1375 855 1568 901 alicuius
1600 870 1624 900 e
1656 855 1801 901 tribus
1838 855 1979 901 maio-

202 944 325 989 ribus
358 944 486 988 L‘rbis
523 942 735 998 Basilicis‚
777 941 942 986 Decani
978 941 1119 986 totius
1153 942 1193 985 S.
1231 939 1414 998 Collegii
1440 941 1470 984 ².
1508 941 1564 984 At
1596 940 1742 999 quoad
1766 939 1979 985 Cardina-

202 1029 291 1073 lem
318 1026 727 1073 poenitentiarium
761 1023 1041 1069 consulenda
1065 1024 1256 1079 omnino
1279 1027 1349 1067 est
1371 1026 1524 1068 Const.
1553 1023 1718 1068 Bened.
1745 1025 1842 1068 XIV
1864 1036 1980 1082 quae

203 1111 364 1170 incipit
398 1115 562 1155 Pastor
596 1112 754 1153 Bonus
790 1109 841 1152 15
876 1106 1013 1165 April.
1054 1107 1180 1151 1744.
1224 1106 1379 1159 Quoad
1426 1104 1660 1150 Datarium
1701 1110 1748 1150 et
1780 1107 1981 1151 Secreta-

203 1195 322 1240 rium
356 1195 588 1248 Brevium,
624 1195 776 1237 Const.
814 1191 1018 1235 eiusdem
1058 1191 1414 1243 Gravissimum,
1456 1190 1472 1233 1
1516 1192 1617 1234 Dec.
1658 1189 1784 1233 1745.
1825 1188 1982 1243 Quoad

202 1278 487 1324 Cardinalem
512 1275 764 1331 vicarium,
790 1274 918 1319 Card.
958 1277 1088 1318 Petra
1135 1274 1382 1317 Comment.
1419 1275 1470 1316 in
1509 1273 1653 1316 Const.
1691 1271 1979 1329 ApostolioaS,

202 1363 258 1407 ad
305 1365 458 1407 Const.
499 1361 581 1404 1am
632 1358 754 1403 Pauli
796 1361 847 1401 ll.
890 1358 1156 1401 Communis
1189 1361 1345 1400 autem
1382 1361 1582 1412 potestas
1623 1353 1788 1412 duplici
1835 1353 1981 1412 capite

203 1444 530 1504 comprehendi
564 1446 729 1502 potest,
755 1455 950 1500 quorum
984 1440 1180 1484 alterum
1215 1439 1268 1483 ad
1295 1441 1569 1496 potestatem
1604 1437 1819 1495 pertinet,
1843 1450 1982 1491 quam

204 1530 465 1576 Cardinales
497 1528 667 1572 liabent
701 1526 746 1570 in
782 1523 971 1582 propriis
1010 1523 1182 1576 titulis,
1220 1522 1414 1566 alterum
1449 1520 1505 1565 ad
1539 1519 1690 1575 illam,
1725 1533 1863 1579 quam
1905 1533 1982 1563 ex-

204 1617 364 1658 ercent
397 1610 653 1670 Apostolica
687 1609 798 1654 Sede
831 1611 1044 1652 vacante.

444 1732 461 1778 ξ,
489 1734 520 1768 1.
547 1752 594 1756 -
618 1732 677 1768 De
701 1730 737 1766 S.
764 1730 808 1766 R.
837 1729 881 1764 E.
910 1727 1190 1764 Cal-dinatium
1214 1727 1409 1772 potestate
1437 1725 1477 1761 in
1502 1725 1583 1761 suis
1610 1724 1747 1761 titulis.

324 1828 426 1872 475.
466 1826 527 1870 Ad
565 1827 840 1883 potestatem
873 1821 993 1881 quod
1016 1820 1199 1875 attinet,
1226 1833 1364 1878 quam
1402 1819 1570 1863 habent
1603 1817 1650 1862 in
1683 1818 1775 1862 suis
1807 1817 1982 1874 TituliS,

206 1914 268 1958 ita
301 1909 676 1968 distinguendum
710 1911 806 1952 est:

330 1997 367 2052 l)
403 1994 444 2038 Si
479 1993 638 2038 titulus
669 1992 948 2035 constitutus
981 1991 1049 2032 est
1083 1987 1130 2030 in
1155 1985 1346 2031 ecclesia
1380 1986 1675 2043 regularium,
1701 1998 1754 2029 ea
1788 1988 1986 2042 potestas

206 2082 468 2125 coarctatur
484 2094 492 2120 :

327 2165 372 2220 a)
410 2162 474 2206 Ad
511 2159 758 2205 Ecclesiam
793 2157 1078 2202 materialem
1112 2155 1143 2211 ‘23

326 2246 365 2302 b)
402 2244 465 2288 Ad
499 2242 627 2301 signa
662 2239 871 2295 honoris,
907 2239 1022 2283 idest
1054 2242 1105 2281 ut
1137 2236 1356 2281 incedant
1397 2248 1501 2280 cum
1553 2232 1806 2290 insignibus
1846 2232 1986 2276 hono-

208 2328 269 2373 ris
291 2328 378 2382 sui,
414 2330 464 2371 ut
486 2327 686 2370 habeant
704 2322 1027 2367 baldachinum
1051 2325 1276 2374 erectum,
1296 2323 1343 2362 et
1366 2317 1413 2362 in
1438 2317 1603 2362 throno
1635 2315 1823 2360 sedeant
1845 2314 1986 2359 etiam

208 2426 314 2459 cum
348 2410 519 2456 circulo
551 2413 598 2452 et
629 2406 924 2452 subordinata
957 2401 1223 2449 adsistentia
1257 2401 1568 2446 Praelatorum
1593 2400 1624 2442 ⁸.

326 2476 364 2551 el
402 2495 466 2538 Ad
499 2496 648 2538 certas
680 2487 1007 2534 iurisdictionis
1041 2484 1328 2531 voluntariae
1371 2487 1552 2542 partes,
1589 2483 1725 2537 idest,
1760 2486 1812 2526 ut
1842 2479 1987 2525 indul-

209 2578 412 2637 gentiam
451 2580 640 2621 centum
673 2573 851 2617 dierum
876 2571 1106 2630 publicare
1139 2583 1191 2613 ac
1225 2569 1479 2613 solemnem
1507 2564 1875 2610 Benedictionem
1909 2562 1989 2606 im-

210 2661 364 2720 pertiri
399 2659 573 2718 possint
594 2658 625 2702 ¹².

329 2790 338 2809 ¹
367 2790 579 2827 Corinthius
616 2787 760 2823 Notitia
794 2785 1078 2829 cardinalatus;
1110 2785 1384 2820 KLETTENBERG
1418 2781 1556 2819 Notitia
1591 2778 1917 2826 Gonyreqationum
1955 2778 1989 2812 et

215 2862 470 2900 Tribunalium
496 2860 628 2896 Curiae
653 2859 834 2896 Romanae
859 2857 1008 2903 aliique.

328 2933 340 2951 ²
367 2933 473 2970 Card.
502 2932 555 2968 Da
572 2932 675 2968 Luca
700 2930 752 2966 De
777 2929 967 2970 iurisdict,
995 2927 1167 2964 discursu
1193 2926 1237 2961 54
1266 2935 1329 2970 per
1355 2929 1483 2961 totum.

330 3004 342 3021 ⁸
368 3005 525 3041 Glnanm
550 3002 616 3040 Ius
640 3002 770 3048 Pontis.
796 3001 964 3042 univers„
995 3003 1085 3044 part.
1116 2997 1165 3041 1¹¹,
1192 3001 1281 3034 sect.
1315 2995 1392 3039 197,
1421 2999 1436 3036 Ξ
1459 2995 1632 3041 Respectu
1656 3000 1752 3028 vero,

329 3076 343 3097 ⁸
370 3077 527 3114 GmAnm
554 3075 577 3112 l.
602 3075 663 3111 cit.
