2176 3386
770 186 899 216 LIBER
927 187 952 215 1.
982 187 1040 215 DE
1069 186 1264 216 cmmcls
1830 178 1909 217 287

247 296 292 350 a)
327 293 581 339 Concilium
614 293 985 339 Chalcedonense
1018 293 1067 339 in
1100 308 1204 338 can.
1237 295 1292 339 27
1326 294 1569 352 mandavit
1591 299 1642 340 ut
1669 295 1914 355 Episcopus

125 375 210 421 sibi
242 376 431 433 eligeret
463 375 690 421 vicarium
714 375 791 435 qui
817 390 888 421 res
914 375 1141 422 Ecclesiae
1163 376 1440 434 temporales
1466 376 1828 435 administraret,
1854 394 1913 425 ne

127 472 199 504 res
230 459 505 517 temporales
536 459 594 504 ab
628 460 847 518 Episcopo
879 459 1229 504 administratae
1273 459 1422 517 ipsum
1458 459 1505 504 in
1539 461 1771 520 quandam
1814 476 1913 521 per·

127 541 259 588 fidiae
292 542 599 602 suspicionem
633 542 923 587 inducerent.
960 545 1087 588 Tunc
1119 542 1339 600 temporis
1371 541 1497 587 enim
1530 544 1649 588 bona
1685 544 1913 590 Ecclesiae

125 630 259 672 erant
290 626 556 672 communia
579 626 696 684 apud
734 625 1024 684 Episcopum.
1077 627 1133 669 At
1171 625 1245 670 hic
1279 625 1480 670 vicarius
1503 627 1631 671 nullo
1655 627 1791 672 modo
1823 627 1912 672 dici

127 714 276 770 potest
298 709 497 754 vicarius
519 709 743 768 generalis
776 711 907 754 iuxta
929 709 1049 768 quod
1084 709 1168 753 hoc
1194 709 1383 774 nomine
1417 709 1464 753 in
1488 709 1586 754 iure
1612 710 1909 769 intelligitur:

124 794 364 839 dicebatur
396 793 520 839 enim
556 793 705 852 potius
737 806 1033 837 oeconomus.
1786 787 1791 797 ¹

243 879 296 933 b).
320 879 563 935 Gregorius
598 881 790 934 Magnus
814 877 827 900 ¹
863 876 992 921 iussit
1024 882 1075 920 ut
1110 877 1376 921 Paschasius
1418 877 1663 936 Episcopus
1706 878 1912 936 Neapoli·

125 966 261 1006 tanus
292 961 375 1005 sibi
408 961 597 1018 eligeret
630 959 855 1005 vicarium
880 961 1155 1018 generalem.
1194 966 1289 1006 Hoc
1323 965 1482 1006 tamen
1507 966 1714 1007 nostram
1752 976 1912 1021 propo-

123 1046 339 1090 sitionem
377 1045 637 1089 confirmat.
691 1043 958 1088 Paschasius
1002 1046 1127 1089 enim
1168 1045 1234 1088 uti
1277 1045 1420 1104 liquet
1457 1060 1514 1090 cx
1547 1045 1689 1090 citato
1732 1060 1912 1091 canone

127 1129 256 1174 valde
305 1130 435 1173 deses
478 1133 577 1173 erat
609 1128 655 1172 in
690 1128 949 1172 exercendo
986 1142 1178 1172 munere
1220 1128 1488 1187 Episcopali.
1538 1132 1688 1182 Quare
1732 1144 1788 1174 ex
1827 1130 1912 1174 hoc

123 1214 364 1259 deducitur
396 1214 639 1271 Episcopos
671 1212 818 1256 teneri
843 1212 899 1256 ad
922 1212 1182 1269 eligendum
1209 1212 1442 1256 Vicari'um
1476 1212 1737 1271 generalem
1766 1213 1802 1258 si
1826 1213 1913 1257 hoc

124 1297 182 1341 sit
215 1297 524 1341 necessarium
567 1296 624 1339 ad
656 1295 916 1340 dioeceseos
958 1299 1131 1339 rectam
1178 1294 1577 1352 gubernationem.
1626 1300 1722 1341 Hoc
1753 1299 1912 1339 autem

126 1394 220 1425 non
249 1380 292 1424 vi
324 1380 566 1438 singularis
599 1378 827 1437 praecepti
862 1383 908 1422 et
940 1378 1247 1436 obligationis,
1283 1380 1361 1424 sed
1385 1379 1429 1424 vi
1454 1379 1744 1437 obligationis
1776 1395 1911 1438 gene-

125 1465 228 1509 ralis
249 1478 337 1523 qua
372 1467 557 1508 tenetur
583 1463 825 1520 Episcopus
850 1466 899 1505 ut
924 1467 1073 1506 rectae
1106 1462 1368 1508 dioeceseos
1402 1448 1791 1510 administrationi
1826 1464 1912 1509 uti-

123 1548 227 1592 liter
257 1549 467 1593 consulat
490 1549 520 1592 ².

243 1632 361 1684 Quin
410 1631 501 1675 imo
534 1632 570 1675 si
608 1631 850 1689 Episcopus
893 1645 985 1675 non
1020 1631 1223 1689 paruerit
1262 1633 1302 1676 S.
1341 1631 1716 1689 Congregationis
1761 1633 1908 1692 Episc.

123 1718 169 1757 et
204 1715 358 1772 Regul.
395 1714 813 1769 admonitionibus,
850 1714 1108 1758 destinatur
1148 1714 1205 1758 ab
1238 1716 1437 1773 Apostol.
1480 1716 1590 1760 Sede
1629 1716 1669 1760 ei
1709 1716 1912 1761 Vicarius

123 1797 199 1856 qui
238 1796 405 1841 dicitur
447 1797 649 1842 vicarius
691 1798 1004 1855 Apostolicus,
1040 1812 1176 1857 quem
1235 1798 1478 1857 Episcopus
1527 1814 1767 1845 removere
1816 1815 1910 1846 non

125 1884 289 1937 potest,
323 1880 492 1939 quique
525 1880 730 1938 procedit
762 1883 1038 1925 auctoritate
1071 1896 1095 1925 a
1131 1883 1172 1925 S.
1210 1882 1321 1926 Sede
1355 1881 1616 1928 commissa.

243 1964 343 2008 554.
383 1968 448 2008 Ex
482 1965 567 2009 hoc
600 1965 836 2009 descendit
870 1979 997 2023 posse
1035 1965 1277 2024 Episcopos
1311 1966 1394 2009 sibi
1429 1966 1712 2012 constituere
1762 1969 1913 2026 plures

125 2046 321 2093 vicarios
353 2048 603 2105 generaleS‚
639 2049 675 2093 si
709 2062 829 2092 unus
862 2062 953 2092 non
988 2048 1197 2093 sufficiat.

246 2134 412 2176 Verum
449 2132 599 2190 plures
632 2132 792 2176 vicarii
826 2132 1043 2177 constitui
1079 2137 1269 2190 possunt
1301 2146 1381 2191 per
1412 2146 1459 2177 se
1491 2134 1852 2193 quadrupliciter

245 2216 283 2270 1)
321 2218 387 2260 Ila
436 2220 486 2259 ut
533 2215 817 2260 territorium
866 2216 1100 2260 dividatur
1139 2216 1185 2260 in
1236 2221 1386 2274 partes
1428 2222 1474 2262 et
1511 2232 1591 2275 pro
1635 2231 1911 2277 unaquaque

126 2302 251 2356 parte
284 2298 593 2344 constituatur
616 2298 836 2344 Vicarius.
874 2300 1001 2354 Quod
1026 2304 1182 2344 tamen
1209 2301 1262 2344 ad
1290 2315 1384 2344 rem
1420 2306 1626 2345 nostram
1657 2315 1748 2346 non
1775 2301 1910 2359 perti-

126 2386 220 2426 net.
258 2383 334 2427 Isti
357 2383 481 2426 enim
507 2396 599 2427 non
623 2388 732 2428 sunt
755 2383 914 2427 vicarii
939 2384 1175 2441 generales
1198 2384 1276 2428 sed
1301 2383 1615 2441 particulares,
1642 2398 1748 2429 cum
1779 2384 1910 2429 iuris-

124 2465 373 2510 dictionem
397 2480 490 2510 non
514 2466 714 2510 habeant
747 2466 792 2510 in
819 2470 914 2512 tota
942 2467 1138 2512 dioecesi
1162 2467 1239 2512 sed
1265 2467 1309 2511 in
1336 2472 1478 2526 parte.
1516 2472 1666 2522 Quare
1691 2468 1764 2513 liic
1788 2468 1909 2512 vica-

125 2548 218 2593 rius
244 2548 529 2607 particularis
551 2564 644 2594 non
668 2555 820 2608 posset
845 2550 1108 2596 executioni
1130 2551 1349 2596 mandare
1372 2552 1548 2597 litteras
1577 2551 1850 2610 apostolicas
1873 2553 1906 2597 ³.

243 2633 380 2676 Secus
427 2636 582 2677 autem
631 2632 876 2678 dicendum
926 2635 961 2678 si
1018 2636 1263 2694 Episcopus
1310 2635 1422 2680 duas
1464 2635 1695 2680 dioeceses
1744 2635 1910 2680 habeat

125 2726 268 2772 aeque
302 2713 616 2773 principaliter
662 2714 838 2773 unitas;
882 2731 959 2774 pro
1002 2731 1279 2776 unaquaque
1327 2717 1453 2762 enim
1488 2721 1649 2776 potest
1691 2722 1803 2762 tunc
1844 2717 1910 2761 di-

244 2904 254 2924 ¹
284 2904 370 2942 Can.
397 2905 428 2948 1,
454 2906 537 2943 dist.
562 2906 608 2943 84.
635 2907 673 2942 in
700 2907 864 2944 Decreto.

243 2976 255 2995 ²
282 2977 370 3023 Cap.
399 2976 442 3013 14
469 2981 504 3013 et
531 2977 575 3014 15
601 2978 646 3015 de
671 2978 730 3015 off.
758 2979 831 3016 iud.
858 2979 976 3016 ordin.

243 3047 256 3067 ³
282 3048 343 3085 Uti
369 3044 513 3086 censuit
538 3050 573 3086 S.
599 3049 846 3096 Congregatio
872 3050 911 3087 in
937 3060 1010 3088 una
1035 3051 1186 3087 Nullius
1210 3051 1284 3088 diei
1309 3049 1354 3087 22
1381 3051 1467 3088 Dec.
1496 3051 1600 3088 1628.
