2176 3386
354 36 609 71 .·«ι-.,,“Ῐ.><

529 189 658 218 LIBER
686 188 711 217 1.
746 187 804 216 DE
833 186 972 216 REBUS
999 185 1237 216 ECCLESIAE
1265 185 1592 216 SPIRITUALIBUS
1873 174 1952 216 275

173 308 255 354 pus
285 299 440 340 autem
476 307 570 340 non
602 293 776 352 indiget
808 292 985 339 indulto
1020 292 1276 351 Apostolico
1311 306 1389 350 pro
1422 293 1714 338 concedenda
1764 293 1949 338 licentia

171 371 353 424 sacrum
379 377 620 437 peragendi
654 377 702 422 in
730 376 953 423 Oratoriis
985 389 1063 421 seu
1096 375 1319 434 cappellis
1350 374 1516 420 erectis
1546 374 1591 419 ih
1615 375 1825 421 domibus
1859 376 1950 434 pio-

171 476 272 507 rum
308 463 512 507 locorum
547 461 852 519 publicorum,
890 463 940 503 ut
971 463 1080 504 sunt
1111 457 1368 517 hospitalia,
1404 459 1818 517 orphanotrophia,
1854 473 1950 504 car·

170 558 311 601 ceres,
347 544 655 602 spiritualium
690 541 1020 588 exercitiorum
1054 541 1217 587 domus
1249 545 1296 586 et
1327 541 1493 586 similia
1520 542 1550 586 ¹.

292 629 419 672 1229.
456 625 791 672 Poenitentiam
842 629 888 669 et
922 623 1254 670 Eucharistiam
1288 625 1334 668 in
1370 625 1495 670 hisce
1538 626 1646 671 locis
1688 626 1949 671 ministrare

170 709 346 754 nemini
384 709 506 767 licet,
544 709 629 754 nisi
664 724 718 754 ex
756 708 978 767 peculiari
1011 708 1240 753 Ordinarii
1276 708 1475 754 licentia.
1515 711 1742 754 Parocbus
1775 710 1818 753 in
1843 723 1949 755 casu

168 809 258 853 quo
289 808 470 840 sacrum
506 793 730 838 viaticum
755 792 1018 838 difficillime
1040 792 1205 838 deferri
1230 792 1283 837 ad
1310 792 1561 850 periculose
1593 793 1948 839 decumbentem

172 879 340 935 videat,
367 878 452 923 nisi
478 877 678 922 celebret
701 878 746 921 in
770 876 980 922 Oratorio
1003 876 1270 934 domestico,
1298 874 1473 921 indulto
1497 876 1754 934 Apostolico
1777 882 1945 934 erecto,

169 961 323 1006 domui
356 960 527 1006 infirmi
561 960 797 1018 proximo,
837 963 982 1019 potest
1023 960 1080 1004 ab
1122 959 1196 1005 illo
1236 959 1446 1005 Oratorio
1488 962 1560 1004 SS.
1598 963 1947 1006 Sacramentum

168 1043 360 1099 deferre,
386 1047 432 1086 et
466 1042 512 1086 in
544 1041 623 1086 tali
660 1054 767 1087 casu
794 1042 963 1100 poterit
992 1041 1130 1086 etiam
1166 1041 1395 1087 celebrare
1428 1041 1674 1086 indultario
1701 1041 1890 1087 absente
1913 1043 1944 1087 ².

168 1129 233 1170 lta
267 1125 511 1170 dicendum
545 1125 599 1170 de
633 1125 877 1169 collatione
912 1124 1128 1183 Baptismi
1161 1138 1214 1169 ac
1249 1124 1567 1170 benedictione
1602 1125 1883 1183 nuptiarum.

291 1210 415 1253 1250.
461 1211 672 1253 Ceterum
708 1208 754 1252 in
787 1208 1010 1253 Oratoriis
1042 1208 1180 1252 etiam
1231 1208 1419 1266 publicis
1466 1208 1639 1253 servari
1684 1211 1755 1253 SS.
1793 1213 1946 1254 Sacra-

168 1298 376 1338 mentum
413 1307 504 1337 non
531 1296 682 1351 potest
706 1293 877 1351 absque
903 1291 1079 1336 indulto
1105 1292 1375 1350 Apostolico.
1414 1294 1644 1338 indultum
1679 1295 1945 1338 asservandi

169 1380 239 1422 SS.
278 1380 626 1422 Sacramentum
662 1376 708 1420 in
744 1375 967 1421 Oratoriis
1016 1375 1207 1433 privatis
1253 1376 1475 1421 Ordinum
1514 1376 1584 1420 vel
1627 1377 1944 1422 Institutorum

167 1459 480 1517 religiosorum
517 1473 608 1503 non
643 1458 931 1515 conceditur,
969 1458 1053 1502 nisi
1096 1460 1143 1503 12
1177 1459 1269 1502 sint
1309 1458 1354 1503 in
1388 1459 1523 1503 domo
1568 1474 1786 1518 personae
1820 1465 1865 1505 et
1898 1463 1944 1505 in

166 1544 276 1589 locis
310 1544 577 1589 missionum
603 1544 767 1588 saltem
794 1556 890 1587 sex.
928 1542 1054 1587 Circa
1079 1542 1411 1587 ecclesiasticas
1434 1542 1696 1587 functiones
1723 1544 1947 1589 l'arocbus

167 1628 337 1672 nullam
373 1628 509 1671 babet
542 1626 867 1671 auctoritatem
904 1625 951 1669 in
979 1625 1202 1670 Oratoriis
1236 1625 1442 1683 publicis,
1468 1631 1766 1671 reservantur
1788 1632 1945 1672 tamen

164 1708 311 1753 eidem
348 1708 603 1753 benedictio
650 1708 883 1764 mulieris,
920 1708 1179 1754 benedictio
1221 1708 1362 1753 fontis
1403 1708 1708 1767 baptismalis,
1745 1709 1944 1753 otlieium

164 1806 299 1852 super
340 1794 538 1837 cadaver
581 1793 809 1848 defuncti,
845 1792 920 1852 qui
960 1793 1018 1837 sit
1050 1792 1090 1837 ei
1124 1793 1377 1848 subiectus;
1426 1807 1510 1837 nec
1548 1797 1748 1837 rectores
1782 1794 1942 1837 borum

163 1878 477 1923 Oratoriorum
522 1877 837 1935 processiones
878 1891 1011 1935 agere
1055 1882 1245 1934 possunt
1277 1882 1407 1922 extra
1442 1877 1665 1921 ambitum
1706 1876 1955 1933 ecclesiae,

164 1966 210 2006 et
242 1961 277 2006 si
313 1961 458 2005 velint
490 1974 566 2005 eas
599 1974 732 2018 agere
766 1960 887 2004 intra
921 1960 1164 2015 ambitum,
1202 1960 1370 2005 debent
1404 1965 1558 2017 petere
1593 1959 1824 2004 licentiam
1869 1964 1943 2004 Pa-

164 2045 305 2100 rochi,
341 2059 365 2088 a
399 2058 488 2103 quo
521 2048 567 2088 et
603 2043 788 2088 licentia
825 2043 1056 2088 deferendi
1091 2043 1254 2088 stolam
1288 2043 1553 2101 accipienda
1589 2048 1671 2088 est.

287 2128 413 2172 1251.
451 2131 663 2185 Superest
698 2126 1040 2186 inquirendum,
1066 2142 1123 2171 an
1157 2126 1396 2171 audientes
1428 2140 1608 2171 sacrum
1644 2126 1689 2170 in
1723 2127 1943 2171 Oratoriis

163 2211 353 2269 privatis
385 2210 671 2255 satisfaciant
706 2210 930 2256 Ecclesiae
978 2215 1232 2269 praecepto.
1280 2213 1494 2264 Quaestio
1538 2211 1832 2256 examinatur
1870 2226 1941 2256 ac-

163 2298 320 2338 curate
353 2308 376 2338 a
413 2293 653 2338 Monacelli
678 2293 709 2348 ³,
763 2307 786 2337 a
821 2307 910 2352 quo
954 2294 1218 2338 referuntur
1250 2294 1506 2339 ordinariae
1544 2294 1791 2348 clausulae,
1826 2309 1941 2354 quae

163 2377 208 2421 in
244 2377 431 2422 indultis
463 2378 659 2422 Oratorii
695 2376 863 2435 privati
898 2377 1222 2423 adnectuntur.
1278 2384 1393 2423 [ami
1408 2392 1485 2422 ero
1527 2379 1675 2437 quoad
1710 2379 1789 2422 bas
1822 2380 1940 2423 suffi-

162 2460 254 2506 ciat
287 2466 484 2516 notasse‚
520 2462 638 2520 quod
674 2476 779 2507 cum
817 2461 860 2506 in
899 2462 1077 2508 indulto
1110 2462 1222 2507 baec
1256 2461 1349 2507 sint
1384 2462 1521 2506 verba
1561 2468 1577 2486 “
1606 2462 1650 2506 in
1676 2467 1770 2519 tua,
1795 2477 1849 2507 ac
1878 2464 1939 2506 fa-

163 2544 314 2589 miliae
347 2546 604 2603 praesentia
632 2563 650 2583 »
688 2545 891 2591 clausula
926 2545 1194 2604 intelligitur
1226 2547 1279 2590 de
1314 2546 1484 2590 familia
1518 2545 1740 2603 agnatitia
1764 2550 1810 2590 et
1833 2560 1938 2590 con-

161 2628 410 2685 sanguinea
446 2629 564 2673 illius
595 2628 668 2673 cui
705 2629 936 2673 indultum
971 2628 1255 2684 conceditur,
1290 2643 1407 2688 quae
1441 2630 1485 2672 in
1521 2630 1679 2673 eadem
1703 2628 1837 2673 domo
1871 2644 1937 2673 re-

163 2717 335 2770 manet,
370 2717 416 2757 et
448 2712 652 2758 eiusdem
687 2718 756 2757 est
788 2714 1127 2770 commensalis,
1156 2728 1246 2758 non
1275 2727 1383 2758 vero
1417 2714 1470 2757 de
1500 2712 1670 2757 servili.
1708 2713 1812 2758 Ideo
1845 2727 1936 2758 non

281 2917 288 2936 ¹
319 2917 353 2954 S.
379 2916 416 2953 C.
443 2916 554 2953 Conc.
582 2917 619 2953 in
646 2917 898 2954 Monasterien.
925 2918 947 2954 5
973 2927 1047 2963 apr.
1078 2916 1179 2954 1851.

278 2989 290 3008 ²
317 2989 352 3026 S.
380 2990 449 3026 Rit.
475 2989 512 3026 C.
542 2989 579 3024 in
612 2989 784 3026 Ver-ouen.
811 2988 856 3026 27
882 2999 966 3035 aug.
995 2988 1097 3025 1856.

279 3060 292 3080 ³
319 3061 439 3098 Form.
467 3066 569 3107 parte
595 3061 628 3106 2,
655 3061 757 3098 form.
787 3061 841 3103 12,
870 3061 921 3097 tit.
951 3061 1005 3105 12,
1032 3070 1066 3096 n.
1092 3059 1148 3097 52.
