2176 3386
240 155 325 195 442
887 166 997 196 PARS
1026 167 1050 195 1.
1090 167 1146 195 DE
1174 165 1387 195 PERSONJS

993 357 1172 401 CAPUT
1203 359 1278 400 ΠΙ.

813 464 873 500 DE
902 463 1113 501 EGRESSU
1140 465 1170 500 A
1198 462 1466 500 RELIGIONE.

364 569 509 614 Huius
541 569 701 628 capitis
734 570 926 615 materia
960 570 1029 614 his
1061 569 1265 615 articulis
1297 569 1562 615 continetur
1595 584 1759 629 nempe
1796 571 1833 626 1)
1870 570 1924 615 de
1956 570 2021 615 di-

243 653 482 708 missione,
519 654 560 708 2)
576 653 630 697 de
655 653 967 709 revocatione,
1002 654 1043 708 5)
1062 653 1116 698 de
1142 653 1336 698 transitu
1359 652 1415 697 ad
1437 652 1574 697 aliam
1597 652 1880 711 religionem,
1904 653 1947 708 4)
1967 652 2022 697 de

238 736 601 794 dispensatione,
640 736 680 791 5)
707 736 761 780 de
795 735 1080 794 expulsione,
1117 736 1158 791 6)
1184 736 1238 780 de
1271 735 1689 781 saecularizatione.

998 929 1227 958 ARTICULUS
1251 930 1276 959 1.

885 1023 956 1065 De
999 1022 1375 1064 Dimissione.

364 1140 465 1184 57⁹2.
505 1139 734 1197 Regularis
767 1154 824 1183 ex
858 1139 975 1184 iusta
1010 1152 1145 1183 causa
1170 1144 1215 1183 et
1239 1140 1383 1183 forma
1417 1140 1640 1184 canonica
1667 1143 1849 1183 servata
1884 1153 1908 1183 a
1942 1142 2021 1184 Su·

240 1222 419 1281 periore
442 1237 466 1266 e
493 1222 709 1280 religione
730 1222 981 1267 dimittitur
1004 1226 1054 1266 ut
1075 1223 1129 1267 ad
1153 1223 1387 1268 saeculum
1419 1223 1586 1268 redeat.
1627 1226 1794 1268 Verum
1817 1222 2020 1268 dimissio

243 1305 424 1364 proprie
472 1306 623 1350 locum
658 1305 796 1350 babet
840 1306 989 1364 quoad
1022 1305 1254 1363 religiosos
1291 1305 1366 1364 qui
1404 1305 1724 1350 tantummodo
1758 1309 1865 1350 vota
1913 1304 2019 1349 sim—

242 1388 377 1447 plicia
424 1389 695 1444 emiserunt,
731 1388 828 1433 sive
876 1393 1038 1446 agatur
1070 1389 1124 1434 de
1158 1389 1384 1433 Institutis
1431 1403 1536 1433 cum
1586 1389 1706 1433 votis
1739 1387 2019 1433 solemnibus

240 1471 341 1516 sive
374 1471 430 1516 de
463 1471 692 1516 Institulis
724 1485 829 1516 cum
866 1471 984 1515 votis
1016 1471 1312 1528 simplicibus.
1354 1474 1518 1516 Verum
1557 1470 1725 1526 Religio
1765 1470 2018 1528 regularem

235 1554 476 1598 dimittere
511 1554 635 1599 valet
667 1554 991 1599 tantummodo
1024 1555 1081 1598 ob
1113 1555 1295 1613 culpam
1329 1568 1535 1612 gravem,
1571 1558 1830 1608 externam,
1866 1558 1912 1598 et
1941 1566 2019 1612 pu·

241 1636 407 1682 blicam
442 1651 494 1681 ac
528 1638 715 1695 probata
765 1636 958 1695 religiosi
1009 1636 1399 1694 incorrigibilitate
1446 1637 1501 1681 de
1545 1650 1634 1696 qua
1682 1636 1869 1682 iuridice
1912 1650 2018 1681 con-

235 1722 362 1763 stare
410 1719 595 1764 debet².
632 1723 714 1764 Per
744 1718 1058 1764 dimissionem
1105 1720 1393 1778 abrumpitur
1441 1714 1679 1764 vinculum
1727 1723 1940 1764 votorum
1973 1723 2019 1763 et

238 1805 549 1863 professionis.
589 1809 778 1863 Insuper
813 1824 832 1844 ιι
858 1804 1032 1849 alumni
1069 1808 1283 1848 votorum
1315 1803 1590 1848 solemnium
1626 1804 1698 1847 vel
1720 1803 2014 1862 simplicium,

238 1892 567 1946 perpetuorum
606 1887 676 1931 vel
723 1886 1045 1944 temporalium
1080 1885 1125 1929 in
1175 1884 1316 1930 sacris
1364 1885 1598 1930 ordinibus
1645 1885 1901 1942 constituti,
1941 1885 2018 1945 qui

239 1968 418 2027 expulsi
465 1970 537 2013 vel
570 1968 744 2013 dimissi
793 1969 962 2012 fuerint
1014 1972 1232 2027 perpetuo
1280 1967 1486 2026 suspensi
1536 1972 1756 2013 maneant
1803 1969 1949 2014 donec
1991 1983 2016 2013 a

238 2057 283 2099 S.
322 2054 433 2099 Sede
474 2053 562 2098 alio
606 2054 739 2098 inodo
781 2052 846 2097 eis
887 2051 1177 2108 consulatur,
1213 2066 1266 2097 ac
1299 2056 1533 2110 praeterea
1571 2052 1838 2111 Episcopum
1882 2053 2018 2098 bene·

240 2137 398 2182 volum
443 2140 726 2195 receptorem
773 2136 1040 2181 invenerint
1080 2140 1127 2180 et
1170 2136 1224 2180 de
1261 2135 1570 2181 ecclesiastico
1617 2135 1892 2195 patrimonio
1933 2136 2016 2180 sibi

237 2219 528 2278 providerint
554 2238 572 2258 n
595 2219 625 2263 ².

982 2375 1213 2405 ARTICULUS
1230 2377 1275 2405 11.

864 2460 937 2503 De
979 2460 1392 2503 Revoeacione.

361 2555 460 2599 575.
498 2553 748 2599 Revocatio
774 2553 1007 2611 Regularis
1028 2554 1178 2598 locum
1213 2554 1351 2598 habet
1373 2567 1479 2598 cum
1503 2552 1694 2599 clericus
1715 2553 1792 2612 qui
1826 2552 1882 2597 ad
1914 2552 2014 2597 reli-

234 2638 426 2696 gionem
468 2637 762 2694 convolavit,
796 2637 974 2683 emissis
1008 2637 1079 2682 vel
1113 2651 1203 2682 non
1239 2637 1383 2693 votis,
1422 2637 1479 2682 ab
1518 2637 1733 2696 Episcopo
1771 2640 2016 2682 revocatur

237 2724 346 2783 quia
367 2723 464 2768 eius
497 2722 721 2767 discessus
758 2720 982 2765 Ecclesiae
1005 2733 1145 2778 grave
1167 2719 1324 2764 intulit
1356 2720 1593 2765 damnum.
1629 2722 1742 2765 Cum
1774 2719 1899 2764 enim
1926 2719 2015 2764 cle-

238 2805 363 2851 ricus
394 2803 670 2850 beneficium
689 2804 763 2848 vel
795 2803 995 2849 officium
1029 2802 1075 2847 in
1109 2815 1190 2847 sua
1222 2801 1418 2847 dioecesi
1450 2806 1661 2860 occupat,
1686 2802 1784 2846 sine
1810 2800 2012 2860 Episcopi

359 2966 366 2984 ¹
396 2965 465 3002 Cfr.
492 2965 680 3003 decretum
705 2965 741 3003 S.
768 2965 804 3002 C.
832 2965 902 3002 EE.
929 2970 965 3001 et
990 2965 1063 3001 RR.
1090 2964 1215 3000 Auctis
1241 2964 1438 3001 admodum
1461 2964 1483 3000 4
1509 2973 1594 3001 nov.
1622 2963 1725 3001 1892.

359 3035 372 3055 ²
397 3036 500 3073 conf.
526 3036 713 3073 decretum
738 3037 865 3072 Auctis
886 3035 1082 3074 admodum
1110 3035 1144 3072 S.
1170 3035 1208 3071 C.
1235 3035 1306 3072 EE.
1333 3040 1370 3072 et
1396 3035 1481 3078 RR„
1506 3038 1522 3076 ἓ
1548 3034 1581 3071 4.
