2176 3386
245 188 321 228 148
883 198 992 227 PARS
1022 198 1047 227 1.
1077 198 1134 227 DE
1162 197 1374 227 PEnsoms

244 305 423 364 proprio
460 319 562 350 eam
611 307 826 351 Summus
874 305 1085 350 Pontifex
1131 304 1282 350 saciat.
1327 305 1457 359 Quod
1500 304 1684 364 quidem
1732 319 1931 352 examen
1973 307 2024 352 fit

244 392 288 444 a)
325 388 515 446 Cognita
548 401 703 444 causa,
737 403 854 448 quae
887 389 1144 446 generatim
1177 392 1247 432 est
1283 387 1509 432 Ecclesiae
1543 387 1717 433 utilitas
1753 390 1828 434 vel
1871 402 2025 435 neces·

245 473 370 526 sitas,
406 472 645 530 speciatim
677 476 833 517 autem
867 485 964 516 esse
999 475 1147 530 potest
1178 471 1320 515 etiam
1355 469 1570 515 nobilitas
1602 475 1741 530 atque
1776 472 2028 531 antiquitas

249 555 473 601 Ecclesiae
506 556 560 600 de
592 570 681 615 qua
705 555 871 614 agitur,
896 555 1095 612 dignitas
1118 553 1241 598 urbis
1270 554 1315 598 in
1340 553 1499 599 ordine
1534 553 1679 610 civili,
1713 554 1879 613 quippe
1911 569 2028 614 quae

246 639 304 684 sit
336 640 465 684 sedes
502 640 569 684 tel
605 638 805 697 supremi
826 638 1049 696 Principis
1069 638 1142 682 vel
1166 637 1428 682 Praesidum
1467 636 1602 695 primi
1638 637 1827 693 ordinis,
1863 638 2027 682 merita

247 722 477 777 eiusdem,
513 721 672 780 petitio
711 726 847 780 atque
881 720 1103 764 instantia
1149 719 1351 779 supremi
1388 718 1634 777 Principis,
1669 720 1919 764 destructio
1953 733 2028 764 ve-

248 805 358 850 teris
391 806 655 864 metropolis
687 810 771 850 etc.
806 806 845 861 b)
876 805 1050 850 Auditis
1084 805 1303 849 interesse
1327 803 1618 860 habentibus,
1645 804 1901 849 cuiusmodi
1923 809 2031 848 sunt

252 889 557 947 Metropolita,
592 904 616 933 a
651 889 780 934 cuius
814 888 1126 933 iurisdictione
1161 902 1280 932 nova
1316 887 1581 945 metropolis
1612 888 1918 933 subtrahenda
1944 892 2028 943 est,

250 978 295 1017 et
332 972 552 1030 Episcopi,
587 973 661 1031 qui
697 972 845 1016 eidem
881 970 1150 1016 subiiciendi
1173 974 1281 1015 sunt
1306 972 1335 1013 ¹.
1373 971 1414 1026 5)
1446 969 1662 1026 Addictis,
1687 972 1849 1016 saltem
1883 985 1941 1015 ex
1964 985 2032 1015 re·

250 1057 351 1115 gula
386 1055 614 1100 ordinaria
652 1053 913 1112 (aliquando
946 1053 1070 1097 enim
1104 1053 1389 1098 contrarium
1427 1055 1603 1098 factum
1626 1056 1730 1112 est),
1756 1069 1905 1099 novae
1940 1069 2032 1100 me·

251 1138 413 1197 tropoli
440 1137 672 1182 nonnullis
709 1136 952 1193 Episcopis‚
987 1135 1064 1194 qui
1099 1135 1302 1179 eiusdem
1337 1135 1615 1192 suffraganei
1649 1135 1755 1180 sint.

374 1223 486 1289 Q„
515 1226 572 1265 De
599 1219 913 1264 iurisdictione
942 1218 1276 1277 Archiepiscopi
1314 1219 1539 1276 generalis
1574 1220 1724 1277 regula
1750 1219 1889 1264 statui
1922 1220 2035 1264 haec

254 1309 417 1363 potest,
445 1317 609 1361 nempe
643 1317 747 1347 eum
782 1315 878 1346 esse
910 1301 1203 1347 ordinarium
1238 1315 1426 1346 suorum
1462 1302 1869 1360 Suffraganeorum
1903 1302 1948 1347 in
1983 1303 2037 1348 iis

254 1392 436 1433 tantum
460 1401 576 1446 quae
610 1401 633 1430 a
668 1386 766 1430 iure
798 1386 837 1430 ei
872 1390 980 1430 sunt
1014 1384 1249 1442 permissa,
1276 1386 1449 1429 nullam
1474 1389 1630 1429 autem
1666 1386 1832 1430 babere
1858 1385 2037 1431 iurisdi-

254 1471 454 1515 ctionem
481 1469 525 1512 iu
562 1468 671 1512 locis
692 1482 808 1526 quac
833 1467 952 1510 intra
976 1481 1133 1511 eorum
1169 1465 1413 1511 dioecesim
1442 1471 1565 1522 sunt,
1594 1468 1666 1512 vel
1692 1468 1736 1511 in
1769 1468 2036 1513 eorumdem

255 1553 483 1607 subditos,
520 1551 604 1596 nisi
647 1551 692 1594 in
727 1564 835 1595 casu
880 1549 1204 1594 iurisdictionis
1236 1549 1510 1605 devolutae,
1549 1551 1622 1595 vel
1656 1565 1761 1595 cum
1801 1551 1951 1608 agitur
1983 1552 2037 1596 de

258 1651 321 1692 re,
357 1649 473 1694 quae
506 1635 561 1679 ad
598 1639 739 1679 totam
776 1631 1062 1691 provinciam
1098 1631 1341 1690 pertineat.

380 1723 444 1762 Ex
479 1718 746 1776 praestituta
782 1729 942 1761 norma
976 1715 1197 1774 sequitur,
1224 1716 1279 1759 ad
1313 1730 1420 1760 eum
1458 1715 1687 1774 pertinere
1723 1715 2040 1774 Suffraganeos

258 1816 418 1861 cogere
451 1802 506 1846 ad
530 1814 609 1846 sua
636 1813 827 1843 munera
853 1798 936 1842 rite
960 1799 1168 1843 obeuuda
1194 1799 1207 1821 '²
1242 1803 1287 1843 et
1310 1803 1608 1844 contumaces
1636 1799 1776 1844 etiam
1802 1799 2007 1844 censuris
2025 1800 2038 1822 ³

258 1900 469 1931 coercere
503 1882 669 1941 duplici
703 1882 786 1927 sub
818 1881 1098 1937 conditione,
1136 1881 1356 1927 nimirum
1392 1883 1435 1938 a)
1474 1887 1525 1925 ut
1559 1887 1769 1927 servetur
1800 1882 1926 1938 ordo,
1962 1896 2039 1927 seu

260 1975 310 2014 ut
343 1969 542 2027 primum
587 1966 856 2017 interdicto,
892 1964 1055 2009 deiude
1089 1964 1394 2022 suspensioni,
1430 1965 1628 2024 denique
1667 1965 2039 2010 excommunica·

260 2052 374 2098 tioni
409 2051 727 2104 suluiciantur,
765 2049 850 2093 nisi
886 2047 1206 2093 contumaciae
1239 2053 1319 2092 aut
1351 2048 1510 2106 culpae
1547 2048 1750 2106 gravitas
1787 2049 1910 2093 aliud
1942 2062 2041 2094 sua-

261 2136 382 2189 deat,
419 2138 465 2177 et
496 2135 535 2190 b)
573 2138 622 2177 ut
653 2133 920 2177 consulatur
941 2132 1011 2176 sin
1048 2131 1199 2176 minus
1233 2146 1290 2176 ex
1326 2131 1436 2176 iuris
1471 2132 1762 2187 necessitate,
1791 2133 1952 2177 saltem
1985 2146 2043 2176 ex

261 2215 578 2274 congruentia,
618 2215 870 2272 Apostolica
905 2214 1039 2258 Sedes
1063 2214 1093 2258 ³.
1132 2214 1344 2273 Sequitur
1379 2214 1584 2272 insuper,
1611 2214 1842 2271 pertinere
1876 2214 1931 2258 ad
1967 2217 2044 2259 Ar-

263 2299 602 2357 chiepiscopum
636 2298 844 2355 supplere
878 2296 1202 2354 negligentiam
1237 2297 1657 2355 Sull'raganeorum,
1692 2296 1754 2341 ita
1788 2301 1963 2353 tamen,
1994 2302 2046 2342 ut

264 2382 389 2440 prius
420 2381 686 2438 adsignetur
718 2380 1011 2438 Suffraganeo
1045 2380 1272 2424 terminus
1300 2380 1355 2424 ad
1381 2393 1550 2424 munus
1572 2393 1706 2424 suum
1742 2380 2042 2438 implendum,

266 2464 352 2509 nisi
397 2466 512 2509 forte
545 2467 602 2509 ab
634 2464 729 2522 ipso
763 2464 859 2508 iure
892 2463 1156 2521 adsignatus
1188 2465 1247 2508 sit
1269 2464 1298 2507 ⁵.
1351 2464 1564 2523 Sequitur
1611 2468 1843 2522 praeterea
1877 2463 1933 2508 ad
1966 2466 2045 2508 Ar-

387 2630 396 2649 ¹
425 2631 552 2666 PETRA
580 2630 602 2666 l.
629 2641 659 2667 c.

386 2701 398 2719 ¹
425 2701 511 2747 Cap.
542 2701 596 2744 11,
625 2702 676 2736 tit.
710 2701 764 2744 10,
791 2701 853 2738 lib.
883 2702 913 2738 1.

387 2772 400 2792 ³
427 2772 514 2819 Cap.
540 2771 596 2815 29,
618 2773 669 2808 tit.
696 2772 728 2817 5,
756 2772 816 2809 lib.
844 2772 876 2808 5.
904 2773 989 2819 Cap.
1016 2773 1048 2815 2,
1077 2774 1128 2809 tit.
1156 2773 1254 2818 XIV,
1282 2774 1343 2810 lib.
1374 2774 1390 2809 1
1420 2774 1458 2809 in
1484 2772 1532 2810 6⁰.

386 2843 400 2863 '⁶
426 2846 552 2881 Pss‘rnA
578 2845 615 2880 in
641 2843 794 2880 const-‘2
814 2844 948 2880 Leonis
968 2844 1019 2880 IX
1045 2854 1066 2880 a
1092 2854 1192 2881 num.
1218 2845 1264 2881 60
1282 2845 1327 2881 ad
1345 2844 1401 2887 91,
1423 2844 1486 2881 ubi
1512 2846 1623 2881 etiam
1651 2848 1775 2880 monet
1793 2843 1922 2881 eadem
1941 2852 2050 2888 posse

268 2916 458 2953 Vica1·ium
485 2915 702 2952 Generalem
731 2916 1021 2962 Archiepiscopi‚
1049 2917 1200 2952 absente
1229 2922 1352 2953 tamen
1379 2916 1680 2962 Archiepiscopo.

389 2987 401 3006 ¹⁵
428 2987 478 3023 cf.
504 2987 676 3024 BAnBosA
701 2988 743 3024 de
769 2988 861 3034 Offic.
890 2991 922 3023 et
947 2991 1071 3033 potest.
1097 2988 1261 3035 Episcop.
1289 2989 1339 3024 tit.
1366 2988 1405 3031 4,
1433 2997 1469 3024 n.
1497 2987 1539 3024 19
1555 3016 1564 3032 ,
1590 2988 1652 3034 qui
1691 2987 1737 3024 ab
1764 2996 1808 3023 ea
1833 2986 2051 3023 necessitate

272 3058 493 3104 adsignandi
519 3059 716 3095 terminum
742 3068 818 3095 non
844 3058 937 3095 bene
964 3059 1120 3096 fortasse
1147 3059 1282 3105 excipit
1311 3060 1467 3097 crimina
1493 3059 1650 3100 notiora,
1677 3068 1760 3095 cum
1779 3057 1965 3095 eiusmodi
1989 3066 2051 3093 ex-

273 3131 396 3177 ceptio
422 3132 460 3167 in
485 3135 569 3168 actu
596 3135 735 3167 tantum
764 3131 986 3167 visitationis
1014 3131 1226 3177 provinciae
1254 3131 1388 3167 habere
1418 3131 1540 3168 locum
1569 3130 1745 3167 videatur.
