2176 3386
1843 42 1846 43 ⁷
1920 46 1923 53 r
2010 45 2016 53 *
2119 50 2122 57 l

243 202 292 242 14
912 217 1020 247 PARS
1051 219 1090 247 11.
1122 216 1182 247 'DE
1213 219 1351 247 REBUS

239 323 320 365 aut
352 321 529 365 nullum
564 325 645 367 aut
678 321 864 368 nulliter
896 323 1112 369 collatum
1146 322 1302 379 fuisse,
1339 323 1599 382 baptizandi
1632 329 1769 370 erunt
1791 326 2019 384 absolute;

238 402 273 447 si
309 407 464 448 autem
501 419 581 463 pro
613 409 874 464 temporum
909 410 955 450 et
987 406 1192 450 locorum
1227 406 1404 451 ratione
1428 406 1783 465 investigatione
1817 414 2021 467 peracta,

238 487 351 532 nihil
383 488 481 533 sive
517 503 597 548 pro
631 489 867 534 validitate
900 488 998 534 sive
1032 504 1112 548 pro
1144 490 1434 536 invaliditate
1466 491 1722 549 detegatur,
1759 496 1840 538 aut
1871 494 2023 539 adhuc

241 571 473 629 probabile
514 571 702 617 dubium
736 572 791 617 de
824 572 1038 630 baptismi
1073 573 1309 619 validitate
1343 574 1564 632 supersit,
1604 579 1714 621 tunc
1750 576 1835 621 sub
1867 577 2022 623 condi-

237 653 364 699 tione
395 662 565 700 secreco
597 655 903 714 baptizentur.
943 661 1136 702 Demum
1171 657 1207 703 si
1241 658 1501 703 constiterit
1532 659 1734 704 validum
1770 661 1925 716 fuisse,
1954 676 2021 706 re-

240 737 436 796 cipiendi
472 744 610 783 erunt
641 740 963 785 tantummodo
986 740 1042 785 ad
1065 740 1402 786 abiurationem
1435 755 1513 786 seu
1543 743 1873 802 professionem
1895 743 2019 789 fidei.

239 822 395 874 Quoad
429 822 765 868 abiurationem
796 837 903 868 vero
936 824 1150 868 standum
1183 830 1252 869 est
1286 824 1436 870 Albitii
1470 826 1669 883 regulae,
1694 826 1869 872 scilicet
1901 827 2019 886 quod

239 905 274 949 si
307 911 468 964 agatur
500 907 554 951 de
587 907 952 952 adolescentibus
986 907 1062 967 qui
1096 922 1273 953 annum
1311 910 1363 953 14
1396 909 1650 967 attigerint,
1677 910 1769 954 sola
1802 911 2023 969 professio

238 987 340 1032 fidei
375 989 627 1034 catholicae
660 990 717 1035 ab
751 989 803 1034 iis
835 990 1059 1049 exigenda
1084 996 1151 1036 est
1173 996 1422 1051 antequam
1457 992 1764 1037 admittantur
1795 994 1850 1038 ad
1872 1007 2019 1039 sacra-

245 1076 426 1130 menta;
463 1072 497 1117 si
525 1087 634 1118 vero
667 1078 828 1132 agatur
859 1075 914 1119 de
939 1074 991 1118 iis
1022 1074 1098 1133 qui
1127 1076 1179 1119 14
1202 1074 1366 1120 aetatis
1397 1089 1572 1120 annum
1607 1075 1907 1132 excesserint,
1931 1078 2021 1121 for-

238 1154 370 1199 malis
402 1161 554 1201 sectae
577 1156 802 1201 abiuratio
835 1158 908 1202 cui
942 1157 1252 1215 pertinuerint
1285 1163 1353 1202 est
1385 1157 1608 1216 exigenda
1635 1178 1673 1203 n.

357 1239 456 1283 655.
496 1241 632 1283 Porro
667 1253 724 1283 ex
758 1239 908 1284 allatis
940 1239 1231 1285 documentis
1264 1240 1432 1300 liquet:
1479 1242 1516 1298 l)
1555 1245 1604 1285 In
1638 1242 1851 1300 baptismi
1885 1241 2020 1287 itera—

238 1322 363 1366 tione
396 1322 544 1380 quoad
579 1322 833 1368 haereticos
866 1336 1132 1378 conversos,
1159 1338 1251 1368 non
1276 1324 1330 1368 de
1354 1324 1567 1369 omnibus
1601 1324 1779 1369 casibus
1813 1323 2019 1369 indiscri-

241 1404 454 1449 minatim
491 1405 609 1450 idem
646 1406 885 1451 ferendum
910 1420 1008 1451 esse
1031 1406 1247 1451 iudicium
1284 1421 1363 1466 per
1395 1407 1623 1464 generalia
1647 1407 1870 1467 quaedam
1895 1407 2019 1467 prin--

238 1487 372 1546 cipia,
409 1488 485 1532 sed
519 1488 761 1546 diligenter
794 1488 1120 1548 inquirendum
1154 1503 1251 1534 esse
1284 1490 1331 1534 in
1365 1490 1555 1548 singulis
1587 1490 1791 1545 casibus,
1834 1504 1892 1535 an
1927 1504 2020 1535 ser·

239 1575 346 1614 tata
379 1570 436 1615 sit
471 1571 517 1615 in
552 1571 778 1630 baptismo
827 1572 977 1617 debita
1028 1573 1172 1617 forma
1206 1587 1260 1617 ac
1294 1572 1510 1617 materia:
1561 1577 1607 1617 et
1655 1572 1878 1631 siquidem
1920 1576 2023 1630 post

239 1659 547 1710 opportunum
572 1669 769 1700 examen
793 1656 960 1715 aliquid
987 1656 1297 1701 necessarium
1321 1656 1518 1702 defuisse
1540 1660 1736 1711 constet,
1763 1656 2022 1714 Baptismus

236 1736 441 1781 absolute
476 1737 736 1795 iterabitur3
782 1738 818 1783 si
851 1739 1040 1783 dubium
1084 1740 1310 1797 supersit,
1349 1739 1419 1783 vel
1452 1738 1747 1796 investigatio
1787 1738 1883 1783 fieri
1924 1753 2016 1783 non

237 1820 377 1877 possit
397 1821 408 1842 ¹
445 1820 687 1866 iterabitur
719 1821 802 1865 sub
834 1822 1114 1866 conditIOne.
1152 1823 1194 1878 2)
1222 1821 1505 1867 considerari
1539 1822 1706 1866 debent
1729 1821 2017 1867 diversarum

236 1908 467 1948 sectarum
501 1905 734 1949 adiuncta.
788 1905 1014 1950 Videntur
1046 1920 1143 1951 esse
1178 1906 1382 1951 infideles
1425 1906 1520 1951 nati
1562 1907 1626 1951 in·
1649 1907 1784 1952 sectis
1818 1907 2016 1953 Socinia-

238 2001 404 2032 norum
438 2001 516 2032 seu
553 1988 883 2044 Unitariorum,
921 1989 1320 2045 Methodistarum,
1357 1990 1693 2045 Quakerorum,
1720 1989 2016 2035 Swedenbor-

237 2153 373 2190 deratis
401 2154 575 2197 statibus,
604 2154 666 2191 uhi
696 2155 789 2191 inter
815 2155 1042 2192 acatholicos
1068 2155 1217 2201 plurimi
1244 2160 1330 2192 sunt
1356 2155 1481 2201 quide
1501 2156 1683 2202 baptismo
1712 2156 1913 2192 infantibus
1940 2157 2019 2193 suis

239 2224 464 2260 conferendo
502 2225 594 2260 nihil
621 2230 682 2261 aut
709 2235 839 2270 parum
867 2231 1016 2269 curant,
1046 2227 1176 2272 potiori
1204 2227 1295 2263 forte
1323 2227 1401 2263 iure
1429 2227 1549 2263 locum
1590 2227 1725 2263 habere
1752 2227 1879 2270 debet,
1905 2236 2016 2273 quam

236 2295 274 2331 in
300 2295 425 2333 mullis
466 2296 549 2333 aliis
576 2297 791 2343 regionibus
797 2326 862 2334 ......
900 2298 1013 2334 Porro
1041 2298 1127 2343 Sup.
1156 2298 1261 2334 Univ.
1289 2299 1430 2345 Inquis.
1460 2298 1566 2334 Feria
1591 2298 1641 2334 IV
1671 2299 1686 2334 1
1715 2308 1800 2344 aug.
1828 2297 1929 2340 1885,
1960 2308 2015 2335 re-

237 2367 407 2413 spondit:
448 2367 505 2403 Ad
545 2368 596 2403 1111
628 2367 877 2415 Affirmatt've,
913 2373 1060 2415 peracta
1098 2376 1220 2406 tamen
1257 2369 1541 2415 investigatione
1581 2370 1618 2405 in
1656 2369 1813 2415 singulis
1856 2369 2017 2406 casibus.

236 2439 293 2475 Ad
318 2438 371 2474 2m
398 2448 531 2486 nempe
559 2443 679 2476 utrum
707 2440 794 2476 dum
822 2440 998 2486 baptismi
1025 2440 1174 2477 collatio
1200 2442 1413 2487 ignoratur,
1442 2441 1665 2487 principium
1704 2441 2015 2487 praesumptionis

235 2511 273 2547 in
300 2510 428 2547 ordine
455 2511 501 2547 ad
528 2510 689 2547 valorem
716 2511 941 2548 matrimonii
968 2512 1147 2548 contracti
1174 2512 1240 2548 rite
1267 2512 1475 2558 applicetur
1501 2513 1537 2549 in
1568 2512 1732 2549 articulis
1763 2511 2017 2558 sequentibus,

237 2582 319 2618 Emi
346 2582 472 2619 Patres
498 2583 785 2629 responderunt:
825 2582 1049 2630 Affirmative
1075 2584 1196 2629 quoad
1225 2584 1286 2627 1¹¹¹,
1305 2583 1358 2619 2¹¹2
1384 2590 1420 2620 et
1445 2584 1498 2620 5¹¹¹
1524 2583 1720 2621 articulum
1745 2588 1781 2621 et
1798 2583 1919 2630 quoad
1947 2583 2019 2629 pri-

237 2663 334 2690 mam
361 2658 501 2700 partem
528 2654 562 2700 4,
588 2659 623 2691 et
650 2655 806 2702 primam
834 2659 975 2701 partem
994 2655 1016 2692 5
1034 2655 1186 2698 numeri,
1206 2660 1242 2692 at
1261 2656 1299 2691 in
1319 2656 1388 2692 hoc
1414 2660 1600 2702 postremo
1627 2654 1782 2692 articulo
1801 2658 1885 2700 post
1901 2654 2014 2691 verba

237 2744 256 2750 -
285 2725 455 2762 habuerit
480 2730 602 2771 partes
630 2745 648 2751 -
677 2726 830 2762 addatur
854 2746 877 2751 —
903 2735 1022 2772 neque
1049 2725 1141 2762 alter
1167 2726 1304 2762 coniux
1343 2731 1594 2772 cognoscatur
1629 2726 1783 2772 positive
1810 2725 2014 2762 contrarius

237 2795 425 2832 collationi
455 2796 640 2842 baptismi,
656 2797 948 2843 praesumendus
975 2802 1030 2833 est
1057 2796 1273 2842 baptismus.
1300 2797 1343 2832 In
1361 2796 1514 2843 reliquis
1540 2796 1690 2834 casibus
1709 2797 1771 2842 qui
1792 2796 2018 2833 adnotantur

236 2866 273 2902 in
300 2867 464 2903 secunda
489 2871 590 2913 parte
616 2868 760 2904 numeri
786 2867 819 2912 5,
838 2867 1101 2904 recurrendum
1126 2872 1182 2904 est
1207 2867 1253 2904 ad
1281 2868 1315 2904 S.
1335 2867 1467 2904 Sedem
1485 2868 1664 2913 expositis
1692 2867 1865 2904 omnibus
1891 2876 2012 2904 rerum

236 2937 402 2974 locorum
429 2942 464 2975 et
489 2948 732 2985 personarum
759 2938 943 2975 adiunctis
969 2938 1125 2984 aliisque
1151 2938 1197 2975 ad
1227 2948 1304 2975 rem
1331 2938 1562 2976 facientibus.
1589 2938 1647 2975 Ad
1672 2939 1725 2974 6¹¹¹
1751 2938 1945 2975 Provisum
1977 2937 2016 2975 in

233 3009 554 3054 praecedent-ibus.

355 3081 363 3100 ¹
394 3081 427 3118 S.
455 3081 496 3118 O.
522 3081 544 3117 4
572 3081 660 3119 febr.
689 3080 781 3118 1885
807 3081 853 3118 ad
879 3080 986 3118 Visit.
1015 3081 1227 3128 Coptorum.
