2176 3386
568 215 696 244 maun
725 216 748 244 1.
786 216 841 244 DE
873 214 1010 244 REBUS
1039 213 1275 244 ECCLESIAE
1304 213 1631 243 smmTUALfflus
1915 204 1991 244 173

204 324 390 382 gionem
424 323 708 381 ingrediatur
738 326 785 367 et
817 322 1086 381 profiteatur
1127 327 1175 366 et
1215 335 1334 381 quae
1376 334 1520 366 senex
1562 326 1632 386 est
1673 325 1846 366 voveat
1878 335 1986 366 con·

206 405 469 451 tinentiam.
988 400 991 402 ’

325 490 426 535 972.
466 494 567 535 Non
599 492 806 536 sufficere
839 495 996 536 autem
1029 489 1149 549 quod
1194 488 1360 533 mulier
1401 488 1800 533 conservatorium
1836 488 1986 547 ingre-

203 573 372 629 diatur,
408 586 487 619 seu
521 574 927 632 congregationem
964 573 1208 618 mulierum
1241 585 1294 617 ac
1329 571 1580 629 virginum,
1626 570 1880 628 profitendo
1920 584 1989 615 so-

206 658 301 702 lum
335 657 559 702 castitatis
595 663 754 703 votum
788 658 934 703 donec
970 656 1163 702 maritus
1196 658 1328 701 vivat
1356 658 1386 700 ¹.

742 847 760 894 ,ξ
787 849 842 884 14.
869 869 912 873 -
940 848 998 884 De
1025 848 1311 895 impedimento
1337 848 1428 884 voti.

324 989 424 1032 975.
467 991 632 1033 Votum
665 989 891 1033 castitatis
923 989 1160 1043 solemne,
1210 989 1330 1047 quod
1372 988 1418 1032 in
1464 990 1743 1047 professione
1780 989 1988 1048 religiosa

203 1070 450 1125 emittitur,
487 1075 556 1114 est
588 1070 974 1127 impedimentum
1008 1071 1229 1115 dirimens
1252 1071 1308 1115 ad
1331 1071 1682 1116 matrimonium
1707 1073 1989 1117 contraben-

204 1154 331 1209 dum,
368 1159 414 1198 et
446 1153 652 1198 dis÷olvit
688 1154 1039 1199 matrimonium
1076 1159 1227 1199 ratum
1261 1160 1307 1198 et
1342 1168 1433 1199 non
1468 1160 1845 1200 consummatum
1870 1157 1902 1201 ².

325 1237 425 1280 974.
466 1236 702 1294 Excipitur
735 1241 895 1281 votum
931 1237 1180 1289 castitatiS,
1226 1237 1346 1296 quod
1379 1239 1600 1282 emittunt
1638 1238 1845 1296 Religiosi
1882 1242 1982 1284 Soc.

205 1322 303 1363 Iesu
340 1324 438 1376 post
473 1319 709 1363 biennium
744 1318 1015 1374 noxitiatus,
1051 1320 1170 1378 quod
1204 1319 1312 1364 licet
1344 1321 1538 1378 simplex
1572 1321 1653 1376 sit,
1695 1325 1902 1366 attamen
1939 1321 1984 1365 in

202 1402 362 1446 ordine
395 1402 449 1446 ad
484 1402 832 1447 invalidandum
868 1403 1216 1448 matrimonium
1251 1405 1620 1449 contrabendum
1654 1405 1864 1450 eamdem
1892 1405 1988 1450 vim

207 1486 343 1530 habet
374 1500 427 1531 ac
461 1490 620 1530 votum
655 1486 876 1542 solemne,
914 1487 1046 1545 i‹lque
1080 1502 1135 1531 ex
1173 1487 1388 1545 peculiari
1425 1488 1522 1533 iure
1556 1502 1634 1533 seu
1662 1489 1899 1548 privilegio
1924 1490 1986 1535 ei-

203 1570 306 1614 dem
343 1568 555 1614 Socielati
592 1566 808 1614 concesso
842 1584 866 1613 a
901 1573 1032 1627 Greg.
1072 1574 1169 1615 Xlll
1193 1570 1224 1614 ³.
1261 1575 1355 1615 Hoc
1388 1576 1545 1616 autem
1580 1575 1741 1617 votum
1778 1587 1868 1618 non
1900 1573 1988 1617 dis-

203 1651 341 1697 solvit
376 1652 724 1697 matrimonium
761 1657 927 1698 ratum.

322 1736 421 1780 975.
462 1739 535 1780 Est
567 1735 708 1780 etiam
743 1735 844 1780 fidei
878 1738 1040 1794 dogma
1076 1737 1404 1796 professionem
1439 1739 1694 1784 solemnem
1728 1740 1986 1798 religiosam

202 1817 450 1863 dissolvere
486 1819 833 1863 matrimonium
870 1823 1021 1863 ratum
1054 1824 1100 1863 et
1135 1834 1227 1864 non
1251 1825 1642 1866 consummatum.
1680 1821 1797 1866 Hinc
1820 1822 1890 1866 ius
1915 1836 1988 1867 ca·

204 1901 423 1945 nonicum
459 1901 675 1946 bimestre
708 1902 918 1947 concedit
953 1903 1224 1960 coniugibus
1262 1903 1317 1947 ad
1360 1904 1706 1949 deliberandum
1746 1919 1804 1949 an
1842 1905 1988 1950 velint

203 1984 470 2041 religionem
504 1984 695 2042 ingredi.
732 1989 827 2030 Hoc
860 1989 1015 2030 autem
1050 1986 1268 2030 bimestre
1291 2001 1315 2030 a
1339 1987 1571 2031 sententia
1598 1987 1759 2032 iudicis
1781 1988 1855 2032 vel
1879 2001 1985 2032 cau·

201 2065 326 2111 tione
359 2067 463 2111 data
498 2067 754 2125 computari
788 2068 937 2113 debet.
991 2073 1128 2113 Porro
1161 2068 1195 2112 si
1233 2082 1352 2114 unus
1384 2085 1407 2113 e
1441 2069 1712 2128 coniugibus
1746 2075 1846 2129 post
1888 2085 1981 2116 ma-

203 2148 473 2193 trimonium
509 2154 660 2194 ratum
694 2150 963 2208 religionem
999 2150 1311 2209 ingrediatur,
1356 2157 1543 2197 tenetur
1587 2167 1689 2211 pars
1721 2153 1768 2198 in
1802 2153 1984 2199 saeculo

205 2245 400 2276 manens
433 2237 677 2291 expectare
710 2233 855 2278 donec
888 2235 1076 2279 alterius
1117 2235 1335 2293 professio
1387 2236 1587 2294 legitime
1634 2243 1883 2297 sequatur,
1935 2242 1986 2282 ut

205 2329 380 2360 novum
417 2317 764 2362 matrimonium
800 2320 1056 2364 contrabat.
1092 2323 1204 2366 Cum
1239 2326 1394 2366 autem
1430 2322 1475 2366 in
1512 2336 1726 2380 praesens
1765 2329 1864 2381 post
1907 2337 1985 2368 no-

206 2398 424 2443 vitiatum
458 2400 656 2445 debeant
689 2402 838 2446 emitti
875 2408 981 2447 vota
1006 2404 1246 2463 simplicia,
1272 2410 1317 2449 et
1341 2410 1441 2463 post
1465 2405 1716 2451 triennium
1741 2407 1983 2462 solemnia,

201 2483 440 2541 quaeritur
472 2498 530 2528 an
564 2485 735 2530 coniux
770 2500 965 2531 manens
999 2487 1043 2532 in
1078 2490 1260 2533 saeculo
1296 2503 1375 2547 per
1407 2493 1557 2534 totum
1593 2492 1678 2535 boc
1701 2495 1883 2548 tempus
1905 2505 1983 2536 ex-

202 2571 384 2624 pectare
417 2567 595 2612 debeat.
633 2569 748 2613 Huic
780 2570 917 2615 dubio
951 2573 992 2616 S.
1029 2574 1074 2617 C.
1116 2575 1193 2630 Ep.
1231 2577 1278 2616 et
1313 2576 1417 2630 Reg,
1454 2573 1526 2617 die
1560 2573 1834 2618 25ianuari1
1872 2574 1978 2619 1861

321 2716 331 2735 ¹
360 2718 395 2754 S.
411 2717 448 2754 C.
462 2717 500 2754 C.
514 2719 562 2754 ad
583 2719 687 2756 Arch.
705 2720 866 2757 Goanun»
891 2721 949 2758 die
971 2722 1012 2758 17
1032 2731 1118 2768 aug.
1140 2722 1242 2758 1641.
1263 2743 1305 2746 —
1330 2723 1409 2759 Hoc
1426 2728 1555 2759 votum
1574 2723 1731 2769 simplex
1751 2723 1901 2769 quidem
1919 2728 1985 2769 est3

199 2793 363 2826 attamen
382 2790 412 2825 si
432 2790 622 2827 ordinatus
641 2791 741 2837 prior
759 2797 914 2828 mortem
934 2793 1079 2837 obierit,
1097 2803 1236 2830 vovens
1251 2794 1424 2830 inhabilis
1440 2794 1555 2831 estad
1569 2795 1660 2831 alias
1679 2795 1826 2841 nuptias
1841 2801 1986 2832 contra-

202 2861 354 2898 hendas.
373 2862 459 2908 Cap.
479 2862 534 2905 10,
553 2863 636 2900 dist.
654 2863 710 2900 28.
739 2864 775 2902 Si
794 2870 920 2902 autem·
937 2865 991 2901 vir
1016 2875 1092 2901 non
1118 2871 1174 2902 est
1202 2865 1403 2911 professus,
1422 2875 1498 2902 non
1518 2866 1618 2902 item.
1639 2865 1986 2903 SchAchfluEBizn

200 2930 263 2974 IV,
282 2932 315 2975 6,
334 2931 391 2969 67.

321 3003 334 3022 ’
359 3003 471 3040 Conc.
498 3004 595 3041 Trid.
623 3004 718 3042 Sess.
746 3005 881 3050 XXIV,
908 3015 988 3052 cap.
1016 3006 1083 3043 IX.

321 3073 335 3094 ³
359 3075 482 3112 Const.
508 3077 728 3114 Ascendente
753 3078 907 3114 Domino
933 3078 956 3115 8
981 3077 1053 3115 kal.
1082 3078 1156 3114 iun.
1186 3077 1291 3115 1584.
