2176 3386
0 362 20 434 »0¹

805 207 934 237 L113ER
963 209 987 236 1.
1023 208 1079 236 DE
1109 207 1303 237 CLEmffls
1868 196 1948 236 207

161 312 248 368 nis,
281 325 395 372 quas
427 312 750 370 interponent,
787 314 1146 371 monitionibus,
1183 314 1352 359 nedum
1397 313 1453 359 ad
1497 314 1812 372 expiationem
1851 315 1944 359 cul-

160 409 259 454 pae,
296 409 457 440 verum
493 396 633 441 etiam
668 396 724 441 ad
758 397 1133 441 emendationem
1153 396 1480 456 delinquentis,
1501 400 1547 441 et
1573 397 1630 441 ad
1652 395 1944 442 occasionem

158 479 377 537 peccandi
411 479 741 524 eliminandam
776 480 1016 525 inserviat.

279 566 347 610 10.
387 566 684 610 Meminerint
719 580 827 611 vero
861 567 1111 622 Praesules,
1147 567 1264 625 quod
1299 566 1334 611 si
1369 570 1531 611 contra
1565 565 1820 620 decretum,
1851 580 1942 625 quo

157 648 352 706 irrogata
378 648 465 693 fuit
486 650 739 707 suspensio,
767 654 1094 706 promoveatur
1117 662 1328 694 recursus
1349 649 1404 694 ad
1431 648 1737 706 Apostolicam
1761 648 1941 704 Sedem,

157 736 269 778 tunc
301 734 418 792 apud
455 734 598 792 ipsam
631 734 918 792 comprobari
938 734 1073 778 debet
1107 735 1256 791 culpa,
1291 748 1408 793 quae
1441 732 1591 778 eidem
1628 732 1837 791 praebuit
1869 747 1942 777 oc-

157 817 406 861 casionem.
443 818 711 863 Consultum
746 817 916 862 idcirco
949 817 1054 872 erit,
1090 821 1141 861 ut
1172 821 1422 876 antequam
1459 819 1571 861 baec
1596 831 1742 875 poena
1767 815 1941 873 infliga-

156 904 246 955 tur,
282 900 574 958 probationes
606 900 742 956 illius,
777 900 1080 959 quantumvis
1111 900 1523 945 extraiudIcialiter
1555 904 1602 943 et
1641 903 1817 944 secreto
1851 900 1940 943 col-

155 985 371 1040 ligantur,
410 984 469 1028 ita
505 989 554 1027 ut
586 998 639 1028 eo
674 984 786 1042 ipso,
822 984 942 1043 quod
976 998 1080 1028 cum
1123 984 1249 1029 omni
1293 983 1571 1028 certitudine
1615 981 1942 1040 culpabilitatis

157 1068 200 1110 in
237 1067 475 1124 punitione
508 1067 747 1112 inferenda
783 1068 1059 1126 proceditur,
1110 1067 1145 1112 si
1189 1068 1406 1126 deinceps
1448 1080 1584 1111 causa
1628 1065 1939 1110 examinanda

155 1155 222 1195 est
248 1151 363 1208 apud
386 1151 690 1209 Apostolicam
712 1152 891 1206 Sedem,
915 1150 1206 1208 probationes
1229 1150 1436 1195 criminis
1471 1150 1515 1194 in
1541 1162 1618 1194 eas
1649 1149 1942 1193 difficultates

156 1233 273 1277 haud
307 1233 580 1292 impingant,
615 1249 732 1293 quae
767 1240 816 1278 ut
841 1235 1087 1292 plurimum
1113 1239 1363 1279 occurrunt
1388 1233 1432 1277 in
1458 1232 1713 1277 istiusmodi
1740 1231 1934 1276 iudiciis.

276 1317 341 1360 ll.
387 1320 418 1361 Α
451 1318 636 1362 decreto
669 1318 982 1376 suspensionis
1007 1332 1063 1362 ex
1088 1317 1338 1362 informata
1372 1315 1656 1362 conscientia
1684 1330 1774 1361 non
1804 1318 1941 1360 datur

153 1401 394 1458 appellatio
427 1402 481 1446 ad
516 1402 717 1445 tribunal
752 1401 998 1459 superioris
1031 1400 1217 1445 ordinis.
1256 1404 1502 1459 Postquam
1539 1399 1705 1444 idcirco
1739 1400 1940 1444 Clericus

155 1484 493 1529 intimationem
530 1485 842 1542 suspensionis
887 1485 1124 1539 babuerit,
1161 1484 1193 1528 si
1237 1484 1538 1528 nibilominus
1580 1482 1936 1541 appellationem

155 1567 461 1626 interponere,
496 1568 684 1627 eiusque
718 1568 910 1612 obtentu
946 1568 990 1612 in
1025 1567 1156 1612 altari
1195 1567 1474 1622 ministrare,
1510 1580 1589 1611 seu
1612 1566 1777 1625 quovis
1802 1566 1936 1621 modo

153 1664 284 1695 suum
319 1651 528 1696 ordinem
563 1652 832 1696 solemniter
864 1665 1082 1696 exercere
1119 1656 1398 1710 praesumat,
1435 1650 1590 1694 statim
1628 1649 1789 1693 incidit
1812 1648 1858 1693 in
1880 1648 1936 1692 ir-

154 1735 509 1793 regularitatem.

277 1820 340 1863 12.
378 1822 565 1876 Semper
605 1824 757 1862 tamen
807 1823 931 1876 patet
964 1818 1114 1863 aditus
1147 1822 1202 1863 ad
1239 1817 1544 1877 Apostolicam
1585 1818 1772 1873 Sedem;
1809 1820 1855 1860 et
1888 1815 1934 1859 in

152 1915 256 1947 casu
291 1909 380 1961 qno
419 1902 617 1947 Clericus
665 1902 833 1960 absque
890 1902 1134 1946 sufficienti
1184 1916 1236 1946 ac
1279 1900 1538 1946 rationabili
1581 1914 1718 1944 causa
1767 1913 1814 1944 se
1850 1900 1935 1944 hac

153 2000 294 2044 poena
332 1986 576 2029 multatum
613 1989 810 2043 reputet,
848 1999 1082 2030 recurrere
1118 1985 1283 2043 poterit
1306 1986 1359 2029 ad
1382 1988 1622 2029 Summum
1645 1983 1930 2028 Pontificem.

152 2069 336 2112 Interim
374 2072 527 2112 tamen
573 2068 619 2112 in
672 2068 826 2126 vigore
871 2074 1113 2126 permanet
1154 2068 1392 2114 decretum
1437 2068 1750 2126 suspensionis
1781 2074 1935 2125 'usque

150 2150 255 2194 dum
289 2151 345 2195 ab
389 2153 483 2208 ipso
527 2151 762 2206 Pontilice,
798 2153 872 2196 vel
905 2167 927 2196 a
965 2154 1005 2196 S.
1052 2153 1432 2210 Congregatione,
1484 2166 1601 2211 quae
1641 2154 1695 2196 de
1747 2166 1931 2196 recursu

150 2231 349 2278 iudicare
382 2235 532 2289 debet,
569 2248 661 2279 nou
696 2235 835 2279 fuerit
870 2235 1113 2280 rescissum
1147 2240 1227 2279 aut
1259 2235 1398 2280 etiam
1437 2236 1740 2280 moderatum.

273 2319 338 2362 15.
375 2321 587 2363 Ceterum
612 2332 716 2363 cum
743 2318 997 2364 istiusmodi
1026 2334 1169 2376 poena
1203 2320 1261 2363 sit
1286 2319 1539 2364 remedium
1566 2321 1757 2364 omnino
1780 2324 1931 2364 extra-

149 2400 448 2456 ordinarium,
483 2402 602 2461 quod
637 2402 904 2459 praesertim
938 2402 994 2446 ad
1028 2402 1340 2460 expiationem
1375 2402 1624 2447 criminum
1649 2403 1818 2462 absque
1845 2404 1932 2447 for-

151 2482 235 2527 mis
268 2484 515 2529 iudiciariis
548 2485 806 2541 adbibetur3
844 2500 949 2544 prae
982 2486 1126 2530 oculis
1159 2486 1359 2531 habeant
1394 2486 1587 2531 Praelati
1624 2487 1664 2530 id
1699 2487 1819 2545 quod
1861 2501 1931 2531 sa·

150 2565 430 2623 pientissime
464 2568 682 2613 admouet
715 2571 930 2613 Summus
967 2570 1177 2614 Pontifex
1215 2570 1485 2614 Benedictus
1519 2573 1614 2614 XIV
1650 2569 1694 2612 in
1730 2583 1812 2614 suo
1840 2574 1929 2614 tra-

148 2651 271 2692 ctatu
306 2650 360 2693 de
395 2650 576 2708 Synodo
609 2653 892 2696 Dioecesana
918 2652 932 2675 ¹
975 2653 1094 2711 quod
1140 2652 1359 2697 nimirum
1397 2653 1766 2711 reprehensibilis
1812 2654 1931 2698 foret

152 2729 409 2788 Episcopus,
445 2732 479 2776 si
514 2732 559 2776 in
594 2746 673 2777 sua
709 2735 891 2792 Synodo
925 2735 1196 2790 declararet,
1232 2750 1278 2780 se
1301 2737 1517 2795 deinceps
1540 2751 1594 2781 ex
1620 2738 1800 2795 privata
1832 2742 1927 2782 tan-

148 2816 246 2857 tum
278 2813 488 2870 scientia,
523 2829 628 2860 cum
665 2831 809 2874 poena
851 2819 1164 2876 suspensionis
1197 2834 1221 2863 a
1255 2819 1442 2874 dlvinis,
1493 2820 1926 2864 animadversurum

147 2894 192 2939 in
225 2897 435 2953 Clericos,
470 2911 584 2957 quos
629 2900 833 2956 graviter
881 2901 1124 2960 deliquisse
1173 2902 1484 2961 compererit,
1519 2903 1734 2962 quamvis
1767 2917 1926 2947 eorum

266 3063 274 3081 ¹
304 3065 414 3102 Libro
443 3067 521 3109 ΧΠ,
549 3067 635 3113 Cap.
662 3069 760 3111 VIII,
787 3079 821 3106 n.
848 3070 881 3106 6.
