2176 3386
798 152 929 181 Lmen
956 153 984 180 1.
1016 152 1073 180 DE
1102 151 1298 180 cmmcis
1863 137 1943 178 215

151 261 322 307 damna
354 261 620 319 experiatur
652 272 839 303 necesse
870 263 956 314 est,
991 257 1089 302 sive
1122 260 1286 315 agatur
1307 257 1362 301 de
1384 255 1600 301 oneribus
1622 254 1832 300 beneficii
1856 254 1940 300 im-

157 343 347 404 plendis,
384 343 482 388 sive
514 343 569 387 de
601 341 702 387 aliis
734 339 1040 386 beneficiariis
1072 339 1425 397 obligationibus
1451 339 1480 382 ¹.

270 429 370 472 272.
399 428 439 472 Si
461 426 763 472 alienationes
780 425 949 484 absque
969 423 1086 468 iusta
1105 436 1242 468 causa
1262 422 1433 467 fuerint
1453 423 1619 476 factae,
1642 420 1811 465 nullius
1831 425 1942 465 sunt

152 511 339 557 roboris.
378 511 420 556 Si
455 525 512 555 ex
548 510 664 554 iusta
698 522 853 564 causa,
889 509 966 554 sed
999 507 1370 553 solemnitatibus
1406 505 1755 566 praetermissis,
1784 507 1942 551 valent

151 595 198 640 in
234 596 330 639 foro
363 593 692 649 conscientiae,
736 595 780 637 in
826 596 1021 637 externo
1069 591 1333 636 claudicant
1379 595 1511 648 prout
1557 594 1824 634 contractus
1861 590 1938 649 qui

151 692 257 724 cum
295 677 549 722 minoribus
582 678 817 721 ineuntur.
854 675 982 730 Quod
1015 675 1051 719 si
1084 675 1254 733 absque
1288 674 1405 718 iusta
1440 685 1576 718 causa
1618 677 1665 717 et
1705 671 1940 716 solemniis

152 760 265 805 iuris
286 760 503 805 alienatio
527 760 671 803 vetita
698 759 742 803 in
770 763 958 803 Extrav.
986 759 1259 802 Ambitiosae
1282 757 1377 812 liat,
1403 756 1733 802 contrahentes
1755 769 1939 800 excom-

154 843 534 898 municationem,
572 842 683 887 nulli
719 847 875 886 tamen
910 845 1224 896 reservatam,
1263 842 1501 886 iocurrunt
1548 855 1606 898 ex
1640 844 1792 886 Const.
1827 846 1940 897 Apo-

148 927 334 971 stolicae
368 927 511 970 Sedis.
565 927 780 970 Attamen
817 940 922 969 cum
967 925 1012 969 in
1048 925 1188 970 citata
1223 923 1556 981 Extravaganti
1593 938 1686 968 non
1729 912 1951 968 omnium

153 1009 451 1055 ecclesiarum
486 1024 641 1054 rerum
666 1009 972 1054 interdicatur
995 1008 1217 1063 venditio,
1244 1009 1320 1052 scd
1346 1007 1652 1053 immobilium
1676 1007 1937 1063 dumtaxat,

150 1097 196 1136 et
228 1106 280 1137 ea
314 1093 460 1137 solum
500 1092 722 1148 venditio,
752 1107 841 1152 qua
875 1091 1131 1136 dominium
1167 1093 1447 1136 transfertur
1479 1095 1525 1136 et
1562 1091 1850 1148 hypothecae
1894 1095 1939 1135 et

150 1175 401 1220 locationes
435 1176 551 1220 ultra
586 1175 857 1230 triennium,
893 1175 1193 1234 consequitur
1227 1180 1508 1220 memoratae
1542 1188 1765 1219 censurae
1799 1174 1937 1219 obno-

150 1257 250 1303 xios
284 1273 375 1304 non
410 1259 524 1315 fieri,
559 1260 635 1319 qui
670 1274 743 1304 ex.
781 1274 844 1317 gr.
880 1261 952 1304 vel
986 1260 1120 1304 aedes
1153 1259 1414 1314 destruunt,
1454 1259 1525 1303 vel
1559 1258 1825 1316 grandiores
1868 1271 1938 1302 ar-

153 1342 284 1387 bores
317 1343 531 1398 caedunt,
572 1344 640 1387 vel
674 1344 842 1403 aliquid
877 1344 1140 1388 furantur?
1201 1347 1358 1402 Neque
1391 1355 1553 1387 omnes
1586 1342 1844 1386 alienantes
1877 1340 1938 1385 ei—

151 1426 255 1470 dem
289 1427 763 1472 excommunicationi
797 1427 1053 1481 subiacent,
1090 1427 1167 1471 sed
1202 1426 1230 1470 ii
1265 1427 1411 1471 solum
1445 1426 1610 1485 quibus
1647 1425 1938 1470 administra-

152 1508 215 1553 tio
247 1523 405 1554 earum
443 1525 594 1555 rerum
629 1511 802 1556 credita
836 1514 920 1566 est,
958 1525 1106 1569 neque
1139 1524 1300 1554 omnes
1333 1510 1409 1569 qui
1450 1524 1526 1554 eas
1571 1509 1825 1568 recipiunt,
1862 1509 1939 1554 sed

151 1592 353 1651 recipere
382 1601 751 1651 praesumentes,
789 1609 880 1639 non
917 1608 1026 1639 vero
1053 1595 1415 1650 consentientes,
1441 1595 1751 1649 consulentes,
1779 1594 1938 1638 faven-

153 1681 238 1731 tes,
272 1677 475 1735 adeoque
510 1691 595 1721 nec
629 1677 863 1735 delegatus
896 1677 1181 1735 Apostolicus
1213 1677 1287 1736 qui
1324 1678 1561 1722 decretum
1595 1678 1669 1721 vel
1691 1678 1939 1722 auctorita-

153 1763 247 1804 tem
282 1759 535 1818 interponit
570 1760 617 1804 in
651 1761 985 1805 detrimentum
1022 1761 1264 1806 Ecclesiae.
1303 1765 1396 1805 Nec
1429 1760 1626 1819 denique
1649 1760 1677 1804 ii
1701 1761 1778 1820 qui
1802 1775 1938 1820 quae-

149 1843 234 1888 sita
271 1844 462 1889 subinde
495 1844 702 1889 alienant
734 1845 849 1899 aliis,
887 1859 979 1889 non
1014 1845 1140 1889 enim
1163 1844 1561 1889 administratores
1582 1850 1706 1889 sunt.
1744 1849 1938 1890 Excom·

152 1928 513 1974 municationem
556 1942 666 1973 vero
707 1929 952 1973 incurrunt
993 1943 1099 1973 cum
1143 1928 1360 1973 alienatio
1401 1929 1602 1986 perfecta
1642 1927 1781 1973 fuerit
1819 1928 1938 1972 ultro

151 2012 374 2072 citroque,
410 2012 613 2071 adeoque
646 2011 681 2056 si
715 2011 932 2057 alienatio
956 2011 1070 2056 inita
1095 2011 1233 2056 fuerit
1255 2011 1340 2055 sub
1358 2011 1623 2056 conditione
1647 2011 1935 2071 suspensiva,

150 2109 203 2140 ea
237 2096 465 2154 pendente
500 2110 592 2140 non
628 2096 881 2140 incurritur
899 2095 928 2139 ⁸.

881 2227 1114 2256 Ammonos
1147 2228 1192 2256 n.

538 2309 600 2350 De
629 2312 851 2364 potestate
890 2309 1099 2364 Epz'scopi
1131 2308 1180 2351 in
1214 2306 1318 2364 foro
1351 2308 1553 2351 imerno.

278 2414 378 2459 275.
400 2416 461 2458 De
479 2414 565 2459 hac
583 2418 807 2473 potestate
832 2413 1099 2459 notabimus
1121 2417 1176 2459 ad
1204 2414 1475 2473 Episcopum
1500 2414 1755 2473 pertinere:
1797 2416 1834 2472 l)
1861 2430 1936 2474 ap-

158 2497 471 2555 probationem
506 2498 893 2543 confessariorum
927 2499 1026 2542 sive
1059 2497 1363 2543 saecularium
1399 2499 1497 2543 sive
1532 2498 1810 2556 regularium
1833 2498 1847 2522 ⁴
1882 2499 1938 2543 ad

154 2581 511 2626 sacramentales
543 2581 856 2627 confessiones
891 2585 1012 2627 intra
1035 2597 1166 2628 suam
1189 2583 1453 2639 dioecesim,
1484 2583 1702 2628 examine
1727 2583 1939 2628 instituto

270 2731 279 2750 ¹
309 2731 444 2769 Concil.
472 2734 567 2770 Trid.
595 2734 692 2770 sess,
719 2734 775 2777 25,
802 2743 882 2780 cap.
913 2735 967 2777 11,
994 2736 1038 2772 de
1067 2736 1144 2772 Res.

269 2803 282 2823 ¹
309 2805 344 2841 S.
371 2805 478 2842 Univ.
506 2806 584 2852 Inq.
610 2806 632 2842 9
658 2806 780 2843 Martii
809 2806 910 2844 1870.

269 2874 282 2894 ³
309 2875 360 2912 Cf.
388 2877 428 2913 R.
454 2877 494 2913 P.
521 2878 562 2914 D.
593 2877 848 2922 D'ANNinamz,
875 2878 1001 2914 Summ
1032 2878 1149 2915 Theol.
1177 2878 1308 2914 Moral.
1337 2877 1358 2914 l.
1386 2877 1417 2920 2,
1446 2887 1528 2923 pag.
1555 2877 1635 2914 540.

268 2948 282 2968 ⁸
307 2950 442 2987 Bene-d.
463 2950 551 2987 XIV
576 2951 621 2987 de
647 2950 797 2997 Synodo
822 2951 1043 2988 dioecesano
1063 2950 1141 2987 Lib.
1164 2950 1226 2993 IX,
1246 2960 1329 2997 cap.
1351 2949 1405 2995 16,
1433 2959 1467 2986 n.
1494 2949 1535 2991 6;
1563 2949 1760 2986 Constitut.
1780 2946 1937 2994 apostol.

152 3018 199 3057 50
223 3020 309 3057 Maii
338 3019 428 3058 1753
455 3022 642 3059 Benedicti
670 3022 769 3058 XIV.
