2176 3386
1171 0 1419 34 *Wff'Tf-'T
1444 15 1450 18 <
1480 11 1498 23 ιγ
1532 20 1537 25 ,

245 153 299 192 44
917 163 1027 193 PARS
1056 163 1096 193 11.
1131 164 1187 192 DE
1219 163 1357 192 naeus

244 283 317 315 sas
349 269 580 315 celebrare
613 269 792 315 ratione
826 269 1038 315 Beneficii
1073 283 1153 316 seu
1175 270 1428 328 cappellae,
1453 269 1589 328 legati
1621 273 1702 315 aut
1733 270 1901 327 salarii,
1927 285 2024 330 pos-

243 352 338 397 sint
370 352 510 397 etiam
544 353 807 398 manualem
841 353 1186 411 eleemosynam
1221 366 1302 412 pro
1327 351 1476 398 Missis
1499 343 1669 398 votivis
1700 358 1747 398 et
1780 355 2025 399 Defuncto·

243 449 346 480 rum
381 435 600 493 recipere,
635 439 683 480 et
713 436 851 481 unico
889 435 1050 482 Missae
1082 435 1306 481 sacrificio
1345 435 1527 495 utrique
1566 435 1693 481 oneri
1732 436 2030 482 satisfacere?

245 522 376 576 Resp.
431 522 530 563 Non
583 532 710 577 posse
751 519 911 564 eadem
947 518 1084 564 Missa
1132 518 1315 578 utrique
1357 518 1621 577 obligationi
1656 519 1932 564 satisfacere.
1968 546 2030 552 —

244 601 284 644 5.
326 600 537 645 Dubium.
591 601 741 646 Posito
773 602 893 661 quod
930 605 1124 647 testator
1173 602 1406 661 reliquerit
1446 607 1624 648 certum
1665 603 1908 650 Missarum
1942 619 2027 649 nu-

244 698 423 728 merum
458 684 626 744 absque
675 684 1033 744 praescriptione
1075 685 1429 744 eleemosynae,
1473 701 1531 731 an
1576 686 1688 731 baec
1724 690 1781 731 ab
1823 686 2024 731 haeredi-

243 768 358 824 bus,
395 769 466 813 vel
507 768 564 813 ab
609 767 852 812 ordinario
885 769 944 813 sit
979 768 1359 827 praescribenda?
1409 773 1539 827 Resp.
1587 769 1654 815 Ab
1684 768 1925 814 Ordinario
1958 782 2026 814 se—

243 851 446 895 cundum
483 865 657 895 morem
691 850 896 896 civitatis
921 852 991 896 vel
1027 851 1308 910 provinciae.
1347 878 1402 884 —
1436 853 1477 897 6.
1509 851 1719 896 Dubium.
1756 854 1868 896 Cum
1903 854 1944 897 S.
1976 855 2023 896 C.

244 934 536 978 revocaverit
570 934 822 992 privilegia,
857 934 1022 994 quibus
1055 934 1390 993 indulgebatur,
1427 940 1476 980 ut
1510 940 1740 980 certarum
1781 935 2024 981 Missarum

245 1018 317 1062 vel
349 1017 779 1062 anniversariorum
813 1018 1138 1074 celebratione,
1174 1023 1253 1063 aut
1285 1018 1511 1078 aliquibus
1548 1019 1779 1075 Collectis,
1814 1032 1893 1064 seu
1915 1023 2026 1064 Ora-

242 1102 469 1158 tionibus,
508 1103 706 1161 plurium
745 1102 986 1148 Missarum
1020 1103 1236 1149 oneribus
1269 1104 1314 1147 in
1351 1106 1558 1149 futurum
1596 1104 1920 1163 suscipiendis,
1957 1118 2026 1149 sa·

242 1185 399 1241 tistiat,
435 1199 492 1230 an
528 1185 668 1230 verba
704 1187 753 1229 in
787 1184 1009 1242 futurum
1041 1187 1347 1243 suscipiendis
1379 1186 1673 1244 intelligenda
1706 1186 1799 1232 sint
1831 1186 1885 1231 de
1918 1201 2025 1231 oue·

243 1269 367 1313 ribus
399 1268 701 1327 suscipiendis
734 1272 835 1326 post
866 1268 1196 1327 privilegium?
1231 1273 1361 1328 Resp.
1400 1274 1466 1315 Ita
1500 1283 1596 1314 esse
1631 1270 1942 1329 intelligenda.
1968 1299 2026 1303 —

243 1354 285 1397 7.
327 1352 536 1397 Dubium.
575 1355 641 1398 An
678 1352 1038 1411 permittendum
1073 1353 1133 1397 sit
1164 1353 1614 1398 administratoribus
1634 1354 1948 1409 ecclesiarum,
1974 1359 2025 1398 ut

243 1435 482 1479 retineant
509 1434 710 1493 aliquam
753 1434 1155 1492 eleemosynarum
1206 1434 1462 1493 portionem
1504 1449 1582 1492 pro
1617 1436 1831 1494 expensis
1865 1449 2026 1480 manu-

241 1516 465 1562 tentionis
511 1517 748 1571 ecclesiae,
784 1518 1016 1573 altarium,
1054 1517 1427 1574 inservientium,
1466 1523 1857 1576 paramentorum,
1893 1518 2025 1563 lumi-

243 1615 373 1657 num,
413 1588 528 1658 vini,
565 1601 740 1646 hostiae
762 1606 809 1647 et
831 1601 1086 1646 similium?
1120 1605 1252 1660 Resp.
1280 1602 1644 1647 Permittendum
1681 1616 1772 1647 non
1797 1616 1911 1659 esse,
1938 1603 2023 1648 nisi

242 1699 346 1729 cum
381 1685 600 1730 ecclesiae
632 1685 745 1730 alios
778 1699 872 1730 non
907 1685 1109 1730 babeant
1143 1685 1345 1729 redditus
1369 1685 1415 1730 in
1440 1686 1697 1731 huiusmodi
1734 1699 1865 1730 usum
1900 1686 2024 1731 licite

242 1769 519 1826 erogandos;
554 1772 600 1813 et
632 1773 744 1813 tunc
780 1769 1036 1826 portionem
1069 1782 1207 1828 quam
1243 1768 1526 1824 retinebunt,
1563 1769 1825 1814 nullatenus
1856 1769 2022 1814 debere

241 1853 464 1898 excedere
498 1854 702 1898 valorem
745 1867 1054 1911 expensarum
1089 1867 1170 1911 pro
1205 1852 1399 1910 ipsomet
1447 1857 1630 1898 tantum
1683 1853 1845 1898 Missae
1879 1854 2023 1898 Sacri·

241 1935 346 1980 ficio
380 1935 638 1980 necessario
671 1936 1040 1993 subeundarum;
1092 1940 1137 1980 et
1177 1935 1477 1981 nibilominus
1525 1937 1779 1981 curandum
1814 1949 1936 1992 esse,
1973 1941 2024 1981 ut

242 2024 312 2064 tot
346 2019 510 2065 Missae
533 2020 841 2076 celebrentur,
865 2023 978 2079 quot
999 2020 1173 2065 fuerint
1196 2020 1518 2079 praescriptae.
1553 2047 1610 2051 --
1642 2020 1684 2064 8.
1715 2020 1926 2065 Dubium.
1956 2023 2023 2066 An

243 2106 411 2147 Rector
446 2102 687 2158 Beneficii,
723 2104 799 2162 qui
835 2107 984 2161 potest
1030 2117 1110 2162 per
1156 2103 1296 2148 alium
1331 2103 1590 2159 celebrare,
1626 2108 1842 2148 teneatur
1873 2103 2022 2148 eidem

242 2187 349 2231 dare
382 2186 661 2244 stipendium
686 2186 741 2230 ad
767 2188 994 2232 rationem
1030 2186 1292 2232 reddituum
1329 2187 1575 2232 Beneficii?
1610 2191 1739 2246 Resp.
1767 2186 1885 2232 Satis
1907 2200 2020 2243 esse,

242 2273 294 2313 ut
333 2269 504 2313 tribuat
535 2269 759 2314 sacerdoti
805 2269 1054 2315 celebranti
1105 2271 1450 2328 eleemosynam
1484 2284 1734 2328 congruam
1768 2270 2020 2315 secundum

244 2367 419 2396 morem
452 2352 658 2397 civitatis
690 2353 764 2397 vel
799 2352 1086 2410 provinciae,
1123 2352 1210 2397 nisi
1245 2352 1291 2397 in
1326 2354 1596 2398 fundatione
1646 2352 1856 2398 Beneficii
1901 2352 2023 2398 aliud

242 2438 431 2479 cautum
466 2433 620 2479 fuerit..
655 2459 715 2467 —
747 2435 788 2478 9.
830 2433 1040 2479 Dubium.
1080 2437 1146 2480 An
1180 2435 1454 2491 sacerdotes,
1489 2434 1653 2494 quibus
1685 2435 1875 2480 offertur
1907 2435 2020 2481 elee-

244 2529 439 2574 mosyna
473 2517 620 2561 maior
640 2516 771 2562 solita
806 2531 887 2576 pro
919 2517 1227 2563 celebratione
1251 2518 1433 2573 Missae,
1458 2518 1656 2563 debeant
1681 2520 1788 2563 dare
1811 2518 2021 2563 eamdem

243 2599 470 2657 integram
505 2599 575 2656 iis,
610 2600 774 2660 quibus
810 2601 970 2646 Missas
991 2601 1288 2647 celebrandas
1310 2604 1640 2659 committunt;
1675 2616 1735 2647 an
1770 2617 1880 2648 vero
1912 2603 2023 2648 satis

241 2684 326 2740 sit,
362 2684 397 2728 si
431 2684 542 2729 dent
574 2685 919 2743 eleemosynam
953 2687 1258 2730 consuetam?
1293 2688 1424 2744 Resp.
1466 2685 1634 2730 Debere
1666 2685 1872 2730 absolute
1906 2684 2021 2730 inte-

241 2784 370 2828 gram
404 2770 748 2828 eleemosynam
784 2770 1003 2826 tribuere,
1039 2783 1124 2815 nec
1156 2769 1297 2814 ullam
1331 2770 1451 2815 illius
1483 2773 1660 2829 partem
1694 2768 1778 2814 sibi
1822 2769 2022 2814 retinere

241 2866 386 2911 posse.
421 2878 482 2886 —
517 2853 584 2897 10.
628 2853 840 2897 Dubium.
889 2854 956 2897 An
991 2865 1137 2897 novas
1169 2853 1358 2897 valeant
1397 2853 1716 2910 eleemosynas
1758 2852 1960 2910 recipere
1991 2850 2021 2895 ii

239 2936 515 2991 sacerdotes,
551 2936 627 2995 qui
661 2936 862 2995 acceptis
894 2950 988 2981 non
1020 2936 1373 2992 satisfecerunt;
1409 2941 1456 2981 et
1486 2935 1592 2996 quid
1617 2935 1652 2981 si
1677 2949 1880 2993 congruo
1906 2939 2022 2981 tem·

241 3032 349 3077 pore
382 3019 558 3077 possint
589 3020 804 3065 omnibus
842 3019 1140 3065 satisfacere?
1189 3023 1320 3078 Resp.
1369 3023 1504 3064 Posse
1536 3033 1657 3065 nova
1698 3018 1839 3064 etiam
1881 3032 2022 3064 onera
