2176 3386
557 181 687 210 Lmen
715 181 741 210 1.
771 180 828 208 DE
858 179 996 209 uenus
1025 178 1262 208 ECCLESIAE
1290 171 1617 207 SPIRITUALIBUS
1739 181 1743 184 ·
1896 165 1972 206 211

194 293 359 347 divini,
386 289 473 341 nisi
497 288 757 347 excipiatur
787 288 1067 347 dispensatio
1100 287 1157 332 ab
1190 285 1785 345 impedimentoligaminis
1823 287 1973 346 quoad

194 353 541 418 matrimonium
577 376 761 427 ratum,
797 374 843 415 et
873 369 1154 428 dispensatio
1186 370 1243 414 ab
1275 369 1720 428 interpellationibus
1767 370 1974 429 coniugis

193 455 388 501 infidelis
420 455 547 500 iuxta
581 458 669 500 art.
705 455 748 510 5,
783 468 881 513 cap.
922 455 960 498 1.
1010 454 1054 511 4)
1092 453 1233 498 Nulla
1277 458 1341 498 est
1371 453 1654 510 dispensatio
1693 456 1735 498 si
1775 467 1871 498 non
1903 455 1973 499 ob·
2005 462 2008 466 ’

187 545 405 584 servatae
435 541 530 584 sint
561 538 803 583 clausulae
835 537 998 596 quibus
1029 549 1242 581 concessa
1274 542 1360 591 est,
1396 550 1604 595 quaeque
1644 538 1850 582 induunt
1887 552 1973 584 na-

194 627 353 666 turam
394 621 713 665 conditionum
751 620 805 667 ad
839 618 1127 664 validitatem
1177 618 1305 662 iuxta
1340 622 1426 662 art.
1468 619 1507 673 1,
1543 632 1641 677 cap.
1679 620 1720 664 2.
1760 620 1800 671 5)
1833 621 1973 666 Nulla

193 710 255 747 est
286 703 567 759 dispensatio
614 715 733 760 quae
767 701 823 746 ab
859 715 908 745 eo
945 703 1205 745 executioni
1252 701 1515 745 mandatur
1561 701 1637 759 qui
1689 701 1975 746 executionis

194 790 468 843 potestatem
512 799 603 829 non
638 784 775 829 habet
808 783 935 829 iuxta
969 788 1056 828 art.
1083 785 1125 838 2,
1162 798 1260 842 cap.
1288 785 1329 828 ⁶2.
1368 785 1409 838 6)
1440 788 1551 828 Item
1587 785 1709 828 nulla
1735 790 1854 829 esset
1887 785 1971 830 dis·

192 868 400 928 pensatio
441 869 477 913 si
511 882 620 913 vera
667 882 760 913 non
793 872 863 912 est
885 880 1022 912 causa
1059 870 1230 913 motiva
1263 867 1320 912 oh
1351 881 1490 927 quam
1525 867 1629 912 data
1665 867 1753 912 fuit
1793 867 1970 926 dispen-

192 952 308 996 satio
341 951 386 995 in
420 952 566 996 forma
601 949 942 1006 commissoria3
983 949 1149 994 sufficit
1180 955 1336 995 tamen
1370 950 1489 1010 quod
1524 964 1631 994 vera
1677 950 1735 994 sit
1768 955 1974 1007 tempore

192 1048 281 1094 quo
313 1034 545 1092 delegatus
578 1032 826 1092 dispensat.
882 1037 934 1078 Et
966 1033 1002 1077 si
1035 1038 1197 1091 agatur
1234 1033 1289 1077 de
1328 1033 1668 1091 dispensatione
1718 1033 1763 1078 in
1813 1033 1973 1090 forma

191 1121 401 1177 qratiosa
434 1117 601 1162 sufficit
634 1121 684 1161 ut
707 1117 765 1161 sit
791 1132 896 1162 vera
933 1122 1138 1175 tempore
1171 1131 1260 1176 quo
1293 1132 1317 1162 a
1354 1117 1571 1162 pontifice
1605 1119 1887 1164 conceditur.

316 1201 442 1245 1077.
481 1200 546 1245 Ab
578 1199 839 1245 extrinseco
862 1204 1044 1244 cessant
1066 1199 1429 1257 dispensationes
1465 1201 1502 1255 1)
1525 1214 1613 1257 per
1643 1207 1834 1245 mortem
1868 1216 1972 1246 con-

192 1284 405 1338 cedentis,
450 1284 490 1338 2)
518 1297 601 1340 per
635 1290 828 1327 mortem
862 1286 1129 1338 executoris,
1167 1284 1216 1341 5)
1247 1297 1332 1339 per
1370 1286 1776 1328 renunciationem
1819 1287 1972 1330 indul-

194 1367 321 1418 tarii,
357 1367 399 1422 4)
433 1379 519 1422 per
552 1367 907 1410 revocationem.

317 1448 443 1492 1078.
479 1449 515 1503 1)
541 1452 621 1492 Per
644 1453 837 1492 mortem
863 1449 1173 1494 concedentis.
1196 1475 1222 1481 -
1244 1449 1623 1508 Distinguendum
1654 1455 1721 1495 est
1744 1451 1865 1496 inter
1885 1451 1972 1497 dis-

195 1531 486 1588 pensationes
530 1545 770 1576 concessas
811 1546 834 1576 a
871 1533 911 1575 S.
951 1519 1337 1582 Poenitentiaria.
1375 1538 1420 1577 et
1451 1533 1818 1592 dispensationes
1851 1548 1971 1593 quae

195 1628 223 1659 a
258 1618 460 1660 Dataria
488 1616 822 1659 conceduntur.
873 1620 1019 1660 Morte
1054 1616 1285 1661 Pontificis
1325 1631 1414 1661 nou
1451 1622 1634 1662 cessant
1671 1619 1972 1675 dispensatio-

193 1714 273 1743 nes
302 1713 388 1756 pro
421 1698 523 1756 foro
555 1701 742 1743 interno
774 1713 891 1758 quae
923 1713 948 1744 a
983 1701 1024 1743 S.
1066 1699 1419 1745 roenitentiaria
1459 1702 1778 1746 conceduntur
1809 1716 1971 1760 quam-

192 1784 259 1826 vis
292 1796 364 1826 res
395 1785 453 1826 sit
485 1781 639 1827 adhue
671 1784 891 1839 inteyra,
931 1784 1001 1826 vel
1038 1783 1183 1827 Maior
1215 1784 1603 1829 l'oenitentiarius
1636 1799 1770 1830 suum
1804 1801 1973 1832 munus

192 1865 430 1910 dimiserit.
473 1867 655 1910 Cessant
686 1879 793 1909 vero
826 1867 1191 1923 dispensationes
1223 1880 1343 1926 quae
1375 1869 1515 1912 datae
1545 1875 1655 1912 sant
1687 1882 1716 1913 a
1754 1873 1969 1927 maaria,

193 1951 266 1995 vel
299 1964 328 1994 a
364 1952 407 1994 S.
446 1952 818 1994 Paenitentiaria
848 1964 935 2007 pro
968 1949 1071 2008 foro
1104 1958 1308 1995 externo.
1350 1952 1652 2011 Excipiuutur
1674 1954 1972 2012 dispensatio-

194 2046 275 2077 nes
308 2032 398 2077 iam
433 2046 676 2078 concessae
719 2032 764 2076 in
801 2034 946 2078 forma
985 2037 1220 2090 gratiosa,
1259 2039 1303 2078 et
1345 2035 1709 2091 dispensationes
1744 2037 1789 2082 in
1826 2039 1971 2083 forma

192 2118 509 2162 conmeissoria
542 2131 736 2176 quarum
770 2122 926 2162 tamen
978 2131 1048 2162 res
1096 2132 1190 2162 non
1224 2123 1291 2162 est
1325 2119 1472 2164 adhue
1512 2120 1686 2178 integra
1721 2121 1826 2180 quia
1861 2121 1972 2166 iudi·

193 2199 314 2245 cium
349 2215 371 2244 a
406 2215 495 2260 quo
528 2202 669 2246 semel
703 2205 918 2260 coeptum
953 2208 1021 2246 est
1054 2202 1174 2246 finiri
1210 2203 1359 2247 (lebet.
1398 2208 1510 2248 Item
1546 2210 1692 2248 morte
1741 2205 1973 2250 Pontificis

194 2297 285 2327 non
321 2288 468 2328 cessat
500 2284 748 2329 auctoritas
785 2284 1076 2342 dispensandi
1111 2300 1227 2345 quae
1276 2287 1529 2344 generatim
1566 2294 1611 2332 et
1644 2287 1971 2332 indetermina-

194 2365 276 2410 tim
310 2367 458 2425 quoad
491 2381 707 2425 personas
739 2367 1067 2426 dispensandas
1101 2383 1317 2414 concessa
1351 2375 1420 2414 est
1455 2371 1699 2429 Episcopis,
1739 2371 1808 2416 vel
1846 2371 1971 2417 Vica-

195 2448 272 2493 riis
306 2451 458 2507 Apost.
494 2450 547 2494 ad
582 2450 941 2509 dispensandum
975 2466 999 2495 a
1033 2452 1352 2497 determinatis
1386 2453 1728 2511 impedimentis
1760 2467 1839 2498 seu
1874 2468 1970 2512 gra-

193 2531 324 2576 dibus
354 2533 408 2576 ad
443 2533 811 2592 quinquennium
850 2536 919 2578 vel
955 2535 1225 2580 triennium.

315 2617 442 2661 1079.
479 2619 520 2673 2)
559 2621 643 2662 Per
675 2622 870 2663 mortem
905 2619 1180 2664 executoris.
1216 2647 1273 2652 —
1306 2623 1459 2665 Cessat
1492 2625 1690 2679 potestas
1712 2622 1969 2680 exequendi

193 2700 582 2758 dispensationem
615 2701 651 2747 si
686 2703 898 2747 executio
931 2703 1175 2748 commissa
1211 2710 1279 2749 est
1312 2705 1576 2750 industriae
1603 2719 1847 2762 personae,
1874 2720 1971 2750 non

194 2795 300 2826 vero
332 2782 558 2840 diynitati
591 2785 661 2828 xel
693 2783 846 2843 officio
879 2785 1100 2841 eiusdem,
1136 2800 1225 2845 quo
1259 2786 1304 2830 in
1339 2800 1445 2832 casu
1480 2788 1578 2832 eius
1624 2787 1873 2832 successori
1908 2788 1971 2832 fa-

194 2864 339 2909 cultas
370 2865 661 2922 dispensaudi
689 2867 1031 2912 transmittitur.
1606 2854 1609 2857 ⁵

315 2948 439 2993 1080.
474 2949 516 3006 5)
554 2950 923 2995 Renunciatione
958 2951 1207 2995 indultarii.
1244 2979 1301 2984 ——
1333 2956 1487 2998 Cessat
1521 2953 1871 2998 renunciatione
1905 2952 1971 2997 in—

194 3029 377 3076 dultarii
418 3030 455 3076 si
499 3033 788 3078 renunciatio
829 3034 913 3092 siat
956 3049 1098 3092 penes
1146 3037 1295 3092 ipsum
1343 3036 1694 3092 concedentem,
1731 3051 1824 3082 non
1865 3048 1974 3079 vero
