2176 3386
791 198 922 227 Lmen
949 198 974 226 1.
990 222 993 224 ,
1005 197 1062 226 DE
1092 197 1288 226 cuzmms
1881 187 1931 226 61

150 305 431 365 proindeque
449 303 725 350 temeritatis
747 308 794 348 et
815 303 1078 349 schismatis
1099 308 1260 349 notam
1285 317 1380 348 non
1404 302 1582 361 effugit,
1601 303 1679 363 qui
1703 305 1788 349 bac
1811 305 1866 349 de
1885 319 1934 349 re

149 387 372 433 iudicium
404 387 488 433 sibi
522 387 740 444 assumit;
777 400 926 446 neque
960 386 1079 431 ullus
1110 385 1262 444 excipi
1295 399 1428 431 casus
1450 382 1616 445 potest,
1643 386 1731 431 nisi
1764 386 1810 432 in
1842 400 1934 447 quo

150 470 221 515 ius
251 469 490 526 divinum,
528 484 621 514 non
653 468 839 529 quidem
872 469 1091 525 obscure,
1127 469 1205 513 sed
1238 468 1481 512 evidenter
1516 468 1742 514 violatum
1775 469 1930 514 fuerit.

271 556 320 598 V.
359 558 407 598 [n
440 553 577 598 dubio
611 552 724 597 nibil
756 556 826 597 est
857 552 1194 597 detrahendum
1220 551 1415 596 Romani
1440 551 1675 597 Pontificis
1697 553 1931 612 potestati3

148 635 520 695 quandoquidem
552 649 605 679 ea
638 648 719 692 pro
752 634 851 679 eius
882 633 1203 693 amplitudine,
1240 648 1411 694 proque
1436 634 1533 693 ipso
1561 634 1785 680 Ecclesiae
1810 649 1936 681 com-

150 719 286 763 modo
320 717 750 777 interpretationem
785 716 1098 761 restrictivam
1132 730 1225 761 non
1262 716 1422 774 recipit
1447 718 1475 761 ².

268 805 478 845 lamvero
526 815 584 845 ex
631 802 717 845 hac
758 800 1020 858 pontificiae
1062 799 1303 858 potestatis
1355 800 1659 858 amplitudine
1708 801 1932 860 sequitur,

150 885 295 929 multa
327 885 383 929 ad
419 889 679 930 Romanum
714 883 983 929 Pontificem
1017 897 1098 941 pro
1130 897 1211 928 suo
1255 883 1456 942 primatu
1501 884 1753 943 pertinere,
1791 887 1934 931 multa

149 966 282 1011 iustis
314 967 368 1010 de
401 966 549 1011 causis
581 967 795 1011 eumdem
829 966 912 1011 sibi
946 980 1223 1022 reservasse,
1257 981 1374 1026 quae
1415 967 1523 1012 licet
1563 968 1658 1012 suis
1701 968 1812 1013 locis
1854 983 1930 1013 ex-

151 1051 362 1110 ponenda
395 1054 521 1106 sunt,
558 1065 615 1095 ne
649 1051 716 1094 bis
751 1054 1038 1108 repetantur,
1076 1050 1380 1095 nihilominus
1404 1064 1497 1096 non
1521 1051 1609 1095 erit
1631 1052 1711 1096 abs
1735 1067 1782 1097 re
1808 1066 1935 1110 prae-

150 1133 282 1191 cipua
315 1148 474 1179 eorum
507 1134 674 1192 capita,
710 1138 848 1193 atque
882 1148 939 1178 ex
974 1134 1028 1178 iis
1060 1134 1285 1193 quaedam
1322 1134 1367 1178 in
1401 1134 1552 1193 specie
1586 1135 1755 1179 cursim
1795 1136 1935 1180 attin·

150 1231 271 1276 gere,
307 1231 423 1276 quae
447 1217 695 1263 celebriora
719 1222 844 1272 sunt,
870 1232 960 1277 quo
984 1217 1125 1262 etiam
1152 1217 1332 1262 facilius
1354 1219 1623 1263 eorumdem
1652 1233 1800 1263 nexus
1829 1234 1935 1265 cum

152 1300 376 1358 primatus
408 1300 597 1345 notione
631 1306 863 1359 appareat.
903 1305 1057 1358 Itaque

271 1387 302 1427 1.
341 1383 579 1428 Pertinent
612 1384 667 1428 ad
705 1388 961 1428 Romanum
1012 1385 1296 1438 Pontificem,
1337 1398 1454 1443 quae
1498 1385 1677 1443 propria
1716 1390 1826 1430 sunt
1864 1399 1935 1430 su-

153 1481 335 1526 premae
372 1467 626 1525 potestatis,
663 1468 891 1526 adeoque:

330 1553 374 1607 a)
412 1555 536 1604 Quae
566 1551 801 1609 pertinent
822 1552 878 1596 ad
902 1551 970 1596 ius
1003 1566 1251 1597 commune
1276 1553 1349 1596 vel
1373 1552 1670 1597 statuendum
1692 1553 1706 1575 ²
1740 1553 1813 1597 vel
1838 1568 1937 1598 mu·

150 1634 341 1678 tandum
368 1634 381 1656 ‘⁹'
418 1635 490 1678 vel
522 1634 862 1691 dispensatione
898 1635 1199 1679 relaxandum
1224 1635 1255 1677 ¹⁸.

329 1718 367 1767 b)
407 1718 477 1762 [us
495 1716 745 1775 recipiendi
764 1717 1092 1774 appellationes
1109 1731 1134 1761 a
1151 1717 1316 1776 quovis
1334 1717 1646 1762 ecclesiastico
1664 1718 1882 1763 tribunali
1903 1719 1932 1763 ⁵.

329 1802 365 1855 c)
406 1805 477 1845 Ius
510 1799 723 1845 ultimato
748 1815 842 1844 rem
867 1800 1114 1845 deliniendi
1140 1801 1201 1845 ita
1226 1806 1274 1845 ut
1298 1816 1322 1845 a
1350 1801 1541 1846 Romani
1570 1801 1802 1847 Pontilicis
1835 1816 1936 1847 sen-

153 1882 298 1942 tentia
331 1882 544 1940 appellari
580 1882 635 1926 ad
669 1882 791 1926 aliud
828 1882 1027 1927 tribunal
1063 1896 1155 1927 non
1193 1887 1332 1942 possit
1356 1882 1386 1926 ὓ.

328 1966 374 2022 d)
411 1969 482 2009 Ius
510 1965 803 2024 Episcopatus
820 1965 1132 2010 constituendi
1153 1967 1164 1987 ⁷
1189 1979 1327 2010 eosve
1347 1965 1535 2010 uniendi
1558 1967 1626 2011 vel
1646 1966 1883 2011 dividendi
1902 1967 1935 2023 ὃ,

151 2052 288 2107 atque
312 2048 431 2106 ipsos
453 2047 692 2106 Episcopos
715 2049 899 2093 creandi
920 2049 993 2093 vel
1017 2049 1320 2094 confirmandi
1340 2050 1354 2072 ‘³
1378 2063 1545 2109 eosque
1569 2051 1877 2095 transferendi
1904 2052 1936 2075 ¹⁰

154 2132 226 2176 vel
259 2131 516 2189 deponendi
542 2132 591 2174 Η.

272 2274 280 2292 ¹
310 2274 378 2311 Cir.
407 2275 621 2311 FAGNANUM
649 2276 686 2310 in
712 2285 791 2321 cap.
821 2276 1066 2312 Perniciosam
1091 2277 1136 2313 de
1164 2276 1286 2312 officio
1315 2277 1439 2313 Ordin.
1469 2287 1503 2314 n.
1532 2277 1587 2314 65.

272 2352 285 2370 ²
311 2352 399 2388 Can.
426 2351 459 2395 6,
486 2362 586 2388 caus.
617 2352 671 2395 16,
698 2363 732 2397 q.
762 2353 792 2389 1.

273 2422 285 2441 ³
313 2424 402 2468 Gap.
432 2423 461 2465 1,
489 2423 532 2460 de
559 2424 709 2460 constit.
737 2424 774 2459 in
799 2423 848 2460 6⁰.

272 2494 285 2512 ³
311 2494 396 2540 Cap.
423 2495 456 2539 4,
483 2495 527 2531 de
546 2505 714 2532 concess.
740 2497 985 2541 praebendae.
1007 2497 1114 2542 Prop.
1142 2497 1173 2540 8,
1202 2498 1296 2533 inter
1317 2498 1441 2533 damn.
1470 2498 1567 2533 Petri
1596 2497 1832 2533 Oxonionsis.

272 2566 284 2585 ¹⁵
313 2565 381 2602 Cir.
401 2567 563 2602 ZACHAR.
585 2566 804 2613 Antifebron.
826 2578 858 2614 p.
878 2567 911 2612 Ξ,
931 2568 952 2604 l.
972 2568 993 2603 5
1011 2574 1047 2604 et
1066 2570 1288 2615 Antifebron.
1308 2570 1438 2605 vindic.
1459 2569 1603 2605 dissert.
1622 2578 1704 2613 cap.
1722 2568 1743 2604 5
1764 2573 1798 2604 el
1819 2569 1850 2604 6.

272 2637 285 2655 ⁶
310 2638 395 2674 Pius
423 2638 467 2680 ΙΙ,
494 2642 609 2675 const.
637 2639 864 2675 Execrabilis
893 2639 910 2674 1
940 2640 1029 2676 febr.
1058 2640 1159 2676 1459.
1188 2640 1302 2677 Iulius
1329 2640 1374 2682 Il,
1407 2645 1526 2677 const.
1553 2641 1713 2686 Sascepti
1743 2641 1939 2686 regiminis.

273 2708 285 2727 ⁷
313 2709 399 2745 Can.
429 2710 545 2750 mist.
574 2709 631 2752 022,
659 2710 728 2746 Csr.
756 2711 919 2747 ZAcaAn.
948 2711 1175 2758 Antifebron.
1203 2722 1237 2757 p.
1266 2711 1299 2754 2,
1328 2712 1349 2747 l.
1380 2713 1410 2755 1,
1438 2722 1518 2757 cap.
1546 2712 1576 2747 7.

273 2780 287 2798 ⁵³
313 2780 398 2827 Cap.
426 2781 448 2817 8
474 2782 518 2818 de
545 2792 687 2819 excess.
708 2782 859 2828 praelat.
880 2783 1006 2829 ibique
1034 2783 1165 2820 Glossa
1191 2784 1302 2819 verbo
1325 2785 1518 2829 pertinere.

272 2852 284 2871 ⁹
311 2852 397 2898 Cap.
428 2852 471 2889 16
497 2853 542 2890 de
561 2854 666 2892 elect.
695 2855 732 2890 in
759 2854 808 2891 6⁰.
841 2854 911 2891 Cir.
938 2855 1100 2891 ZAann.
1129 2856 1355 2901 Ancisem-on.
1383 2865 1416 2901 p.
1444 2855 1477 2899 2,
1505 2856 1526 2891 l.
1556 2855 1586 2897 1,
1614 2865 1692 2900 cap.
1721 2856 1753 2899 4,
1779 2860 1814 2891 et
1842 2854 1941 2890 Anti-

154 2923 294 2968 sebron.
320 2924 487 2960 vindicat.
507 2925 652 2963 dissert.
680 2926 713 2967 8,
740 2935 820 2971 cap.
847 2925 880 2961 2.

260 2993 288 3012 ¹⁰
315 2993 403 3040 Cap.
431 2994 466 3038 2,
492 3000 528 3031 et
553 2997 574 3031 (ι
601 2996 646 3032 de
675 2997 798 3033 transl.
827 2997 1013 3043 Episcopi.
1041 2998 1111 3034 Cfr.
1138 2998 1302 3035 ZACHAR.
1330 2998 1351 3033 l.
1380 3008 1409 3034 c.
1438 3007 1516 3043 cap.
1544 2997 1578 3033 5.

262 3063 287 3082 ¹¹
317 3064 403 3110 Cap.
429 3063 450 3100 2
476 3065 521 3102 de
539 3066 663 3104 transl.
683 3067 805 3112 Episc.
833 3068 903 3104 Gfr.
929 3068 1093 3104 ZAann.
1121 3068 1142 3103 l.
1169 3077 1199 3103 c.
1227 3078 1306 3114 cap.
1334 3067 1356 3104 6
1382 3072 1418 3104 et
1443 3067 1661 3113 Antifebron.
1689 3068 1750 3103 vin
1776 3068 1842 3104 dic.
1872 3067 1941 3103 dis-

157 3138 241 3172 sert.
267 3135 299 3178 8,
326 3145 406 3182 cap.
433 3136 467 3173 4.
