2176 3386
1898 0 1909 10 c
1938 0 1945 9 f
1974 0 2176 109 ’.μκή-...Ἰ

260 179 313 219 60
935 190 1044 219 PARS
1074 191 1114 218 11.
1145 191 1200 218 DE
1231 190 1368 219 REBUS

261 298 357 353 fiat,
393 295 659 355 peccabitur
705 295 909 354 graviter
939 296 1122 355 quando
1159 297 1250 340 tale
1283 296 1449 340 falsum
1483 295 1663 340 veniale
1707 294 1846 340 fuerit
1891 308 2038 340 sacra-

264 381 408 426 menti
436 381 626 426 materia
659 381 828 435 totalis,
865 394 957 425 non
994 394 1103 424 vero
1137 394 1242 425 cum
1277 378 1415 424 fuerit
1448 379 1666 438 partialis.

381 465 482 508 720.
521 463 764 521 Integritas
789 477 900 508 vero
933 467 1001 508 est
1034 462 1284 508 materialis
1318 462 1391 507 vel
1426 461 1642 507 formalis.
1679 462 1911 507 Confessio
1947 476 2042 506 ma-

262 547 486 591 terialiter
533 547 708 604 Integra
748 550 817 591 est
851 545 1081 592 accusatio
1129 544 1337 590 omnium
1383 544 1646 589 mortalium
1690 544 2039 589 commissorum

262 631 410 690 quoad
445 645 708 686 numerum,
745 631 934 689 specieS,
969 634 1016 675 et
1048 630 1421 675 circumstantias
1451 629 1761 674 declarandas
1808 629 2041 675 Confessio

265 714 519 758 formaliter
553 713 729 771 integra
764 718 833 758 est
865 714 1098 758 accusatio
1131 727 1290 758 eorum
1324 713 1569 757 dumtaxat
1604 712 1889 768 mortalium,
1923 727 2041 772 quae
2112 744 2116 747 -

265 796 506 855 poenitens
539 800 686 855 potest
718 800 765 841 et
797 796 931 841 debet
962 796 1194 841 declarare
1219 795 1263 840 in
1299 795 1352 839 iis
1384 795 1760 849 circumstantiis,
1797 795 1843 839 in
1877 795 2044 855 quibus

263 885 490 924 versatur.
543 883 627 923 Per
658 893 705 923 se
738 879 965 938 loquendo
1006 878 1245 937 integritas
1287 879 1587 924 confessionis
1631 880 1687 924 ad
1720 878 1922 925 valorem
1968 882 2040 925 Sa-

264 963 490 1007 cramenti
526 962 741 1021 requisita
790 963 957 1020 exigit,
993 967 1044 1006 ut
1075 965 1301 1021 quantum
1350 962 1583 1007 moraliter
1624 962 1719 1006 fieri
1761 967 1933 1020 potest,
1968 962 2041 1006 de-

264 1047 523 1091 clarentur:
565 1047 602 1090 l.
627 1046 793 1090 Omnia
819 1049 1005 1104 peccata
1040 1046 1250 1090 mortalia
1274 1049 1368 1090 tam
1392 1046 1568 1091 occulta
1603 1050 1648 1090 et
1680 1045 1880 1101 interna,
1905 1058 2042 1104 quam

265 1135 457 1175 externa
491 1133 537 1173 et
572 1129 764 1187 publica,
800 1129 979 1173 etiamsi
1014 1129 1197 1174 aliunde
1231 1133 1384 1173 essent
1417 1132 1524 1174 nota
1558 1129 1857 1174 Confessario.
1892 1130 1934 1173 Ξ.
1965 1132 2043 1173 Eo-

264 1227 367 1257 rum
403 1226 636 1258 numerus.
672 1213 712 1257 5.
739 1216 912 1257 Omnes
934 1212 1106 1270 species
1140 1213 1348 1256 morales.
1385 1212 1427 1255 4.
1455 1215 1626 1256 Omnes
1649 1210 2041 1267 circumstantiae,

264 1310 380 1356 quae
414 1298 611 1354 speciem
649 1299 939 1353 peccatorum
976 1298 1174 1340 mutant.
1227 1295 1266 1339 5.
1305 1295 1390 1352 Ipsi
1437 1295 1632 1353 denique
1670 1300 1799 1340 actus
1843 1294 2040 1339 externi.

270 1386 404 1426 Porro
429 1395 521 1426 non
545 1380 795 1440 requiritur
819 1379 1058 1437 integritas
1082 1378 1348 1433 materialis,
1373 1379 1450 1423 sed
1483 1378 1650 1423 suflicit
1674 1379 1892 1423 formalis.
1927 1378 2046 1423 Hinc
2070 1372 2075 1377 ’

266 1479 289 1509 a
325 1464 612 1510 confessione
647 1464 822 1521 integra
859 1462 1157 1507 materialiter
1189 1467 1495 1507 excusantur:
1537 1463 1571 1506 l.
1606 1461 1690 1516 Qui
1725 1476 1782 1506 ex
1816 1461 2046 1506 oblivione

266 1547 558 1607 inculpabili,
594 1549 668 1592 vel
710 1546 970 1605 ignorantia
1018 1546 1300 1602 invincibili,
1336 1546 1515 1605 aliquod
1570 1545 1760 1591 mortale
1809 1544 2041 1590 omittunt.

268 1635 308 1677 2.
346 1631 430 1686 Qui
466 1646 543 1690 per
577 1635 746 1689 gestus,
781 1630 1073 1688 scripturam,
1111 1630 1185 1674 vel
1218 1630 1304 1674 alia
1338 1629 1464 1687 signa
1500 1634 1736 1689 nequeunt
1783 1628 1937 1673 omnia
1971 1628 2045 1671 de-

267 1719 456 1762 clarare.
494 1717 535 1760 5.
572 1715 656 1770 Qui
691 1718 937 1759 versantur
970 1714 1015 1757 in
1052 1712 1252 1771 periculo
1288 1712 1510 1757 moriendi
1544 1716 1651 1757 ante
1693 1711 2043 1767 absolutionem,

268 1801 353 1845 nisi
391 1815 498 1844 mox
533 1800 687 1855 detur,
725 1802 837 1843 tunc
869 1798 994 1842 enim
1016 1797 1184 1842 auditis
1207 1797 1395 1856 aliquot,
1421 1796 1686 1841 absolvendi
1710 1801 1831 1840 sunt.
1868 1796 1906 1840 [ι.
1934 1799 2045 1841 Cum

268 1883 314 1928 in
341 1883 563 1941 naufragii
591 1882 791 1941 periculo
814 1881 1094 1936 imminenti,
1116 1882 1187 1925 vel
1214 1880 1416 1925 instante
1440 1893 1607 1939 pugna,
1634 1883 1870 1939 nequeunt
1887 1892 2048 1924 omnes

269 1970 445 2025 integre
479 1965 713 2022 confiteri3
749 1969 862 2009 tunc
897 1963 1021 2008 enim
1055 1964 1222 2008 suflicit
1255 1962 1481 2007 confessio
1514 1963 1731 2017 confusa,
1767 1976 1854 2020 qua
1887 1974 2048 2006 omnes

269 2051 404 2095 simul
447 2048 710 2107 significant
748 2061 794 2092 se
829 2059 1065 2104 peccasse,
1101 2046 1252 2090 dolere
1286 2045 1340 2089 de
1375 2044 1595 2102 peccatis,
1631 2048 1677 2089 et
1711 2043 1826 2088 velle
1859 2044 2046 2089 absolvi.

270 2134 311 2180 Si
347 2138 504 2178 tamen
530 2130 842 2189 unusquisque
870 2132 1017 2187 potest
1039 2129 1200 2173 saltem
1235 2128 1416 2187 aliquod
1439 2132 1678 2186 peccatum
1716 2126 1761 2171 in
1786 2127 2048 2184 particulari

270 2214 478 2260 confiteri
514 2212 747 2271 privatim,
784 2211 839 2256 ad
874 2211 914 2255 id
950 2215 1148 2255 tenetur.
1188 2211 1227 2255 5.
1260 2211 1306 2265 li,
1334 2224 1525 2269 quorum
1552 2209 1719 2254 idioma
1754 2223 1845 2253 non
1880 2208 2047 2253 nisiex

270 2305 398 2359 parte
415 2297 612 2356 {intelligi
639 2300 787 2354 potest
811 2310 834 2339 a
859 2294 1155 2350 confessario,
1182 2294 1218 2338 si
1242 2298 1475 2353 nequeant
1497 2292 1626 2337 alteri
1650 2292 1874 2346 confiteri,
1901 2291 2048 2351 sitque

271 2381 521 2428 necessitas
554 2379 832 2435 confitendi,
869 2379 942 2423 vel
976 2379 1104 2423 iuxta
1137 2377 1311 2437 aliquos
1345 2382 1503 2435 urgeat
1539 2376 1832 2435 praeceptum
1866 2390 2048 2421 annuae

271 2464 590 2510 confessionis.
627 2464 668 2508 6.
696 2462 930 2518 Sacerdos,
954 2462 1062 2506 dum
1089 2465 1328 2520 peccatum
1364 2475 1498 2505 suum
1527 2459 1735 2505 confiteri
1760 2460 1920 2520 nequit
1951 2459 2048 2504 ahs-

270 2563 358 2608 que
407 2546 631 2592 fractione
680 2545 809 2603 sigilli
860 2544 1177 2591 confessionis.
1228 2545 1270 2588 7.
1307 2544 1594 2602 Quicumque
1630 2542 1839 2587 confiteri
1891 2542 2050 2602 nequit

271 2631 451 2690 aliquod
489 2633 727 2688 peccatum
762 2628 860 2672 sine
894 2626 1023 2685 gravi
1057 2626 1226 2671 damno
1259 2626 1535 2671 confessioni
1571 2625 1849 2680 extrinseco,
1875 2629 2048 2682 tempo-

273 2715 382 2770 rali,
421 2714 493 2758 vel
526 2712 780 2771 spirituali,
810 2712 909 2756 sive
942 2709 1140 2769 proprio,
1176 2709 1275 2754 sive
1307 2709 1447 2754 etiam
1481 2710 1658 2765 alieno,
1697 2723 1804 2753 nam
1840 2709 1914 2752 lex
1945 2707 2049 2752 clia-

270 2798 423 2843 ritatis
455 2796 624 2854 obligat
656 2795 712 2840 ad
744 2794 1023 2853 diligendum
1059 2793 1321 2851 proximum
1356 2792 1475 2838 sicut
1498 2805 1580 2836 nos
1613 2791 1748 2850 ipsos,
1774 2805 1827 2836 ac
1862 2789 2048 2849 proinde

272 2880 326 2925 ad
351 2879 593 2924 vitandum
617 2879 715 2923 eius
737 2878 986 2934 damnum;
1023 2880 1074 2920 ut
1095 2875 1131 2920 si
1157 2875 1406 2934 prudenter
1426 2874 1606 2930 timeas,
1633 2888 1690 2919 ne
1723 2872 2044 2928 confessariuS,

271 2963 349 3023 qui
382 2963 503 3008 solus
536 2961 691 3007 haberi
727 2964 891 3019 potest,
927 2961 1108 3018 frangat
1139 2957 1354 3016 sigillum.
1391 2958 1474 3003 Sed
1506 2962 1619 3002 tunc
1649 2955 1900 3015 requiritur
1930 2954 2048 2999 iusta

272 3060 409 3092 causa
443 3044 693 3090 confitendi
727 3043 802 3088 bic
834 3049 880 3087 et
902 3055 1028 3087 nunc
1050 3041 1129 3088 tali
1161 3039 1457 3096 confessario,
1487 3039 1744 3084 cuiusmodi
1776 3041 1895 3084 esset
1921 3050 2048 3097 prae-

2101 3082 2176 3386 l
