2176 3386
774 211 906 241 Lim-:n
933 211 957 240 1.
988 212 1045 240 nr:
1074 211 1270 241 cni-:rums
1838 202 1916 242 193

131 333 180 365 se
196 320 269 364 vel
293 333 371 378 per
390 319 532 364 alium
555 333 608 364 ea
631 332 787 376 gerere
809 332 926 379 quae
957 323 1068 364 sunt
1091 318 1415 377 parochorum,
1441 318 1691 372 dummodo
1713 317 1779 364 eis
1802 317 1915 362 nihil

132 402 379 447 detrahant
411 417 469 446 ex
506 401 757 447 redditibus
788 401 886 446 sive
927 402 1065 447 certis
1097 402 1195 446 sive
1246 400 1451 456 incertiS,
1476 415 1544 446 ·ex
1586 400 1912 457 oblationibus,

131 483 506 539 obventionibus,
541 489 629 530 etc.
657 485 689 542 ¹;
715 489 866 542 potest
897 497 1192 539 oeconomos,
1227 484 1262 529 si
1299 484 1342 528 id
1376 485 1628 529 necessitas
1663 485 1795 538 ferat,
1830 484 1914 529 eis-

130 568 234 612 dem
267 581 511 626 apponere;
549 572 697 626 potest
729 567 1025 626 particulares
1058 581 1219 613 causas
1250 567 1349 612 sive
1383 567 1565 625 negotia
1599 567 1654 611 iis
1685 568 1911 625 delegare,

133 655 267 710 prout
298 650 382 694 sibi
419 650 582 695 melius
614 651 766 695 visum
802 651 964 706 fuerit,
1000 665 1114 710 quos
1146 663 1339 708 capaces
1371 651 1556 695 (luxerit
1588 663 1714 707 esse;
1769 655 1916 708 potest

130 747 235 779 suos
267 733 471 779 subditos
502 734 557 777 ad
581 733 914 779 ecclesiasticos
947 734 1130 778 ordines
1165 747 1453 792 promovere,
1491 733 1586 791 pias
1609 734 1914 778 confraterni-
1980 732 1983 734 ’

133 823 248 863 tates
280 817 538 873 instituere,
574 817 736 876 nequit
766 823 922 862 autem
957 818 1130 875 erigere
1162 818 1251 862 (luo
1285 816 1492 862 sodalitia
1533 816 1737 862 eiusdem
1782 817 1913 862 Insti-

132 899 218 944 tuti
252 901 298 944 in
333 900 494 944 eodem
529 901 691 958 oppido
726 901 799 945 vel
832 900 1039 945 civitate.

250 984 349 1027 255.
390 983 561 1027 Poterit
593 997 779 1041 operam
804 983 987 1041 exigere
1010 997 1197 1028 suorum
1223 985 1493 1029 clericorum
1518 984 1562 1028 in
1587 984 1808 1029 dioecesis
1842 985 1915 1029 bo-

132 1079 260 1121 uum,
289 1066 332 1110 iu
357 1067 506 1124 specie
530 1071 685 1111 autem
710 1080 733 1110 e
757 1066 963 1125 Capitulo
986 1066 1268 1111 Catbedralis
1290 1066 1514 1112 Ecclesiae
1532 1067 1645 1111 duos
1667 1067 1916 1112 canonicos

129 1161 362 1193 assumere
384 1150 438 1193 ad
462 1162 596 1194 suum
619 1149 877 1194 servitium.
913 1149 1079 1193 Poterit
1105 1150 1325 1194 beneficia
1350 1149 1660 1195 ecclesiastica
1683 1150 1911 1205 conferre,

129 1231 269 1275 salvis
301 1231 690 1276 reservationibus
722 1236 769 1276 et
803 1231 976 1275 iuribus
998 1232 1323 1287 devolutionis,
1350 1245 1602 1276 concursus
1625 1232 1913 1290 praeventio-

131 1314 343 1373 nisque2,
381 1328 466 1359 uec
499 1329 590 1359 non
627 1315 801 1359 iuribus
833 1315 964 1359 alteri
998 1315 1242 1374 quaesitis;
1280 1317 1390 1360 item
1426 1331 1547 1361 nova
1583 1317 1803 1362 beneficia
1828 1318 1913 1361 eri-

129 1410 250 1454 gere,
285 1397 483 1452 abolere,
517 1397 739 1452 dividere,
777 1399 925 1452 unire,
961 1399 1166 1456 exceptis
1198 1397 1427 1456 exemptis
1459 1403 1505 1442 et
1530 1404 1748 1456 perpetuo
1773 1413 1914 1444 reser-

133 1479 266 1535 vatis,
301 1484 348 1524 et
379 1480 517 1525 salvis
551 1481 737 1526 interim
773 1481 946 1526 iuribus
991 1482 1124 1525 tertio
1166 1481 1400 1540 quaesitis.
1455 1484 1623 1526 Verum
1669 1481 1915 1540 Episcopus

131 1577 222 1607 non
257 1569 406 1621 potest
440 1564 571 1609 unire
606 1565 830 1610 beneficia
865 1579 1053 1610 mensae
1092 1579 1225 1620 suae,
1274 1567 1342 1610 rel
1387 1565 1594 1623 capitulo
1640 1565 1916 1610 cathedralis

131 1647 374 1703 Ecclesiae,
410 1662 495 1693 nec
528 1649 745 1704 fabricae,
782 1663 867 1693 nec
900 1649 1134 1694 sacristiae
1159 1649 1191 1705 ³,
1238 1650 1370 1708 i‹lquc
1413 1663 1469 1693 ne
1513 1649 1558 1693 iu
1599 1649 1776 1707 synodo
1817 1648 1914 1706 qui-

129 1729 250 1786 dem,
287 1745 436 1791 neque
470 1737 617 1790 potest
650 1734 870 1778 beneficia
904 1733 1181 1791 parochialia
1217 1733 1348 1777 unire
1383 1732 1691 1788 monasteriis,
1718 1732 1912 1790 dignita-

131 1814 252 1859 tibus
284 1820 393 1871 etc.,
430 1817 503 1861 vel
536 1817 590 1861 iis
623 1818 873 1874 beneficiis,
918 1832 1034 1877 quae
1076 1831 1235 1862 curam
1280 1817 1542 1862 animarum
1586 1832 1678 1862 nou
1725 1819 1911 1873 babent,

129 1912 272 1958 eoque
293 1899 446 1944 minus
464 1915 515 1945 ea
535 1907 809 1946 convertere
832 1902 878 1946 in
897 1903 1118 1947 beneficia
1138 1902 1380 1960 simplicia,
1408 1916 1493 1946 nec
1518 1902 1655 1946 libera
1680 1901 1914 1947 beneficiis

130 1982 239 2028 iuris
262 1988 545 2042 patronatus,
572 1986 656 2030 nisi
691 1991 771 2030 aut
804 1992 1022 2044 patronus
1045 2001 1126 2031 suo
1160 1987 1247 2031 iuri
1282 1986 1523 2031 renunciet
1556 1991 1636 2031 aut
1663 1986 1914 2031 conveniat

247 2148 255 2166 ¹
285 2148 336 2185 Gr.
363 2149 527 2186 Brinno}
555 2150 582 2184 Ι.
610 2151 651 2187 Ε.
684 2151 724 2187 U.
744 2152 846 2187 Tom.
875 2152 900 2195 I,
929 2152 1023 2188 Diss.
1052 2152 1083 2193 4,
1111 2152 1199 2197 Cap.
1227 2152 1252 2187 Ι.

247 2218 259 2237 ²
286 2220 367 2257 Iure
396 2221 662 2258 Praeventz'onis
688 2221 861 2258 Summus
889 2223 1058 2258 Pontifex
1085 2222 1226 2258 confert
1246 2222 1425 2259 beneficia
1445 2221 1608 2258 nondum
1629 2221 1808 2263 vacantia,
1827 2231 1911 2258 cum

128 2290 269 2327 scilicet
295 2293 516 2328 vacaverint.
549 2293 634 2329 Iure
662 2293 867 2330 Concursus
894 2294 1033 2330 confert
1061 2294 1254 2334 beneficia,
1280 2304 1375 2339 quac
1402 2294 1620 2340 regulariter
1638 2294 1685 2329 ab
1704 2294 1787 2330 aliis
1822 2304 1911 2330 con-

130 2361 212 2398 ferri
239 2362 423 2407 deberent,
451 2374 534 2401 cum
562 2365 698 2410 quibus
726 2365 879 2409 proinde
906 2375 949 2401 eo
978 2366 1014 2400 in
1041 2375 1128 2402 casu
1157 2365 1267 2401 veluti
1288 2365 1484 2406 concurrit,
1506 2365 1555 2400 ila
1574 2369 1610 2401 ut
1631 2365 1694 2411 qui
1716 2365 1817 2410 prior
1835 2365 1912 2401 fue-

130 2433 176 2470 rit
203 2434 239 2469 in
266 2436 501 2478 conferendo,
530 2437 751 2481 praevaleat,
778 2442 814 2473 et
839 2437 871 2473 si
898 2437 1052 2473 dubium
1081 2437 1125 2472 sii
1154 2442 1266 2482 atque
1292 2437 1444 2483 insuper
1470 2442 1601 2473 neuter
1628 2447 1673 2473 ex
1711 2437 1912 2473 nominatis

131 2507 404 2550 possessionem
431 2508 569 2553 ceperit
597 2507 700 2554 (nam
730 2509 766 2543 in
792 2509 905 2545 dubio
932 2509 1062 2545 melior
1095 2509 1163 2545 erit
1195 2509 1358 2545 conditio
1393 2508 1646 2554 possidentis),
1686 2519 1750 2554 pro
1790 2509 1913 2554 digni-

130 2576 214 2612 tatis
246 2579 500 2624 praerogativa
538 2580 725 2617 Romanus
765 2581 935 2617 Pontifex
975 2580 1207 2625 praevalebit.
1252 2580 1332 2617 Iure
1367 2581 1616 2616 Devolutionis
1661 2581 1702 2615 R.
1741 2580 1911 2616 Pontifex

132 2650 206 2682 tum
237 2647 378 2684 confert
406 2648 640 2694 beneficium,
667 2660 751 2687 cum
779 2651 987 2696 Episcopus
1014 2651 1046 2687 ei
1075 2651 1287 2688 immediate
1315 2651 1505 2688 subiectus
1539 2652 1778 2689 collationem
1815 2652 1912 2688 intra

129 2722 275 2765 tempus
301 2731 322 2756 a
351 2722 427 2758 iure
454 2728 629 2760 statutum
658 2724 822 2759 conferre
850 2724 1026 2770 neglexit,
1054 2724 1112 2761 vel
1141 2724 1363 2761 beneficium
1391 2725 1545 2770 indigno
1586 2725 1763 2761 contulit:
1787 2726 1911 2762 Reser-

130 2792 225 2827 vatio
251 2792 411 2837 denique
439 2794 495 2830 ius
521 2794 683 2839 speciale
709 2799 775 2837 est,
803 2804 876 2841 quo
904 2796 1079 2832 Summus
1106 2796 1274 2832 Pontifex
1304 2795 1539 2832 collationem
1568 2796 1777 2841 aliquorum
1805 2795 1913 2832 bene-

130 2860 310 2906 ficiorum,
337 2873 432 2909 quae
459 2865 677 2911 regulariter
703 2867 750 2902 ab
777 2867 858 2903 aliis
887 2867 1045 2903 conferri
1073 2867 1302 2910 debuissent,
1331 2868 1401 2903 sibi
1432 2868 1609 2912 privative
1637 2868 1799 2903 vindicat
1834 2867 1911 2903 sive

129 2933 176 2970 ad
200 2934 389 2972 vinculum
419 2937 567 2973 unitatis
594 2937 793 2974 fovendum
820 2947 863 2974 ac
890 2938 1135 2980 retinendum,
1155 2937 1232 2973 sive
1252 2938 1297 2973 ad
1317 2937 1462 2984 aliquos
1482 2934 1739 2983 reprimendos
1757 2937 1909 2973 abusus.

130 3004 182 3041 De
206 3005 264 3041 his
288 3007 415 3043 confer
441 3011 633 3044 tractatum
661 3009 705 3045 de
734 3009 936 3046 beneficiis.

246 3077 259 3097 ⁸
286 3077 320 3113 S.
347 3077 461 3124 Cong.
488 3079 602 3115 Cone.
629 3080 667 3116 in
692 3080 895 3117 Cometami
921 3080 967 3116 24
994 3080 1100 3116 Febr.
1130 3079 1231 3116 1872.

253 3147 565 3181 ermmi-Soueni.
1746 3150 1785 3180 13
