2176 3386
217 197 270 236 20
892 207 1000 236 PARS
1032 209 1071 239 11.
1101 209 1157 236 DE
1188 208 1326 237 REBUS

218 316 468 361 secundam
503 318 678 373 partem
714 328 807 359 non
842 315 993 359 licere.
1031 314 1236 374 Denique
1269 318 1489 359 arcentur
1520 315 1698 373 publice
1744 314 1998 371 criminosi,

218 398 430 443 infames.
468 402 622 443 Potest
663 403 818 442 autem
854 410 1023 442 munus
1057 397 1229 442 Patrini
1264 411 1342 454 per
1376 401 1720 456 procuratorem
1754 397 1887 454 obiri,
1922 411 2000 443 ve-

220 487 485 527 rumtamen
519 482 565 526 in
600 483 685 527 hoc
718 494 825 525 casu
861 480 957 524 iura
996 480 1222 537 exigunt,
1262 483 1313 524 ut
1352 494 1545 538 persona
1587 480 1751 525 absens
1793 485 2001 539 tempore

219 566 357 612 habili
391 566 477 611 hoc
511 578 679 610 munus
710 567 937 622 acceptet,
972 577 1025 607 ac
1060 568 1110 606 ut
1141 563 1366 621 deputans
1404 563 1673 608 mandatum
1707 563 1813 608 edat
1845 577 1924 622 pro
1947 578 2001 609 eo

218 663 242 693 a
277 662 366 708 quo
398 648 533 692 debet
565 647 611 691 in
646 646 724 691 tali
759 646 1047 690 caeremonia
1087 645 1408 704 representari,

340 732 441 776 642.
478 730 635 784 Quoad
671 743 840 773 nomen
875 730 922 773 50
946 729 1202 773 curandum
1226 733 1276 772 ut
1305 728 1431 773 iuxta
1466 727 1739 772 laudabilem
1774 726 2002 772 Ecclesiae

220 814 603 862 consuetudinem
629 827 810 870 semper
832 811 1098 869 imponatur
1129 811 1404 870 baptizando
1437 826 1607 856 nomen
1631 810 1823 855 alicuius
1854 810 2002 855 sancti

222 900 268 944 in
305 897 631 955 martyrologio
682 909 873 940 romano
921 893 1168 952 descripti,
1204 894 1396 939 omnino
1442 893 1699 939 interdictis
1738 893 2004 938 nominibus

220 981 490 1036 obscoenis,
528 979 774 1033 fabulosis,
812 978 1020 1023 inanium
1069 979 1257 1022 deorum
1305 979 1374 1022 vel
1421 978 1666 1036 impiorum
1710 977 2001 1022 ethnicorum

221 1064 480 1118 hominum,
515 1061 679 1121 quibus
711 1060 904 1119 gentiles
938 1064 1134 1104 utuntur
1165 1064 1212 1104 et
1246 1060 1447 1118 neophiti
1493 1059 1709 1118 appellari
1751 1072 2002 1103 consueve-

220 1153 360 1202 runt,
396 1150 646 1204 antequam
697 1159 776 1202 per
823 1143 1101 1202 baptismum
1151 1148 1306 1188 essent
1351 1142 1536 1187 divinae
1586 1142 1757 1200 gratiae
1797 1141 1943 1186 renati
1971 1142 2000 1185 ¹.

219 1230 346 1285 Quod
380 1230 415 1274 si
451 1243 643 1287 puerum
678 1228 1002 1285 baptizandum
1037 1227 1248 1271 deferens
1282 1227 1396 1271 nolit
1420 1238 1602 1284 prorsus
1623 1239 1728 1269 eum
1763 1224 2001 1283 baptizari,

221 1313 305 1357 nisi
342 1311 556 1370 imposito
601 1310 729 1366 impii
770 1310 962 1355 alicuius
998 1310 1211 1365 nomine,
1249 1324 1340 1354 nou
1385 1309 1483 1353 idco
1525 1309 1591 1352 fas
1623 1311 1693 1352 est
1724 1306 2001 1363 baptismum

219 1396 427 1450 differre,
463 1395 541 1439 sed
576 1409 686 1452 puer
727 1393 1027 1452 baptizandus
1068 1398 1165 1449 est,
1202 1393 1356 1437 addito
1389 1391 1613 1436 submissa
1649 1405 1778 1446 voce,
1816 1389 2004 1434 nomine

221 1478 414 1524 alicuius
448 1477 594 1523 sancti
620 1478 651 1522 ².

340 1562 439 1606 645.
482 1561 683 1620 Denique
716 1561 764 1605 40
800 1560 845 1604 in
878 1560 1153 1618 baptismate
1197 1574 1314 1618 aqua
1356 1558 1613 1618 baptismali
1659 1557 1882 1601 utendum
1915 1559 1999 1610 cst,

220 1650 267 1689 et
305 1644 446 1689 sacris
488 1644 598 1689 oleis
640 1644 736 1688 eius
781 1645 922 1698 anni,
958 1643 1058 1697 vel,
1096 1642 1164 1687 his
1206 1641 1553 1696 deficientibus,
1588 1639 1859 1698 superioris;
1911 1652 2001 1682 non

221 1727 346 1771 enim
390 1726 497 1771 licet
539 1726 818 1784 baptismum
861 1739 945 1769 nec
977 1725 1032 1769 ad
1067 1726 1206 1769 breve
1253 1729 1433 1781 teinpus
1465 1723 1646 1768 differre
1670 1723 1702 1766 ⁸.
1754 1726 2005 1779 Interroga-

222 1811 373 1856 tioues
397 1826 509 1856 vero
542 1811 588 1855 in
613 1810 856 1856 collatione
880 1810 1094 1868 baptismi
1118 1808 1214 1854 fieri
1238 1809 1408 1853 debent
1441 1808 1600 1863 latine,
1625 1810 1816 1865 possunt
1846 1809 2002 1850 autem

221 1892 369 1950 primo
403 1892 545 1937 latine
579 1894 743 1947 factae,
780 1891 886 1936 dein
920 1891 966 1936 in
1003 1891 1238 1949 vulgarem
1273 1890 1477 1948 linguam
1514 1888 1647 1943 verti,
1683 1892 1734 1931 ut
1764 1887 1822 1931 ab
1850 1885 2004 1930 adulto

221 1974 495 2034 baptizando
530 1975 603 2020 vel
637 1990 660 2019 a
695 1975 888 2034 patrinis
928 1980 972 2019 et
1016 1973 1228 2019 matrinis
1275 1972 1623 2030 intelligantur,
1658 1970 1695 2015 si
1742 1973 1904 2027 agatur
1950 1968 2006 2013 de

221 2059 449 2118 baptismo
484 2059 734 2104 infantium
759 2059 789 2103 ⁴.

982 2225 1162 2269 CAPUT
1195 2226 1245 2267 ΙΙ.

866 2346 928 2381 DE
955 2342 1363 2382 CONFIRMATIONE.

343 2464 445 2508 644.
484 2463 689 2507 Alterum
734 2475 883 2505 novae
917 2461 1046 2518 Legis
1084 2462 1428 2504 sacramentum
1463 2461 1531 2501 est
1563 2452 1881 2508 Confirmatio,
1915 2466 2005 2510 quo

226 2563 305 2607 per
339 2547 601 2592 chrismatis
634 2546 905 2590 unctionem
942 2545 1027 2589 sub
1058 2548 1183 2588 certa
1218 2542 1464 2587 verborum
1507 2541 1655 2585 forma
1694 2538 1829 2583 datur
1861 2537 2007 2594 bapti-

223 2634 337 2677 zatis
372 2631 606 2690 plenitudo
640 2629 834 2688 Spiritus
866 2628 1019 2673 Sancti
1044 2627 1099 2671 ad
1122 2625 1319 2671 firmiter
1346 2624 1626 2670 credendum
1659 2626 1706 2666 et
1736 2621 1792 2666 ad
1824 2620 2007 2665 fortiter

223 2714 523 2774 pugnandum
559 2728 639 2772 pro
671 2712 774 2756 fide.

342 2873 351 2892 ¹
382 2872 518 2910 Bened.
538 2872 636 2915 XIV,
663 2871 786 2908 Const.
814 2871 984 2908 Omnium
1009 2869 1293 2906 sollicitudinum
1321 2867 1364 2904 12
1391 2871 1481 2914 sept.
1514 2866 1616 2904 1744.

343 2944 355 2963 ’
380 2944 517 2989 Congr.
546 2943 581 2980 S.
609 2942 650 2980 Ο.
678 2943 753 2979 iun.
781 2941 886 2979 1885.

345 3005 357 3022 ³
384 3003 418 3040 S.
446 3003 514 3039 Rit.
541 3002 678 3048 Congr.
709 3001 752 3038 19
778 3005 870 3047 sept.
898 2999 1000 3037 1859.

343 3073 358 3094 ¹·
386 3074 520 3120 Congr.
539 3074 573 3109 S.
594 3072 637 3110 Ο.
654 3073 761 3109 Feria
779 3072 841 3117 IV,
860 3071 908 3108 25
926 3081 1011 3119 aug.
1040 3071 1142 3109 1880.
1169 3070 1316 3108 Collect.
1343 3079 1381 3107 n.
1397 3069 1479 3106 657.
