2176 3386
163 291 234 334 ius
264 288 506 332 diuturnis
547 286 713 343 populi
753 285 958 329 moribus
996 290 1038 328 et
1085 285 1222 328 tacito
1259 284 1426 341 populi
1464 296 1691 327 consensa
1738 280 1944 327 introdu-

161 375 288 416 ctum
325 370 354 413 ¹.
391 373 514 414 Haec
546 367 753 413 definitio
785 366 1043 412 desumitur
1075 381 1134 411 ex
1164 372 1291 411 statu
1323 366 1632 410 democracico
1665 364 1818 423 populi
1860 368 1943 409 Ro-

162 452 306 509 mani;
342 452 404 497 ita
438 452 486 496 in
519 455 640 496 statu
660 452 980 496 aristocratico
1019 449 1298 508 optimatum
1342 460 1594 494 consensus
1635 448 1946 506 requireretur

163 536 227 581 uti
263 539 395 580 notat
431 534 614 580 Machat
647 533 678 578 ².
721 533 1005 577 Consuetudo
1039 534 1173 588 iuris,
1210 531 1275 576 uti
1311 535 1453 589 patet,
1489 535 1558 575 est
1583 530 1733 588 potius
1755 544 1945 575 consue·

161 619 340 663 tudinis
370 617 585 676 effectus;
622 617 728 660 binc
762 616 808 660 in
843 630 952 661 casu
985 615 1177 660 effectus
1210 614 1410 659 sumitur
1444 628 1522 670 pro
1556 627 1710 658 causa.

284 702 379 746 117.
420 705 485 745 Ex
518 701 655 746 allata
688 699 958 745 definitione
992 702 1117 757 patet
1162 699 1392 758 quomodo
1436 699 1720 742 consuetudo
1761 697 1946 742 differat

162 799 192 830 α
225 786 336 842 tegle,
374 798 403 828 a
431 786 816 841 praescriptione,
854 797 883 827 a
918 783 1203 827 traditione.-
1255 784 1300 837 a)
1342 781 1501 826 Differt
1534 795 1562 826 a
1597 781 1695 838 lcye
1736 782 1946 838 promul-

163 875 277 926 [Jata
313 882 406 912 non
442 868 620 926 proprie
652 867 757 926 quia
793 868 866 911 lex
899 871 968 911 est
1008 869 1201 923 scripta,
1239 880 1263 910 e
1297 870 1459 910 contra
1507 865 1804 920 consuetudo,
1841 865 1947 924 quia

165 966 259 995 non
293 958 354 995 esi
388 951 441 995 de
477 951 586 1009 legis
618 954 815 995 essentia
851 955 900 994 ut
935 951 1104 1007 scripta
1138 949 1210 1005 sit,
1248 963 1332 993 nec
1366 962 1550 1006 semper
1581 948 1636 992 de
1672 950 1794 992 facto
1828 948 1949 1005 leges

166 1035 477 1094 promulgatae
509 1037 712 1091 scriptae
751 1039 860 1078 sunt
907 1033 1024 1091 apud
1076 1033 1293 1091 populos,
1331 1031 1407 1076 sed
1442 1031 1548 1090 quia
1596 1030 1671 1076 lex
1710 1031 1858 1075 oritur
1891 1045 1948 1075 ex

162 1119 341 1162 directa
377 1120 613 1175 Principis
645 1118 881 1162 voluntate
917 1116 1279 1174 promulgatione
1327 1115 1649 1170 manifestata,
1685 1114 1794 1158 dum
1841 1128 1947 1158 con-

164 1202 356 1246 suetudo
393 1203 587 1259 primam
634 1201 858 1258 originem
896 1201 1031 1244 babet
1070 1214 1124 1243 ex
1165 1200 1328 1256 populi
1371 1198 1588 1242 moribus.
1642 1198 1680 1253 ὁ)
1723 1197 1881 1241 Dill'crt
1924 1211 1948 1240 a

160 1285 562 1341 praescriptione*
596 1285 701 1343 quia
740 1286 777 1339 l)
808 1283 1103 1342 praescriptio
1138 1282 1260 1326 inter
1289 1285 1501 1339 privatos
1534 1281 1684 1326 locuni
1714 1281 1875 1324 babet:
1913 1279 1949 1324 si

164 1368 475 1412 communitas
501 1367 794 1425 praescribat,
831 1367 896 1410 uti
933 1367 1109 1424 privata
1153 1379 1345 1424 persona
1391 1365 1610 1421 habetur-3
1653 1366 1694 1421 2)
1732 1363 1950 1422 praescri-

166 1451 259 1509 ptio
294 1465 384 1495 non
420 1450 598 1496 inducit
630 1451 715 1494 nisi
753 1453 821 1494 iiis
852 1451 1173 1507 particularc³3
1217 1450 1259 1506 5)
1297 1447 1593 1506 praescriptio
1636 1447 1798 1492 saltem
1834 1445 1951 1491 ordi·

166 1534 293 1578 naria
329 1548 420 1578 non
454 1534 632 1578 obtinet
666 1534 749 1578 nisi
787 1533 1099 1591 praescribens
1133 1533 1192 1576 sit
1227 1532 1271 1576 in
1306 1533 1426 1576 bona
1459 1532 1550 1590 fide
1582 1545 1635 1575 ac
1665 1530 1798 1575 titulo
1834 1533 1951 1574 insto

165 1622 211 1661 et
243 1618 403 1662 saltem
439 1623 488 1661 ut
521 1616 688 1661 dicitur
719 1618 920 1662 colorato
954 1616 1287 1674 possessionem
1322 1615 1506 1671 babeat;
1544 1614 1663 1675 quod
1690 1613 1735 1658 in
1760 1627 1952 1658 consue·

170 1701 329 1745 tudine
364 1702 630 1759 praesertim
654 1708 820 1746 contra
844 1702 991 1758 legem
1015 1715 1107 1745 non
1132 1700 1334 1758 exigitur
1358 1700 1396 1755 ⁴3
1440 1700 1481 1755 4)
1511 1699 1555 1742 in
1590 1697 1951 1756 praescriptione

169 1799 261 1829 non
296 1788 365 1829 est
399 1783 685 1829 necessarius
718 1783 837 1828 illius
869 1797 1120 1828 consensus
1158 1789 1319 1828 contra
1363 1797 1500 1842 quem
1545 1781 1891 1839 praescribitur,
1928 1795 1952 1825 e

167 1873 327 1912 contra
375 1868 523 1927 quoad
572 1846 954 1912 consuetudinem
991 1868 1020 1911 ³.
1070 1870 1108 1923 (r)
1147 1867 1304 1911 Differt
1351 1881 1376 1910 a
1427 1866 1680 1910 tradicione
1725 1878 1840 1923 quae
1884 1868 1954 1908 est

171 1971 190 1991 a
219 1951 286 1995 ius
318 1950 560 2010 antiquum
595 1965 619 1995 a
654 1951 910 2008 legislatore
944 1950 1184 1994 inductum
1219 1955 1265 1994 et
1298 1949 1405 1994 viva
1442 1962 1555 1993 voce
1597 1948 1652 1992 ad
1692 1948 1951 1992 communi-

167 2039 309 2079 tatem
345 2034 605 2079 traductum
634 2052 681 2091 ⁷⁷3
718 2034 1001 2078 consuetudo
1039 2048 1147 2078 vero
1181 2049 1205 2078 a
1240 2032 1576 2078 communitate
1611 2031 1860 2076 inducitur.

658 2182 675 2223 ξ
701 2182 733 2215 2.
788 2201 800 2204 -
833 2180 890 2215 Dc
918 2179 1216 2215 consuetudiizis
1249 2178 1454 2214 divisione.

289 2291 386 2335 118.
423 2294 535 2335 Cum
569 2290 854 2334 consuetudo
898 2289 1057 2334 referri
1095 2289 1234 2347 possit
1269 2289 1341 2333 vel
1390 2288 1447 2333 ad
1487 2287 1740 2331 subiectam
1789 2285 1863 2330 vel
1897 2284 1953 2329 ad

167 2375 403 2429 obiectum,
442 2373 512 2417 vel
546 2372 602 2417 ad
635 2375 787 2430 ipsam
821 2373 967 2430 leyem
1003 2373 1355 2430 promulgatam,
1392 2370 1675 2416 consuetudo
1712 2369 1954 2427 tripliciter

167 2456 478 2515 distinguitur.
502 2459 547 2512 a)
575 2455 732 2501 Relate
756 2458 812 2500 ad
841 2457 1087 2500 subiectum
1110 2455 1280 2500 dicitur
1301 2454 1664 2513 ⁴(lenerali'ssz'm(i
1686 2466 1802 2511 quae
1828 2453 1950 2496 inter

229 2607 232 2610 ⁴
289 2601 297 2620 ¹
327 2602 365 2638 L.
392 2601 437 2637 52
463 2600 497 2638 ff.
526 2602 570 2638 de
598 2602 665 2637 LL⁴
694 2601 730 2637 C.
757 2600 789 2643 5,
818 2601 851 2637 d.
881 2601 912 2636 1.

290 2672 302 2690 ²
331 2673 501 2714 Manum,
529 2673 616 2710 Inst.
644 2673 712 2709 iur.
740 2682 819 2708 can.
847 2672 869 2708 l.
899 2672 928 2714 1,
958 2676 980 2708 1.
1005 2673 1038 2708 li.

291 2743 304 2762 ⁸
355 2744 599 2790 Praescriptio
624 2748 679 2781 est
714 2758 727 2775 α
745 2743 904 2780 adiectio
923 2743 1075 2780 dominii
1098 2743 1154 2778 vel
1186 2743 1291 2788 quasi
1319 2741 1473 2778 dominii
1491 2745 1555 2777 aut
1577 2740 1733 2776 alicuius
1761 2739 1850 2775 iuris
1877 2738 1953 2774 sive

172 2814 281 2851 realis
313 2816 388 2851 sive
415 2815 621 2861 personalis
648 2825 713 2861 per
738 2815 992 2852 continuatam
1018 2813 1293 2860 possessionem
1331 2817 1494 2858 tempore
1526 2816 1561 2848 et
1587 2811 1697 2847 modo
1725 2820 1746 2846 a
1772 2810 1853 2855 lege
1892 2809 1955 2845 de-

173 2885 276 2922 finito
295 2899 327 2921 ».
368 2886 463 2923 Hinc
487 2887 725 2932 praescriptio
750 2886 924 2923 convenit
950 2895 1034 2922 cum
1062 2884 1352 2926 consuetudine,
1379 2883 1466 2929 quia
1493 2883 1531 2918 in
1558 2888 1710 2928 utraque
1745 2882 1801 2918 ius
1839 2881 1955 2917 oritur

168 2957 286 3003 posito
310 2958 408 3003 facto
434 2958 677 3003 possessionis.
703 2957 756 2993 De
783 2957 1073 3003 praescriptione
1101 2955 1307 2992 videbimus
1334 2959 1488 3000 agentes
1516 2954 1559 2990 de
1588 2953 1744 2994 iudiciis.

291 3026 306 3046 ⁸
332 3027 490 3072 Sullam,
516 3028 596 3071 Vll,
627 3028 682 3071 18,
707 3027 765 3064 24.

291 3098 305 3118 ⁵
331 3098 382 3135 Cf.
408 3100 564 3142 suanm,
590 3109 650 3145 op.
676 3109 707 3136 c.
734 3099 756 3135 l.
784 3099 923 3144 7,·cap.
952 3100 983 3135 7.
