<?xml version="1.0" encoding="UTF-8"?>
<!DOCTYPE html PUBLIC "-//W3C//DTD XHTML 1.0 Transitional//EN"
    "http://www.w3.org/TR/xhtml1/DTD/xhtml1-transitional.dtd">
<html xmlns="http://www.w3.org/1999/xhtml" xml:lang="en" lang="en">
 <head>
  <title>
</title>
<meta http-equiv="Content-Type" content="text/html;charset=utf-8" />
  <meta name='ocr-system' content='tesseract 3.04.00' />
  <meta name='ocr-capabilities' content='ocr_page ocr_carea ocr_par ocr_line ocrx_word'/>
</head>
<body>
  <div class='ocr_page' id='page_1' title='image "apparatus00ziteuoft_0047.png"; bbox 0 0 2176 3386; ppageno 0'>
   <div class='ocr_carea' id='block_1_1' title="bbox 0 0 420 144">
    <p class='ocr_par' dir='ltr' id='par_1_1' title="bbox 0 0 420 144">
     <span class='ocr_line' id='line_1_1' title="bbox 0 0 420 144; baseline 0 3242"><span class='ocrx_word' id='word_1_1' title='bbox 0 0 420 144; x_wconf 95' lang='lat' dir='ltr'><strong> </strong></span> 
     </span>
    </p>
   </div>
   <div class='ocr_carea' id='block_1_2' title="bbox 800 190 1940 230">
    <p class='ocr_par' dir='ltr' id='par_1_2' title="bbox 800 190 1940 230">
     <span class='ocr_line' id='line_1_2' title="bbox 800 190 1940 230; baseline 0.002 -2"><span class='ocrx_word' id='word_1_2' title='bbox 800 200 928 229; x_wconf 77' lang='lat' dir='ltr'><strong>Lim-:n</strong></span> <span class='ocrx_word' id='word_1_3' title='bbox 958 201 981 229; x_wconf 88' lang='lat'><strong>1.</strong></span> <span class='ocrx_word' id='word_1_4' title='bbox 1017 200 1074 229; x_wconf 80' lang='lat' dir='ltr'><strong>DE</strong></span> <span class='ocrx_word' id='word_1_5' title='bbox 1103 200 1296 229; x_wconf 80' lang='lat' dir='ltr'>CLERICIS</span> <span class='ocrx_word' id='word_1_6' title='bbox 1377 227 1379 229; x_wconf 83' lang='grc'><em>,</em></span> <span class='ocrx_word' id='word_1_7' title='bbox 1887 190 1940 230; x_wconf 88' lang='grc'><strong>35</strong></span> 
     </span>
    </p>
   </div>
   <div class='ocr_carea' id='block_1_3' title="bbox 188 243 1865 269">
    <p class='ocr_par' dir='ltr' id='par_1_3' title="bbox 188 243 1865 269">
     <span class='ocr_line' id='line_1_3' title="bbox 188 243 1865 269; baseline 0 0"><span class='ocrx_word' id='word_1_8' title='bbox 188 243 1865 269; x_wconf 95' lang='lat' dir='ltr'><strong> </strong></span> 
     </span>
    </p>
   </div>
   <div class='ocr_carea' id='block_1_4' title="bbox 147 302 2004 2028">
    <p class='ocr_par' dir='ltr' id='par_1_4' title="bbox 156 302 1938 695">
     <span class='ocr_line' id='line_1_4' title="bbox 161 302 1938 365; baseline -0.001 -14"><span class='ocrx_word' id='word_1_9' title='bbox 161 305 301 362; x_wconf 90' lang='lat' dir='ltr'><strong>mitti,</strong></span> <span class='ocrx_word' id='word_1_10' title='bbox 336 305 514 351; x_wconf 90' lang='lat' dir='ltr'><strong>nullum</strong></span> <span class='ocrx_word' id='word_1_11' title='bbox 550 305 710 351; x_wconf 85' lang='lat' dir='ltr'>tribuit</span> <span class='ocrx_word' id='word_1_12' title='bbox 741 305 811 350; x_wconf 89' lang='lat' dir='ltr'><strong>ius</strong></span> <span class='ocrx_word' id='word_1_13' title='bbox 845 305 1089 364; x_wconf 86' lang='lat' dir='ltr'><strong>postulato,</strong></span> <span class='ocrx_word' id='word_1_14' title='bbox 1125 305 1254 365; x_wconf 87' lang='lat' dir='ltr'><strong>isque</strong></span> <span class='ocrx_word' id='word_1_15' title='bbox 1289 319 1380 350; x_wconf 94' lang='lat' dir='ltr'><strong>non</strong></span> <span class='ocrx_word' id='word_1_16' title='bbox 1417 309 1567 363; x_wconf 91' lang='lat' dir='ltr'><strong>potest</strong></span> <span class='ocrx_word' id='word_1_17' title='bbox 1602 305 1647 349; x_wconf 91' lang='lat' dir='ltr'><strong>in</strong></span> <span class='ocrx_word' id='word_1_18' title='bbox 1684 306 1806 350; x_wconf 89' lang='lat' dir='ltr'><strong>illam</strong></span> <span class='ocrx_word' id='word_1_19' title='bbox 1831 302 1938 350; x_wconf 89' lang='lat' dir='ltr'><strong>con-</strong></span> 
     </span>
     <span class='ocr_line' id='line_1_5' title="bbox 158 383 1938 447; baseline 0.001 -15"><span class='ocrx_word' id='word_1_20' title='bbox 158 388 329 433; x_wconf 78' lang='lat' dir='ltr'><strong>sentire</strong></span> <span class='ocrx_word' id='word_1_21' title='bbox 362 388 447 433; x_wconf 93' lang='lat' dir='ltr'><strong>nisi</strong></span> <span class='ocrx_word' id='word_1_22' title='bbox 481 389 565 433; x_wconf 89' lang='lat' dir='ltr'><strong>sub</strong></span> <span class='ocrx_word' id='word_1_23' title='bbox 595 387 860 434; x_wconf 91' lang='lat' dir='ltr'><strong>conditione</strong></span> <span class='ocrx_word' id='word_1_24' title='bbox 892 388 1272 447; x_wconf 84' lang='lat' dir='ltr'><strong>dispensationis:</strong></span> <span class='ocrx_word' id='word_1_25' title='bbox 1309 387 1473 432; x_wconf 84' lang='lat' dir='ltr'><strong>electio</strong></span> <span class='ocrx_word' id='word_1_26' title='bbox 1501 383 1612 432; x_wconf 72' lang='lat' dir='ltr'><strong>vero</strong></span> <span class='ocrx_word' id='word_1_27' title='bbox 1646 391 1715 432; x_wconf 90' lang='lat' dir='ltr'><strong>est</strong></span> <span class='ocrx_word' id='word_1_28' title='bbox 1738 389 1938 446; x_wconf 66' lang='lat' dir='ltr'><strong>provisio</strong></span> 
     </span>
     <span class='ocr_line' id='line_1_6' title="bbox 158 469 1934 530; baseline 0.001 -15"><span class='ocrx_word' id='word_1_29' title='bbox 158 470 386 516; x_wconf 81' lang='lat' dir='ltr'><strong>ordinaria</strong></span> <span class='ocrx_word' id='word_1_30' title='bbox 411 485 630 530; x_wconf 80' lang='lat' dir='ltr'><strong>personae</strong></span> <span class='ocrx_word' id='word_1_31' title='bbox 652 472 707 516; x_wconf 92' lang='lat' dir='ltr'><strong>de</strong></span> <span class='ocrx_word' id='word_1_32' title='bbox 730 471 827 516; x_wconf 90' lang='lat' dir='ltr'><strong>iure</strong></span> <span class='ocrx_word' id='word_1_33' title='bbox 852 471 1029 526; x_wconf 87' lang='lat' dir='ltr'><strong>habilis,</strong></span> <span class='ocrx_word' id='word_1_34' title='bbox 1055 485 1134 516; x_wconf 89' lang='lat' dir='ltr'><strong>seu</strong></span> <span class='ocrx_word' id='word_1_35' title='bbox 1160 471 1284 515; x_wconf 91' lang='lat' dir='ltr'><strong>nullo</strong></span> <span class='ocrx_word' id='word_1_36' title='bbox 1313 469 1643 529; x_wconf 82' lang='lat' dir='ltr'><strong>impedimento</strong></span> <span class='ocrx_word' id='word_1_37' title='bbox 1666 470 1934 528; x_wconf 84' lang='lat' dir='ltr'><strong>laborantis,</strong></span> 
     </span>
     <span class='ocr_line' id='line_1_7' title="bbox 156 553 1937 611; baseline 0.001 -14"><span class='ocrx_word' id='word_1_38' title='bbox 156 553 372 597; x_wconf 91' lang='lat' dir='ltr'><strong>innititur</strong></span> <span class='ocrx_word' id='word_1_39' title='bbox 403 553 490 598; x_wconf 90' lang='lat' dir='ltr'><strong>iuri</strong></span> <span class='ocrx_word' id='word_1_40' title='bbox 514 559 560 599; x_wconf 91' lang='lat' dir='ltr'><strong>et</strong></span> <span class='ocrx_word' id='word_1_41' title='bbox 580 554 749 599; x_wconf 90' lang='lat' dir='ltr'><strong>dicitur</strong></span> <span class='ocrx_word' id='word_1_42' title='bbox 770 554 1060 611; x_wconf 86' lang='lat' dir='ltr'><strong>confirmari;</strong></span> <span class='ocrx_word' id='word_1_43' title='bbox 1096 554 1243 598; x_wconf 89' lang='lat' dir='ltr'><strong>electo</strong></span> <span class='ocrx_word' id='word_1_44' title='bbox 1265 553 1426 597; x_wconf 80' lang='lat' dir='ltr'><strong>tribuit</strong></span> <span class='ocrx_word' id='word_1_45' title='bbox 1462 553 1529 597; x_wconf 86' lang='lat' dir='ltr'><strong>ius</strong></span> <span class='ocrx_word' id='word_1_46' title='bbox 1552 553 1615 597; x_wconf 82' lang='lat' dir='ltr'><strong>ad</strong></span> <span class='ocrx_word' id='word_1_47' title='bbox 1640 567 1752 606; x_wconf 80' lang='lat' dir='ltr'><strong>rem,</strong></span> <span class='ocrx_word' id='word_1_48' title='bbox 1782 559 1827 598; x_wconf 89' lang='lat' dir='ltr'><strong>et</strong></span> <span class='ocrx_word' id='word_1_49' title='bbox 1849 556 1937 598; x_wconf 86' lang='lat' dir='ltr'><strong>ele-</strong></span> 
     </span>
     <span class='ocr_line' id='line_1_8' title="bbox 157 637 1201 695; baseline -0.001 -15"><span class='ocrx_word' id='word_1_50' title='bbox 157 640 258 680; x_wconf 92' lang='lat' dir='ltr'><strong>ctus</strong></span> <span class='ocrx_word' id='word_1_51' title='bbox 290 637 495 682; x_wconf 87' lang='lat' dir='ltr'><strong>absolute</strong></span> <span class='ocrx_word' id='word_1_52' title='bbox 529 637 574 681; x_wconf 91' lang='lat' dir='ltr'><strong>in</strong></span> <span class='ocrx_word' id='word_1_53' title='bbox 609 652 711 682; x_wconf 90' lang='lat' dir='ltr'><strong>eam</strong></span> <span class='ocrx_word' id='word_1_54' title='bbox 745 637 1006 682; x_wconf 87' lang='lat' dir='ltr'><strong>consentire</strong></span> <span class='ocrx_word' id='word_1_55' title='bbox 1040 641 1201 695; x_wconf 88' lang='lat' dir='ltr'><strong>potest.</strong></span> 
     </span>
    </p>

    <p class='ocr_par' dir='ltr' id='par_1_5' title="bbox 147 719 2004 1861">
     <span class='ocr_line' id='line_1_9' title="bbox 275 719 2004 778; baseline -0.001 -13"><span class='ocrx_word' id='word_1_56' title='bbox 275 721 346 765; x_wconf 80' lang='lat'><strong>56.</strong></span> <span class='ocrx_word' id='word_1_57' title='bbox 387 720 555 764; x_wconf 81' lang='lat' dir='ltr'><strong>Electio</strong></span> <span class='ocrx_word' id='word_1_58' title='bbox 589 721 786 778; x_wconf 89' lang='lat' dir='ltr'><strong>pertinet</strong></span> <span class='ocrx_word' id='word_1_59' title='bbox 820 720 865 764; x_wconf 93' lang='lat' dir='ltr'><strong>in</strong></span> <span class='ocrx_word' id='word_1_60' title='bbox 900 734 1066 778; x_wconf 81' lang='lat' dir='ltr'><strong>genere</strong></span> <span class='ocrx_word' id='word_1_61' title='bbox 1099 720 1154 764; x_wconf 85' lang='lat' dir='ltr'><strong>ad</strong></span> <span class='ocrx_word' id='word_1_62' title='bbox 1176 719 1470 777; x_wconf 73' lang='lat' dir='ltr'><strong>capitulares,</strong></span> <span class='ocrx_word' id='word_1_63' title='bbox 1513 723 1586 762; x_wconf 83' lang='lat' dir='ltr'><strong>Est</strong></span> <span class='ocrx_word' id='word_1_64' title='bbox 1618 723 1775 763; x_wconf 88' lang='lat' dir='ltr'><strong>autem</strong></span> <span class='ocrx_word' id='word_1_65' title='bbox 1809 719 2004 777; x_wconf 16' lang='lat' dir='ltr'><strong>capi-x*</strong></span> 
     </span>
     <span class='ocr_line' id='line_1_10' title="bbox 154 802 1934 866; baseline 0 -20"><span class='ocrx_word' id='word_1_66' title='bbox 154 803 301 848; x_wconf 92' lang='lat' dir='ltr'><strong>tulum</strong></span> <span class='ocrx_word' id='word_1_67' title='bbox 337 805 520 861; x_wconf 89' lang='lat' dir='ltr'><strong>plenum</strong></span> <span class='ocrx_word' id='word_1_68' title='bbox 555 805 827 849; x_wconf 86' lang='lat' dir='ltr'><strong>clericorum</strong></span> <span class='ocrx_word' id='word_1_69' title='bbox 860 803 1100 866; x_wconf 80' lang='lat' dir='ltr'><strong>collegium</strong></span> <span class='ocrx_word' id='word_1_70' title='bbox 1124 803 1199 861; x_wconf 85' lang='lat' dir='ltr'><strong>qui</strong></span> <span class='ocrx_word' id='word_1_71' title='bbox 1233 803 1317 847; x_wconf 87' lang='lat' dir='ltr'><strong>sub</strong></span> <span class='ocrx_word' id='word_1_72' title='bbox 1346 816 1437 846; x_wconf 91' lang='lat' dir='ltr'><strong>uno</strong></span> <span class='ocrx_word' id='word_1_73' title='bbox 1462 802 1668 846; x_wconf 87' lang='lat' dir='ltr'><strong>Praelato</strong></span> <span class='ocrx_word' id='word_1_74' title='bbox 1695 805 1934 860; x_wconf 83' lang='lat' dir='ltr'><strong>tamquam</strong></span> 
     </span>
     <span class='ocr_line' id='line_1_11' title="bbox 156 883 1934 944; baseline -0.001 -14"><span class='ocrx_word' id='word_1_75' title='bbox 156 887 359 931; x_wconf 88' lang='lat' dir='ltr'><strong>membra</strong></span> <span class='ocrx_word' id='word_1_76' title='bbox 384 887 467 931; x_wconf 92' lang='lat' dir='ltr'><strong>sub</strong></span> <span class='ocrx_word' id='word_1_77' title='bbox 490 901 581 931; x_wconf 92' lang='lat' dir='ltr'><strong>uno</strong></span> <span class='ocrx_word' id='word_1_78' title='bbox 605 887 753 944; x_wconf 89' lang='lat' dir='ltr'><strong>capite</strong></span> <span class='ocrx_word' id='word_1_79' title='bbox 781 886 970 942; x_wconf 85' lang='lat' dir='ltr'><strong>vivunt;</strong></span> <span class='ocrx_word' id='word_1_80' title='bbox 1005 884 1205 944; x_wconf 86' lang='lat' dir='ltr'><strong>alioquin</strong></span> <span class='ocrx_word' id='word_1_81' title='bbox 1232 885 1267 929; x_wconf 92' lang='lat' dir='ltr'><strong>si</strong></span> <span class='ocrx_word' id='word_1_82' title='bbox 1292 884 1376 929; x_wconf 89' lang='lat' dir='ltr'><strong>sub</strong></span> <span class='ocrx_word' id='word_1_83' title='bbox 1398 898 1490 927; x_wconf 87' lang='lat' dir='ltr'><strong>uno</strong></span> <span class='ocrx_word' id='word_1_84' title='bbox 1514 883 1663 942; x_wconf 88' lang='lat' dir='ltr'><strong>capite</strong></span> <span class='ocrx_word' id='word_1_85' title='bbox 1689 898 1779 929; x_wconf 89' lang='lat' dir='ltr'><strong>non</strong></span> <span class='ocrx_word' id='word_1_86' title='bbox 1809 885 1934 928; x_wconf 84' lang='lat' dir='ltr'><strong>vive·</strong></span> 
     </span>
     <span class='ocr_line' id='line_1_12' title="bbox 154 966 1934 1026; baseline -0.002 -13"><span class='ocrx_word' id='word_1_87' title='bbox 154 975 272 1023; x_wconf 89' lang='lat' dir='ltr'><strong>rent,</strong></span> <span class='ocrx_word' id='word_1_88' title='bbox 310 984 401 1015; x_wconf 92' lang='lat' dir='ltr'><strong>non</strong></span> <span class='ocrx_word' id='word_1_89' title='bbox 434 970 745 1015; x_wconf 89' lang='lat' dir='ltr'><strong>communitas</strong></span> <span class='ocrx_word' id='word_1_90' title='bbox 777 969 854 1014; x_wconf 92' lang='lat' dir='ltr'><strong>sed</strong></span> <span class='ocrx_word' id='word_1_91' title='bbox 887 967 1178 1026; x_wconf 85' lang='lat' dir='ltr'><strong>singularitas</strong></span> <span class='ocrx_word' id='word_1_92' title='bbox 1203 972 1336 1011; x_wconf 84' lang='lat' dir='ltr'><strong>esset.</strong></span> <span class='ocrx_word' id='word_1_93' title='bbox 1376 967 1440 1011; x_wconf 83' lang='lat' dir='ltr'><strong>Ad</strong></span> <span class='ocrx_word' id='word_1_94' title='bbox 1464 966 1716 1024; x_wconf 83' lang='lat' dir='ltr'><strong>capitulum</strong></span> <span class='ocrx_word' id='word_1_95' title='bbox 1741 980 1818 1010; x_wconf 86' lang='lat' dir='ltr'><strong>seu</strong></span> <span class='ocrx_word' id='word_1_96' title='bbox 1844 967 1934 1011; x_wconf 92' lang='lat' dir='ltr'><strong>col-</strong></span> 
     </span>
     <span class='ocr_line' id='line_1_13' title="bbox 153 1050 1934 1110; baseline -0.001 -15"><span class='ocrx_word' id='word_1_97' title='bbox 153 1052 321 1110; x_wconf 87' lang='lat' dir='ltr'><strong>legium</strong></span> <span class='ocrx_word' id='word_1_98' title='bbox 354 1053 730 1098; x_wconf 85' lang='lat' dir='ltr'><strong>constituendum</strong></span> <span class='ocrx_word' id='word_1_99' title='bbox 764 1067 788 1096; x_wconf 87' lang='lat' dir='ltr'><strong>a</strong></span> <span class='ocrx_word' id='word_1_100' title='bbox 825 1051 1044 1110; x_wconf 86' lang='lat' dir='ltr'><strong>principio</strong></span> <span class='ocrx_word' id='word_1_101' title='bbox 1079 1055 1171 1095; x_wconf 91' lang='lat' dir='ltr'><strong>tres</strong></span> <span class='ocrx_word' id='word_1_102' title='bbox 1218 1050 1515 1109; x_wconf 91' lang='lat' dir='ltr'><strong>requiruntur</strong></span> <span class='ocrx_word' id='word_1_103' title='bbox 1558 1050 1719 1094; x_wconf 89' lang='lat' dir='ltr'><strong>saltem</strong></span> <span class='ocrx_word' id='word_1_104' title='bbox 1758 1050 1788 1104; x_wconf 84' lang='lat'><strong>¹,</strong></span> <span class='ocrx_word' id='word_1_105' title='bbox 1827 1063 1934 1108; x_wconf 87' lang='lat' dir='ltr'><strong>pau-</strong></span> 
     </span>
     <span class='ocr_line' id='line_1_14' title="bbox 152 1133 1933 1191; baseline -0.001 -14"><span class='ocrx_word' id='word_1_106' title='bbox 152 1134 297 1179; x_wconf 84' lang='lat' dir='ltr'><strong>ciores</strong></span> <span class='ocrx_word' id='word_1_107' title='bbox 328 1139 482 1180; x_wconf 89' lang='lat' dir='ltr'><strong>autem</strong></span> <span class='ocrx_word' id='word_1_108' title='bbox 517 1135 750 1179; x_wconf 88' lang='lat' dir='ltr'><strong>sufficiunt</strong></span> <span class='ocrx_word' id='word_1_109' title='bbox 781 1134 837 1179; x_wconf 89' lang='lat' dir='ltr'><strong>ad</strong></span> <span class='ocrx_word' id='word_1_110' title='bbox 861 1133 1231 1179; x_wconf 85' lang='lat' dir='ltr'><strong>conservandum</strong></span> <span class='ocrx_word' id='word_1_111' title='bbox 1256 1133 1525 1190; x_wconf 81' lang='lat' dir='ltr'><strong>collegium3</strong></span> <span class='ocrx_word' id='word_1_112' title='bbox 1563 1133 1598 1177; x_wconf 88' lang='lat' dir='ltr'><strong>si</strong></span> <span class='ocrx_word' id='word_1_113' title='bbox 1628 1147 1746 1177; x_wconf 90' lang='lat' dir='ltr'><strong>unus</strong></span> <span class='ocrx_word' id='word_1_114' title='bbox 1779 1146 1933 1191; x_wconf 87' lang='lat' dir='ltr'><strong>super-</strong></span> 
     </span>
     <span class='ocr_line' id='line_1_15' title="bbox 151 1217 1932 1276; baseline -0.001 -13"><span class='ocrx_word' id='word_1_115' title='bbox 151 1224 270 1263; x_wconf 89' lang='lat' dir='ltr'><strong>esset</strong></span> <span class='ocrx_word' id='word_1_116' title='bbox 305 1224 459 1263; x_wconf 78' lang='lat' dir='ltr'><strong>manet</strong></span> <span class='ocrx_word' id='word_1_117' title='bbox 493 1219 733 1276; x_wconf 83' lang='lat' dir='ltr'><strong>collegium</strong></span> <span class='ocrx_word' id='word_1_118' title='bbox 758 1218 919 1263; x_wconf 70' lang='lat' dir='ltr'><strong>habitu</strong></span> <span class='ocrx_word' id='word_1_119' title='bbox 941 1232 1033 1262; x_wconf 80' lang='lat' dir='ltr'><strong>non</strong></span> <span class='ocrx_word' id='word_1_120' title='bbox 1053 1225 1175 1273; x_wconf 76' lang='lat' dir='ltr'><strong>acca,</strong></span> <span class='ocrx_word' id='word_1_121' title='bbox 1203 1218 1238 1262; x_wconf 94' lang='lat' dir='ltr'><strong>si</strong></span> <span class='ocrx_word' id='word_1_122' title='bbox 1266 1218 1415 1261; x_wconf 89' lang='lat' dir='ltr'><strong>nullus</strong></span> <span class='ocrx_word' id='word_1_123' title='bbox 1438 1217 1634 1275; x_wconf 80' lang='lat' dir='ltr'><strong>supersit</strong></span> <span class='ocrx_word' id='word_1_124' title='bbox 1657 1218 1754 1261; x_wconf 86' lang='lat' dir='ltr'><strong>iura</strong></span> <span class='ocrx_word' id='word_1_125' title='bbox 1780 1218 1932 1262; x_wconf 67' lang='lat' dir='ltr'><strong>realia</strong></span> 
     </span>
     <span class='ocr_line' id='line_1_16' title="bbox 150 1299 1929 1361; baseline -0.002 -15"><span class='ocrx_word' id='word_1_126' title='bbox 150 1302 323 1360; x_wconf 87' lang='lat' dir='ltr'><strong>collegii</strong></span> <span class='ocrx_word' id='word_1_127' title='bbox 360 1307 550 1347; x_wconf 85' lang='lat' dir='ltr'><strong>manent</strong></span> <span class='ocrx_word' id='word_1_128' title='bbox 583 1301 826 1361; x_wconf 87' lang='lat' dir='ltr'><strong>aliquando</strong></span> <span class='ocrx_word' id='word_1_129' title='bbox 861 1301 906 1344; x_wconf 95' lang='lat' dir='ltr'><strong>in</strong></span> <span class='ocrx_word' id='word_1_130' title='bbox 942 1300 1215 1359; x_wconf 84' lang='lat' dir='ltr'><strong>parietibus,</strong></span> <span class='ocrx_word' id='word_1_131' title='bbox 1253 1301 1324 1344; x_wconf 83' lang='lat' dir='ltr'><strong>vel</strong></span> <span class='ocrx_word' id='word_1_132' title='bbox 1360 1300 1429 1343; x_wconf 87' lang='lat' dir='ltr'><strong>his</strong></span> <span class='ocrx_word' id='word_1_133' title='bbox 1461 1299 1624 1344; x_wconf 91' lang='lat' dir='ltr'><strong>dirutis</strong></span> <span class='ocrx_word' id='word_1_134' title='bbox 1658 1300 1704 1343; x_wconf 95' lang='lat' dir='ltr'><strong>in</strong></span> <span class='ocrx_word' id='word_1_135' title='bbox 1737 1301 1849 1354; x_wconf 88' lang='lat' dir='ltr'><strong>solo,</strong></span> <span class='ocrx_word' id='word_1_136' title='bbox 1883 1299 1929 1343; x_wconf 90' lang='lat' dir='ltr'><strong>in</strong></span> 
     </span>
     <span class='ocr_line' id='line_1_17' title="bbox 151 1383 1926 1444; baseline -0.001 -16"><span class='ocrx_word' id='word_1_137' title='bbox 151 1386 290 1430; x_wconf 77' lang='lat' dir='ltr'><strong>fundo</strong></span> <span class='ocrx_word' id='word_1_138' title='bbox 325 1387 355 1431; x_wconf 68' lang='lat'><strong>².</strong></span> <span class='ocrx_word' id='word_1_139' title='bbox 396 1386 534 1444; x_wconf 86' lang='lat' dir='ltr'><strong>igitur</strong></span> <span class='ocrx_word' id='word_1_140' title='bbox 565 1386 645 1430; x_wconf 91' lang='lat' dir='ltr'><strong>soli</strong></span> <span class='ocrx_word' id='word_1_141' title='bbox 678 1391 724 1429; x_wconf 91' lang='lat' dir='ltr'><strong>et</strong></span> <span class='ocrx_word' id='word_1_142' title='bbox 757 1398 917 1429; x_wconf 89' lang='lat' dir='ltr'><strong>omnes</strong></span> <span class='ocrx_word' id='word_1_143' title='bbox 949 1384 1222 1443; x_wconf 81' lang='lat' dir='ltr'><strong>capitulares</strong></span> <span class='ocrx_word' id='word_1_144' title='bbox 1264 1385 1319 1428; x_wconf 87' lang='lat' dir='ltr'><strong>ad</strong></span> <span class='ocrx_word' id='word_1_145' title='bbox 1364 1383 1625 1441; x_wconf 89' lang='lat' dir='ltr'><strong>eligendum</strong></span> <span class='ocrx_word' id='word_1_146' title='bbox 1671 1383 1926 1428; x_wconf 78' lang='lat' dir='ltr'><strong>Praelaturn</strong></span> 
     </span>
     <span class='ocr_line' id='line_1_18' title="bbox 152 1465 1927 1525; baseline -0.003 -12"><span class='ocrx_word' id='word_1_147' title='bbox 152 1483 312 1514; x_wconf 89' lang='lat' dir='ltr'><strong>vocem</strong></span> <span class='ocrx_word' id='word_1_148' title='bbox 347 1472 549 1514; x_wconf 72' lang='lat' dir='ltr'><strong>activam</strong></span> <span class='ocrx_word' id='word_1_149' title='bbox 585 1468 756 1513; x_wconf 80' lang='lat' dir='ltr'><strong>liabent</strong></span> <span class='ocrx_word' id='word_1_150' title='bbox 790 1467 874 1512; x_wconf 92' lang='lat' dir='ltr'><strong>nisi</strong></span> <span class='ocrx_word' id='word_1_151' title='bbox 909 1467 1005 1511; x_wconf 84' lang='lat' dir='ltr'><strong>iure</strong></span> <span class='ocrx_word' id='word_1_152' title='bbox 1031 1466 1411 1525; x_wconf 70' lang='lat' dir='ltr'><strong>prohibeantnr3.</strong></span> <span class='ocrx_word' id='word_1_153' title='bbox 1453 1471 1546 1511; x_wconf 91' lang='lat' dir='ltr'><strong>[mo</strong></span> <span class='ocrx_word' id='word_1_154' title='bbox 1581 1471 1630 1509; x_wconf 86' lang='lat' dir='ltr'><strong>ut</strong></span> <span class='ocrx_word' id='word_1_155' title='bbox 1663 1465 1927 1523; x_wconf 81' lang='lat' dir='ltr'><strong>capitularis</strong></span> 
     </span>
     <span class='ocr_line' id='line_1_19' title="bbox 148 1547 1923 1611; baseline -0.003 -14"><span class='ocrx_word' id='word_1_156' title='bbox 148 1552 312 1610; x_wconf 89' lang='lat' dir='ltr'><strong>eligere</strong></span> <span class='ocrx_word' id='word_1_157' title='bbox 347 1555 487 1611; x_wconf 88' lang='lat' dir='ltr'><strong>possit</strong></span> <span class='ocrx_word' id='word_1_158' title='bbox 518 1552 699 1606; x_wconf 84' lang='lat' dir='ltr'><strong>sufficit,</strong></span> <span class='ocrx_word' id='word_1_159' title='bbox 726 1555 775 1594; x_wconf 91' lang='lat' dir='ltr'><strong>ut</strong></span> <span class='ocrx_word' id='word_1_160' title='bbox 800 1551 914 1595; x_wconf 89' lang='lat' dir='ltr'><strong>bona</strong></span> <span class='ocrx_word' id='word_1_161' title='bbox 950 1551 1035 1594; x_wconf 85' lang='lat' dir='ltr'><strong>lide</strong></span> <span class='ocrx_word' id='word_1_162' title='bbox 1058 1549 1183 1594; x_wconf 89' lang='lat' dir='ltr'><strong>sitin</strong></span> <span class='ocrx_word' id='word_1_163' title='bbox 1222 1549 1502 1607; x_wconf 84' lang='lat' dir='ltr'><strong>possessione</strong></span> <span class='ocrx_word' id='word_1_164' title='bbox 1536 1554 1660 1593; x_wconf 87' lang='lat' dir='ltr'><strong>certa</strong></span> <span class='ocrx_word' id='word_1_165' title='bbox 1694 1547 1923 1603; x_wconf 83' lang='lat' dir='ltr'><strong>beneficii,</strong></span> 
     </span>
     <span class='ocr_line' id='line_1_20' title="bbox 149 1632 1924 1693; baseline -0.002 -15"><span class='ocrx_word' id='word_1_166' title='bbox 149 1635 255 1680; x_wconf 85' lang='lat' dir='ltr'><strong>licet</strong></span> <span class='ocrx_word' id='word_1_167' title='bbox 289 1636 341 1680; x_wconf 92' lang='lat' dir='ltr'><strong>lis</strong></span> <span class='ocrx_word' id='word_1_168' title='bbox 371 1636 425 1680; x_wconf 91' lang='lat' dir='ltr'><strong>de</strong></span> <span class='ocrx_word' id='word_1_169' title='bbox 461 1635 735 1693; x_wconf 80' lang='lat' dir='ltr'><strong>proprietate</strong></span> <span class='ocrx_word' id='word_1_170' title='bbox 769 1639 849 1678; x_wconf 86' lang='lat' dir='ltr'><strong>aut</strong></span> <span class='ocrx_word' id='word_1_171' title='bbox 885 1634 1001 1678; x_wconf 88' lang='lat' dir='ltr'><strong>tituli</strong></span> <span class='ocrx_word' id='word_1_172' title='bbox 1038 1634 1321 1692; x_wconf 89' lang='lat' dir='ltr'><strong>possessione</strong></span> <span class='ocrx_word' id='word_1_173' title='bbox 1357 1639 1478 1677; x_wconf 89' lang='lat' dir='ltr'><strong>mota</strong></span> <span class='ocrx_word' id='word_1_174' title='bbox 1501 1633 1559 1676; x_wconf 90' lang='lat' dir='ltr'><strong>sit</strong></span> <span class='ocrx_word' id='word_1_175' title='bbox 1582 1632 1613 1676; x_wconf 66' lang='lat'><strong>¹².</strong></span> <span class='ocrx_word' id='word_1_176' title='bbox 1652 1637 1747 1677; x_wconf 84' lang='lat' dir='ltr'><strong>lino</strong></span> <span class='ocrx_word' id='word_1_177' title='bbox 1781 1633 1826 1676; x_wconf 93' lang='lat' dir='ltr'><strong>in</strong></span> <span class='ocrx_word' id='word_1_178' title='bbox 1851 1646 1924 1689; x_wconf 90' lang='lat' dir='ltr'><strong>ge-</strong></span> 
     </span>
     <span class='ocr_line' id='line_1_21' title="bbox 148 1716 1928 1780; baseline -0.002 -16"><span class='ocrx_word' id='word_1_179' title='bbox 148 1734 255 1764; x_wconf 89' lang='lat' dir='ltr'><strong>nere</strong></span> <span class='ocrx_word' id='word_1_180' title='bbox 287 1721 363 1780; x_wconf 90' lang='lat' dir='ltr'><strong>qni</strong></span> <span class='ocrx_word' id='word_1_181' title='bbox 397 1723 466 1764; x_wconf 91' lang='lat' dir='ltr'><strong>est</strong></span> <span class='ocrx_word' id='word_1_182' title='bbox 500 1719 545 1763; x_wconf 91' lang='lat' dir='ltr'><strong>in</strong></span> <span class='ocrx_word' id='word_1_183' title='bbox 578 1719 704 1778; x_wconf 82' lang='lat' dir='ltr'><strong>quasi</strong></span> <span class='ocrx_word' id='word_1_184' title='bbox 741 1717 1020 1776; x_wconf 83' lang='lat' dir='ltr'><strong>possessione</strong></span> <span class='ocrx_word' id='word_1_185' title='bbox 1056 1717 1165 1761; x_wconf 90' lang='lat' dir='ltr'><strong>iuris</strong></span> <span class='ocrx_word' id='word_1_186' title='bbox 1197 1716 1391 1774; x_wconf 89' lang='lat' dir='ltr'><strong>eligendi</strong></span> <span class='ocrx_word' id='word_1_187' title='bbox 1425 1717 1480 1761; x_wconf 88' lang='lat' dir='ltr'><strong>ad</strong></span> <span class='ocrx_word' id='word_1_188' title='bbox 1514 1716 1789 1761; x_wconf 86' lang='lat' dir='ltr'><strong>electionem</strong></span> <span class='ocrx_word' id='word_1_189' title='bbox 1829 1730 1928 1774; x_wconf 88' lang='lat' dir='ltr'><strong>per-</strong></span> 
     </span>
     <span class='ocr_line' id='line_1_22' title="bbox 147 1802 808 1861; baseline -0.003 -14"><span class='ocrx_word' id='word_1_190' title='bbox 147 1803 371 1861; x_wconf 85' lang='lat' dir='ltr'><strong>agendam</strong></span> <span class='ocrx_word' id='word_1_191' title='bbox 407 1802 643 1847; x_wconf 75' lang='lat' dir='ltr'><strong>vocandus</strong></span> <span class='ocrx_word' id='word_1_192' title='bbox 676 1806 744 1846; x_wconf 90' lang='lat' dir='ltr'><strong>est</strong></span> <span class='ocrx_word' id='word_1_193' title='bbox 779 1802 808 1844; x_wconf 71' lang='lat'><strong>5.</strong></span> 
     </span>
    </p>

    <p class='ocr_par' dir='ltr' id='par_1_6' title="bbox 147 1882 1927 2028">
     <span class='ocr_line' id='line_1_23' title="bbox 268 1882 1923 1942; baseline -0.002 -12"><span class='ocrx_word' id='word_1_194' title='bbox 268 1890 331 1930; x_wconf 87' lang='lat' dir='ltr'><strong>Ex</strong></span> <span class='ocrx_word' id='word_1_195' title='bbox 375 1886 470 1930; x_wconf 91' lang='lat' dir='ltr'><strong>inre</strong></span> <span class='ocrx_word' id='word_1_196' title='bbox 514 1888 669 1929; x_wconf 89' lang='lat' dir='ltr'><strong>autem</strong></span> <span class='ocrx_word' id='word_1_197' title='bbox 711 1883 894 1942; x_wconf 87' lang='lat' dir='ltr'><strong>speciali</strong></span> <span class='ocrx_word' id='word_1_198' title='bbox 939 1882 1177 1927; x_wconf 85' lang='lat' dir='ltr'><strong>electionis</strong></span> <span class='ocrx_word' id='word_1_199' title='bbox 1219 1882 1289 1927; x_wconf 94' lang='lat' dir='ltr'><strong>ius</strong></span> <span class='ocrx_word' id='word_1_200' title='bbox 1336 1882 1390 1927; x_wconf 88' lang='lat' dir='ltr'><strong>ad</strong></span> <span class='ocrx_word' id='word_1_201' title='bbox 1439 1882 1635 1927; x_wconf 86' lang='lat' dir='ltr'><strong>Clericos</strong></span> <span class='ocrx_word' id='word_1_202' title='bbox 1676 1888 1923 1928; x_wconf 88' lang='lat' dir='ltr'><strong>extraneos</strong></span> 
     </span>
     <span class='ocr_line' id='line_1_24' title="bbox 147 1966 1927 2028; baseline -0.002 -14"><span class='ocrx_word' id='word_1_203' title='bbox 147 1970 376 2028; x_wconf 89' lang='lat' dir='ltr'><strong>pertinere</strong></span> <span class='ocrx_word' id='word_1_204' title='bbox 412 1973 558 2028; x_wconf 90' lang='lat' dir='ltr'><strong>potest</strong></span> <span class='ocrx_word' id='word_1_205' title='bbox 593 1969 662 2012; x_wconf 88' lang='lat' dir='ltr'><strong>vel</strong></span> <span class='ocrx_word' id='word_1_206' title='bbox 710 1971 755 2022; x_wconf 79' lang='lat' dir='ltr'><strong>a)</strong></span> <span class='ocrx_word' id='word_1_207' title='bbox 793 1982 849 2012; x_wconf 88' lang='lat' dir='ltr'><strong>ex</strong></span> <span class='ocrx_word' id='word_1_208' title='bbox 895 1966 1163 2011; x_wconf 83' lang='lat' dir='ltr'><strong>fundatione</strong></span> <span class='ocrx_word' id='word_1_209' title='bbox 1198 1966 1230 2022; x_wconf 83' lang='lat'><strong>⁶,</strong></span> <span class='ocrx_word' id='word_1_210' title='bbox 1270 1968 1340 2010; x_wconf 76' lang='lat' dir='ltr'><strong>vel</strong></span> <span class='ocrx_word' id='word_1_211' title='bbox 1382 1967 1424 2024; x_wconf 88' lang='lat' dir='ltr'><strong>b)</strong></span> <span class='ocrx_word' id='word_1_212' title='bbox 1467 1981 1525 2011; x_wconf 85' lang='lat' dir='ltr'><strong>ex</strong></span> <span class='ocrx_word' id='word_1_213' title='bbox 1570 1967 1927 2026; x_wconf 89' lang='lat' dir='ltr'><strong>praescriptione</strong></span> 
     </span>
    </p>
   </div>
   <div class='ocr_carea' id='block_1_5' title="bbox 141 2130 1925 3102">
    <p class='ocr_par' dir='ltr' id='par_1_7' title="bbox 263 2130 1327 2177">
     <span class='ocr_line' id='line_1_25' title="bbox 263 2130 1327 2177; baseline -0.002 -9"><span class='ocrx_word' id='word_1_214' title='bbox 263 2132 271 2150; x_wconf 83' lang='lat'>¹</span> <span class='ocrx_word' id='word_1_215' title='bbox 305 2132 389 2175; x_wconf 75' lang='lat' dir='ltr'><strong>Arg.</strong></span> <span class='ocrx_word' id='word_1_216' title='bbox 417 2132 438 2168; x_wconf 92' lang='lat' dir='ltr'><strong>l.</strong></span> <span class='ocrx_word' id='word_1_217' title='bbox 466 2131 521 2173; x_wconf 71' lang='lat'><strong>40,</strong></span> <span class='ocrx_word' id='word_1_218' title='bbox 552 2132 588 2167; x_wconf 89' lang='lat' dir='ltr'><strong>in</strong></span> <span class='ocrx_word' id='word_1_219' title='bbox 616 2131 676 2166; x_wconf 85' lang='lat' dir='ltr'><strong>fin.</strong></span> <span class='ocrx_word' id='word_1_220' title='bbox 704 2131 834 2177; x_wconf 83' lang='lat' dir='ltr'><strong>digest.</strong></span> <span class='ocrx_word' id='word_1_221' title='bbox 861 2131 905 2167; x_wconf 87' lang='lat' dir='ltr'><strong>de</strong></span> <span class='ocrx_word' id='word_1_222' title='bbox 936 2131 977 2166; x_wconf 89' lang='lat' dir='ltr'><strong>V.</strong></span> <span class='ocrx_word' id='word_1_223' title='bbox 1005 2131 1038 2166; x_wconf 88' lang='lat' dir='ltr'><strong>S.</strong></span> <span class='ocrx_word' id='word_1_224' title='bbox 1070 2130 1158 2174; x_wconf 77' lang='grc'><strong>1-85,</strong></span> <span class='ocrx_word' id='word_1_225' title='bbox 1186 2130 1266 2166; x_wconf 87' lang='lat' dir='ltr'><strong>eod.</strong></span> <span class='ocrx_word' id='word_1_226' title='bbox 1297 2130 1327 2166; x_wconf 87' lang='lat'><strong>1.</strong></span> 
     </span>
    </p>

    <p class='ocr_par' dir='ltr' id='par_1_8' title="bbox 263 2202 1074 2247">
     <span class='ocr_line' id='line_1_26' title="bbox 263 2202 1074 2247; baseline -0.004 -8"><span class='ocrx_word' id='word_1_227' title='bbox 263 2203 275 2221; x_wconf 77' lang='lat'>²</span> <span class='ocrx_word' id='word_1_228' title='bbox 302 2203 370 2239; x_wconf 84' lang='lat' dir='ltr'><strong>Cfr.</strong></span> <span class='ocrx_word' id='word_1_229' title='bbox 398 2203 460 2239; x_wconf 89' lang='lat' dir='ltr'><strong>lib.</strong></span> <span class='ocrx_word' id='word_1_230' title='bbox 487 2203 519 2244; x_wconf 87' lang='lat'><strong>5,</strong></span> <span class='ocrx_word' id='word_1_231' title='bbox 548 2204 600 2238; x_wconf 82' lang='lat' dir='ltr'><strong>tit.</strong></span> <span class='ocrx_word' id='word_1_232' title='bbox 632 2204 685 2245; x_wconf 82' lang='lat' dir='ltr'><strong>ll,</strong></span> <span class='ocrx_word' id='word_1_233' title='bbox 714 2203 851 2239; x_wconf 81' lang='lat' dir='ltr'><strong>decret.</strong></span> <span class='ocrx_word' id='word_1_234' title='bbox 880 2202 987 2247; x_wconf 85' lang='lat' dir='ltr'><strong>Greg.</strong></span> <span class='ocrx_word' id='word_1_235' title='bbox 1017 2202 1074 2238; x_wconf 86' lang='lat' dir='ltr'><strong>lX.</strong></span> 
     </span>
    </p>

    <p class='ocr_par' dir='ltr' id='par_1_9' title="bbox 264 2274 947 2320">
     <span class='ocr_line' id='line_1_27' title="bbox 264 2274 947 2320; baseline -0.001 -10"><span class='ocrx_word' id='word_1_236' title='bbox 264 2274 275 2293; x_wconf 81' lang='lat'><strong>⁸</strong></span> <span class='ocrx_word' id='word_1_237' title='bbox 303 2275 389 2320; x_wconf 89' lang='lat' dir='ltr'><strong>Cap.</strong></span> <span class='ocrx_word' id='word_1_238' title='bbox 416 2274 437 2310; x_wconf 84' lang='lat'>5</span> <span class='ocrx_word' id='word_1_239' title='bbox 465 2279 498 2310; x_wconf 74' lang='lat' dir='ltr'><strong>et</strong></span> <span class='ocrx_word' id='word_1_240' title='bbox 530 2275 583 2311; x_wconf 75' lang='lat'><strong>¹4.</strong></span> <span class='ocrx_word' id='word_1_241' title='bbox 610 2275 678 2310; x_wconf 85' lang='lat' dir='ltr'><strong>hoc</strong></span> <span class='ocrx_word' id='word_1_242' title='bbox 707 2274 810 2310; x_wconf 80' lang='lat' dir='ltr'><strong>titulo</strong></span> <span class='ocrx_word' id='word_1_243' title='bbox 838 2275 875 2309; x_wconf 92' lang='lat' dir='ltr'><strong>in</strong></span> <span class='ocrx_word' id='word_1_244' title='bbox 906 2274 947 2309; x_wconf 90' lang='lat' dir='ltr'><strong>X.</strong></span> 
     </span>
    </p>

    <p class='ocr_par' dir='ltr' id='par_1_10' title="bbox 263 2346 521 2383">
     <span class='ocr_line' id='line_1_28' title="bbox 263 2346 521 2383; baseline -0.008 -1"><span class='ocrx_word' id='word_1_245' title='bbox 263 2346 275 2365; x_wconf 83' lang='lat'><strong>¹·</strong></span> <span class='ocrx_word' id='word_1_246' title='bbox 302 2347 338 2382; x_wconf 88' lang='lat' dir='ltr'><strong>C.</strong></span> <span class='ocrx_word' id='word_1_247' title='bbox 365 2346 410 2382; x_wconf 75' lang='lat'><strong>24</strong></span> <span class='ocrx_word' id='word_1_248' title='bbox 438 2347 471 2383; x_wconf 77' lang='lat' dir='ltr'><strong>h.</strong></span> <span class='ocrx_word' id='word_1_249' title='bbox 500 2352 521 2382; x_wconf 83' lang='lat' dir='ltr'><strong>t.</strong></span> 
     </span>
    </p>

    <p class='ocr_par' dir='ltr' id='par_1_11' title="bbox 141 2418 1925 3031">
     <span class='ocr_line' id='line_1_29' title="bbox 263 2418 1925 2464; baseline -0.001 -10"><span class='ocrx_word' id='word_1_250' title='bbox 263 2419 276 2438; x_wconf 81' lang='lat'><strong>¹⁵</strong></span> <span class='ocrx_word' id='word_1_251' title='bbox 302 2419 388 2464; x_wconf 81' lang='lat' dir='ltr'><strong>Cap.</strong></span> <span class='ocrx_word' id='word_1_252' title='bbox 416 2420 505 2455; x_wconf 85' lang='lat' dir='ltr'><strong>Cum</strong></span> <span class='ocrx_word' id='word_1_253' title='bbox 532 2418 630 2454; x_wconf 89' lang='lat' dir='ltr'><strong>Eccl.</strong></span> <span class='ocrx_word' id='word_1_254' title='bbox 657 2419 678 2453; x_wconf 83' lang='lat'>5</span> <span class='ocrx_word' id='word_1_255' title='bbox 705 2418 748 2453; x_wconf 72' lang='lat' dir='ltr'><strong>ale</strong></span> <span class='ocrx_word' id='word_1_256' title='bbox 776 2428 874 2454; x_wconf 87' lang='lat' dir='ltr'><strong>caus.</strong></span> <span class='ocrx_word' id='word_1_257' title='bbox 895 2428 992 2463; x_wconf 89' lang='lat' dir='ltr'><strong>poss.</strong></span> <span class='ocrx_word' id='word_1_258' title='bbox 1012 2422 1045 2454; x_wconf 82' lang='lat' dir='ltr'><strong>el</strong></span> <span class='ocrx_word' id='word_1_259' title='bbox 1073 2427 1196 2463; x_wconf 88' lang='lat' dir='ltr'><strong>propr.</strong></span> <span class='ocrx_word' id='word_1_260' title='bbox 1224 2418 1364 2454; x_wconf 81' lang='lat' dir='ltr'><strong>Dicitur</strong></span> <span class='ocrx_word' id='word_1_261' title='bbox 1390 2428 1470 2454; x_wconf 73' lang='lat' dir='ltr'><strong>esse</strong></span> <span class='ocrx_word' id='word_1_262' title='bbox 1499 2418 1535 2453; x_wconf 89' lang='lat' dir='ltr'><strong>in</strong></span> <span class='ocrx_word' id='word_1_263' title='bbox 1562 2418 1925 2463; x_wconf 67' lang='lat' dir='ltr'><strong>quasi-possessione</strong></span> 
     </span>
     <span class='ocr_line' id='line_1_30' title="bbox 144 2467 1925 2536; baseline -0.002 -10"><span class='ocrx_word' id='word_1_264' title='bbox 144 2490 301 2536; x_wconf 87' lang='lat' dir='ltr'><strong>eligendi</strong></span> <span class='ocrx_word' id='word_1_265' title='bbox 341 2490 400 2526; x_wconf 90' lang='lat' dir='ltr'><strong>ille</strong></span> <span class='ocrx_word' id='word_1_266' title='bbox 428 2491 489 2535; x_wconf 80' lang='lat' dir='ltr'><strong>qui</strong></span> <span class='ocrx_word' id='word_1_267' title='bbox 525 2490 671 2525; x_wconf 84' lang='lat' dir='ltr'><strong>nemine</strong></span> <span class='ocrx_word' id='word_1_268' title='bbox 698 2490 970 2526; x_wconf 70' lang='lat' dir='ltr'><strong>contradicente</strong></span> <span class='ocrx_word' id='word_1_269' title='bbox 1009 2490 1145 2534; x_wconf 82' lang='lat' dir='ltr'><strong>pluries</strong></span> <span class='ocrx_word' id='word_1_270' title='bbox 1172 2490 1229 2525; x_wconf 80' lang='lat' dir='ltr'><strong>ius</strong></span> <span class='ocrx_word' id='word_1_271' title='bbox 1250 2467 1415 2534; x_wconf 60' lang='lat' dir='ltr'><strong>⁸eligendi</strong></span> <span class='ocrx_word' id='word_1_272' title='bbox 1444 2489 1618 2525; x_wconf 77' lang='lat' dir='ltr'><strong>exercuit.</strong></span> <span class='ocrx_word' id='word_1_273' title='bbox 1659 2489 1699 2524; x_wconf 78' lang='lat' dir='ltr'><strong>Ul</strong></span> <span class='ocrx_word' id='word_1_274' title='bbox 1728 2489 1824 2525; x_wconf 84' lang='lat' dir='ltr'><strong>enim</strong></span> <span class='ocrx_word' id='word_1_275' title='bbox 1862 2489 1925 2523; x_wconf 83' lang='lat' dir='ltr'><strong>lia-</strong></span> 
     </span>
     <span class='ocr_line' id='line_1_31' title="bbox 145 2560 1924 2607; baseline -0.001 -11"><span class='ocrx_word' id='word_1_276' title='bbox 145 2560 273 2598; x_wconf 83' lang='lat' dir='ltr'><strong>beatur</strong></span> <span class='ocrx_word' id='word_1_277' title='bbox 301 2562 485 2606; x_wconf 86' lang='lat' dir='ltr'><strong>possessio</strong></span> <span class='ocrx_word' id='word_1_278' title='bbox 513 2561 584 2597; x_wconf 77' lang='lat' dir='ltr'><strong>(luo</strong></span> <span class='ocrx_word' id='word_1_279' title='bbox 612 2563 846 2607; x_wconf 81' lang='lat' dir='ltr'><strong>reqniruntur</strong></span> <span class='ocrx_word' id='word_1_280' title='bbox 871 2571 1002 2606; x_wconf 83' lang='lat' dir='ltr'><strong>ueinpe</strong></span> <span class='ocrx_word' id='word_1_281' title='bbox 1041 2561 1075 2603; x_wconf 81' lang='lat'><strong>1)</strong></span> <span class='ocrx_word' id='word_1_282' title='bbox 1105 2561 1230 2596; x_wconf 80' lang='lat' dir='ltr'><strong>relatio</strong></span> <span class='ocrx_word' id='word_1_283' title='bbox 1259 2561 1458 2596; x_wconf 79' lang='lat' dir='ltr'><strong>materialis</strong></span> <span class='ocrx_word' id='word_1_284' title='bbox 1487 2561 1579 2596; x_wconf 83' lang='lat' dir='ltr'><strong>inter</strong></span> <span class='ocrx_word' id='word_1_285' title='bbox 1610 2570 1860 2605; x_wconf 62' lang='lat' dir='ltr'><strong>possessorem</strong></span> <span class='ocrx_word' id='word_1_286' title='bbox 1889 2565 1924 2595; x_wconf 87' lang='lat' dir='ltr'><strong>et</strong></span> 
     </span>
     <span class='ocr_line' id='line_1_32' title="bbox 144 2630 1923 2677; baseline -0.001 -10"><span class='ocrx_word' id='word_1_287' title='bbox 144 2641 219 2668; x_wconf 86' lang='lat' dir='ltr'><strong>rem</strong></span> <span class='ocrx_word' id='word_1_288' title='bbox 247 2641 474 2677; x_wconf 84' lang='lat' dir='ltr'><strong>possessam;</strong></span> <span class='ocrx_word' id='word_1_289' title='bbox 502 2642 596 2677; x_wconf 83' lang='lat' dir='ltr'><strong>quac</strong></span> <span class='ocrx_word' id='word_1_290' title='bbox 625 2632 823 2667; x_wconf 84' lang='lat' dir='ltr'><strong>materialis</strong></span> <span class='ocrx_word' id='word_1_291' title='bbox 840 2632 969 2668; x_wconf 82' lang='lat' dir='ltr'><strong>relatio</strong></span> <span class='ocrx_word' id='word_1_292' title='bbox 990 2631 1046 2667; x_wconf 76' lang='lat' dir='ltr'><strong>vel</strong></span> <span class='ocrx_word' id='word_1_293' title='bbox 1075 2641 1138 2676; x_wconf 71' lang='lat' dir='ltr'><strong>per</strong></span> <span class='ocrx_word' id='word_1_294' title='bbox 1166 2631 1214 2666; x_wconf 84' lang='lat' dir='ltr'><strong>rei</strong></span> <span class='ocrx_word' id='word_1_295' title='bbox 1235 2631 1461 2667; x_wconf 54' lang='lat' dir='ltr'><strong>materialem</strong></span> <span class='ocrx_word' id='word_1_296' title='bbox 1481 2635 1693 2667; x_wconf 75' lang='lat' dir='ltr'><strong>contactum</strong></span> <span class='ocrx_word' id='word_1_297' title='bbox 1716 2630 1923 2666; x_wconf 77' lang='lat' dir='ltr'><strong>verificatur</strong></span> 
     </span>
     <span class='ocr_line' id='line_1_33' title="bbox 143 2702 1922 2750; baseline -0.001 -12"><span class='ocrx_word' id='word_1_298' title='bbox 143 2703 200 2739; x_wconf 85' lang='lat' dir='ltr'><strong>vel</strong></span> <span class='ocrx_word' id='word_1_299' title='bbox 226 2703 299 2739; x_wconf 85' lang='lat' dir='ltr'><strong>alio</strong></span> <span class='ocrx_word' id='word_1_300' title='bbox 326 2703 420 2740; x_wconf 84' lang='lat' dir='ltr'><strong>facto</strong></span> <span class='ocrx_word' id='word_1_301' title='bbox 438 2704 536 2749; x_wconf 83' lang='lat' dir='ltr'><strong>quod</strong></span> <span class='ocrx_word' id='word_1_302' title='bbox 565 2704 740 2750; x_wconf 78' lang='lat' dir='ltr'><strong>physicae</strong></span> <span class='ocrx_word' id='word_1_303' title='bbox 762 2704 811 2739; x_wconf 80' lang='lat' dir='ltr'><strong>rei</strong></span> <span class='ocrx_word' id='word_1_304' title='bbox 832 2704 1033 2739; x_wconf 80' lang='lat' dir='ltr'><strong>detentioni</strong></span> <span class='ocrx_word' id='word_1_305' title='bbox 1056 2703 1286 2748; x_wconf 75' lang='lat' dir='ltr'><strong>aequivaleat</strong></span> <span class='ocrx_word' id='word_1_306' title='bbox 1312 2702 1348 2741; x_wconf 76' lang='lat'><strong>2)</strong></span> <span class='ocrx_word' id='word_1_307' title='bbox 1372 2708 1410 2738; x_wconf 89' lang='lat' dir='ltr'><strong>ut</strong></span> <span class='ocrx_word' id='word_1_308' title='bbox 1430 2712 1620 2747; x_wconf 82' lang='lat' dir='ltr'><strong>possessor</strong></span> <span class='ocrx_word' id='word_1_309' title='bbox 1650 2702 1781 2737; x_wconf 79' lang='lat' dir='ltr'><strong>habeat</strong></span> <span class='ocrx_word' id='word_1_310' title='bbox 1810 2707 1922 2738; x_wconf 73' lang='lat' dir='ltr'><strong>tutan]</strong></span> 
     </span>
     <span class='ocr_line' id='line_1_34' title="bbox 143 2762 1922 2820; baseline -0.001 -11"><span class='ocrx_word' id='word_1_311' title='bbox 143 2762 192 2809; x_wconf 82' lang='lat' dir='ltr'><strong>rei</strong></span> <span class='ocrx_word' id='word_1_312' title='bbox 224 2774 563 2819; x_wconf 81' lang='lat' dir='ltr'><strong>disponibilitatem.</strong></span> <span class='ocrx_word' id='word_1_313' title='bbox 592 2775 744 2810; x_wconf 83' lang='lat' dir='ltr'><strong>Etiamsi</strong></span> <span class='ocrx_word' id='word_1_314' title='bbox 774 2775 958 2820; x_wconf 66' lang='lat' dir='ltr'><strong>possessio</strong></span> <span class='ocrx_word' id='word_1_315' title='bbox 988 2774 1131 2819; x_wconf 82' lang='lat' dir='ltr'><strong>proprie</strong></span> <span class='ocrx_word' id='word_1_316' title='bbox 1159 2774 1202 2809; x_wconf 84' lang='lat' dir='ltr'><strong>de</strong></span> <span class='ocrx_word' id='word_1_317' title='bbox 1230 2774 1338 2809; x_wconf 83' lang='lat' dir='ltr'><strong>rebus</strong></span> <span class='ocrx_word' id='word_1_318' title='bbox 1365 2774 1618 2818; x_wconf 83' lang='lat' dir='ltr'><strong>corporalibus</strong></span> <span class='ocrx_word' id='word_1_319' title='bbox 1651 2774 1771 2810; x_wconf 82' lang='lat' dir='ltr'><strong>detur.</strong></span> <span class='ocrx_word' id='word_1_320' title='bbox 1801 2778 1922 2808; x_wconf 75' lang='lat' dir='ltr'><strong>tamen</strong></span> 
     </span>
     <span class='ocr_line' id='line_1_35' title="bbox 142 2828 1921 2890; baseline -0.001 -10"><span class='ocrx_word' id='word_1_321' title='bbox 142 2828 263 2890; x_wconf 79' lang='lat' dir='ltr'><strong>quoad</strong></span> <span class='ocrx_word' id='word_1_322' title='bbox 281 2855 338 2880; x_wconf 89' lang='lat' dir='ltr'><strong>res</strong></span> <span class='ocrx_word' id='word_1_323' title='bbox 361 2845 612 2890; x_wconf 84' lang='lat' dir='ltr'><strong>incorporales</strong></span> <span class='ocrx_word' id='word_1_324' title='bbox 633 2845 852 2890; x_wconf 84' lang='lat' dir='ltr'><strong>intelligitur</strong></span> <span class='ocrx_word' id='word_1_325' title='bbox 870 2855 953 2881; x_wconf 89' lang='lat' dir='ltr'><strong>cum</strong></span> <span class='ocrx_word' id='word_1_326' title='bbox 974 2846 1056 2890; x_wconf 88' lang='lat' dir='ltr'><strong>quis</strong></span> <span class='ocrx_word' id='word_1_327' title='bbox 1087 2843 1118 2883; x_wconf 76' lang='lat' dir='ltr'><strong>l)</strong></span> <span class='ocrx_word' id='word_1_328' title='bbox 1138 2845 1181 2879; x_wconf 66' lang='lat' dir='ltr'><strong>ale</strong></span> <span class='ocrx_word' id='word_1_329' title='bbox 1203 2845 1298 2880; x_wconf 82' lang='lat' dir='ltr'><strong>facto</strong></span> <span class='ocrx_word' id='word_1_330' title='bbox 1321 2845 1376 2880; x_wconf 89' lang='lat' dir='ltr'><strong>ius</strong></span> <span class='ocrx_word' id='word_1_331' title='bbox 1395 2850 1540 2880; x_wconf 71' lang='lat' dir='ltr'><strong>exercet</strong></span> <span class='ocrx_word' id='word_1_332' title='bbox 1566 2849 1601 2879; x_wconf 77' lang='lat' dir='ltr'><strong>et</strong></span> <span class='ocrx_word' id='word_1_333' title='bbox 1632 2844 1667 2881; x_wconf 67' lang='lat'><strong>2)</strong></span> <span class='ocrx_word' id='word_1_334' title='bbox 1688 2844 1795 2879; x_wconf 74' lang='lat' dir='ltr'><strong>habet</strong></span> <span class='ocrx_word' id='word_1_335' title='bbox 1823 2845 1921 2879; x_wconf 73' lang='lat' dir='ltr'><strong>eins-</strong></span> 
     </span>
     <span class='ocr_line' id='line_1_36' title="bbox 141 2914 1920 2961; baseline -0.001 -11"><span class='ocrx_word' id='word_1_336' title='bbox 141 2914 223 2950; x_wconf 84' lang='lat' dir='ltr'><strong>dem</strong></span> <span class='ocrx_word' id='word_1_337' title='bbox 252 2915 339 2951; x_wconf 88' lang='lat' dir='ltr'><strong>iuris</strong></span> <span class='ocrx_word' id='word_1_338' title='bbox 367 2921 480 2951; x_wconf 78' lang='lat' dir='ltr'><strong>tutam</strong></span> <span class='ocrx_word' id='word_1_339' title='bbox 499 2916 839 2961; x_wconf 74' lang='lat' dir='ltr'><strong>disponibilitatcm.</strong></span> <span class='ocrx_word' id='word_1_340' title='bbox 866 2915 936 2951; x_wconf 83' lang='lat' dir='ltr'><strong>Cfr.</strong></span> <span class='ocrx_word' id='word_1_341' title='bbox 957 2917 1120 2951; x_wconf 71' lang='lat' dir='ltr'><strong>Runouin</strong></span> <span class='ocrx_word' id='word_1_342' title='bbox 1139 2915 1175 2950; x_wconf 91' lang='lat' dir='ltr'><strong>in</strong></span> <span class='ocrx_word' id='word_1_343' title='bbox 1196 2925 1304 2960; x_wconf 79' lang='lat' dir='ltr'><strong>opere</strong></span> <span class='ocrx_word' id='word_1_344' title='bbox 1326 2915 1348 2950; x_wconf 95' lang='lat' dir='ltr'><strong>il</strong></span> <span class='ocrx_word' id='word_1_345' title='bbox 1375 2924 1558 2959; x_wconf 79' lang='lat' dir='ltr'><strong>possesso.</strong></span> <span class='ocrx_word' id='word_1_346' title='bbox 1589 2915 1726 2955; x_wconf 64' lang='lat' dir='ltr'><strong>Amos,</strong></span> <span class='ocrx_word' id='word_1_347' title='bbox 1747 2914 1920 2949; x_wconf 70' lang='lat' dir='ltr'><strong>SenArffl</strong></span> 
     </span>
     <span class='ocr_line' id='line_1_37' title="bbox 141 2986 966 3031; baseline -0.001 -10"><span class='ocrx_word' id='word_1_348' title='bbox 141 2989 378 3031; x_wconf 86' lang='lat' dir='ltr'><strong>caeterosque</strong></span> <span class='ocrx_word' id='word_1_349' title='bbox 399 2986 489 3021; x_wconf 90' lang='lat' dir='ltr'><strong>iuris</strong></span> <span class='ocrx_word' id='word_1_350' title='bbox 509 2986 758 3022; x_wconf 88' lang='lat' dir='ltr'><strong>Romanorum</strong></span> <span class='ocrx_word' id='word_1_351' title='bbox 785 2986 966 3022; x_wconf 79' lang='lat' dir='ltr'><strong>doctores.</strong></span> 
     </span>
    </p>

    <p class='ocr_par' dir='ltr' id='par_1_12' title="bbox 261 3056 742 3102">
     <span class='ocr_line' id='line_1_38' title="bbox 261 3056 742 3102; baseline 0.006 -13"><span class='ocrx_word' id='word_1_352' title='bbox 261 3057 274 3074; x_wconf 58' lang='grc'><strong>’-</strong></span> <span class='ocrx_word' id='word_1_353' title='bbox 303 3059 387 3102; x_wconf 54' lang='grc' dir='ltr'><strong>(ρειμ.</strong></span> <span class='ocrx_word' id='word_1_354' title='bbox 415 3056 459 3091; x_wconf 76' lang='lat'><strong>‘25</strong></span> <span class='ocrx_word' id='word_1_355' title='bbox 487 3057 530 3093; x_wconf 80' lang='lat' dir='ltr'><strong>dc</strong></span> <span class='ocrx_word' id='word_1_356' title='bbox 559 3057 624 3092; x_wconf 91' lang='lat' dir='ltr'><strong>iur.</strong></span> <span class='ocrx_word' id='word_1_357' title='bbox 654 3062 742 3101; x_wconf 83' lang='lat' dir='ltr'><strong>patr.</strong></span> 
     </span>
    </p>
   </div>
  </div>
 </body>
</html>
