2176 3386
567 191 697 220 LIBER
725 190 749 219 1.
779 189 836 218 DE
866 188 1003 217 REBus
1032 185 1268 216 ECCDESIAE
1296 184 1623 214 SPIRITUALIBUS
1906 172 1981 212 281

208 299 351 344 daver
391 298 591 343 deberet.
642 296 769 350 Quod
801 295 837 340 si
870 309 1014 339 unum
1054 293 1112 338 sit
1150 292 1515 347 coemeterium,
1550 295 1597 335 et
1627 291 1700 336 lex
1741 290 1892 336 civilis
1925 291 1984 338 ibi

208 380 613 427 indiscriminatim
647 391 808 424 omnes
839 376 1058 422 tumulari
1091 376 1264 430 iubeat,
1298 374 1525 419 servanda
1562 376 1671 419 silnt
1703 389 1754 419 ea
1788 389 1904 435 quae
1939 375 1985 422 in

208 464 416 524 sequenti
451 463 759 508 Instructione
792 460 1092 505 continentur
1125 460 1166 503 S.
1203 461 1248 502 C.
1287 457 1382 502 Fid.
1414 462 1543 516 Prop.
1579 457 1682 502 data
1717 458 1773 502 ad
1808 458 1986 517 Episco-

210 561 315 605 pum
355 550 601 591 Rosensem
634 544 705 589 die
743 545 793 589 16
826 557 922 601 apr.
954 542 1089 587 1862:
1129 564 1147 581 ι.
1175 545 1208 585 Ι.
1235 540 1444 584 Studium
1468 554 1606 584 omne
1639 539 1685 584 in
1711 539 1754 584 id
1778 542 1986 585 conferet

208 634 259 674 ut
291 628 502 674 catholici
538 627 767 687 proprium
803 624 1134 670 coemeterium
1169 629 1214 668 et
1247 637 1271 667 a
1305 622 1584 668 coemeterio
1626 623 1984 668 acatholicorum

208 717 468 772 separatum
502 712 717 756 habeant.
756 714 806 755 11.
834 710 959 762 Quod
995 708 1030 752 si
1068 721 1220 752 rerum
1255 706 1471 751 adiuncta
1506 706 1550 751 id
1585 706 1776 750 minime
1813 706 1984 763 sinant,

210 796 512 855 catholicique
544 794 786 851 adigantur
818 806 1007 850 corpora
1041 790 1242 836 fidelium
1277 791 1600 836 defunctorum
1637 790 1682 835 in
1711 791 1988 836 coemeterio

212 880 566 942 protestantium
600 878 860 936 sepulturae
894 877 1018 930 dare,
1044 878 1174 919 curet
1208 874 1370 918 saltem
1394 873 1515 917 utin
1549 873 1710 918 eodem
1744 873 1990 918 distinctus

209 979 262 1011 ac
295 968 530 1023 separatus
561 962 870 1007 constituatur
892 960 1018 1005 locus
1044 974 1121 1017 pro
1155 958 1487 1003 catholicorum
1519 958 1767 1016 sepultura.
1806 962 1878 1003 Ill.
1910 963 1989 1003 De-

211 1064 336 1094 mum
362 1049 398 1093 si
424 1062 508 1092 nec
541 1045 776 1106 impetrari
812 1045 852 1089 id
890 1044 1046 1103 possit,
1076 1047 1210 1102 prout
1232 1043 1371 1087 etiam
1407 1043 1702 1102 quoadusque
1735 1042 1778 1087 id
1811 1042 1990 1102 assequi

209 1132 365 1176 datum
402 1110 493 1175 non
528 1129 690 1184 fuerit,
725 1127 904 1188 quoties
952 1125 1229 1171 catholicum
1280 1124 1461 1169 humari
1496 1125 1771 1183 contigerit,
1808 1124 1990 1170 benedi-

210 1215 362 1261 ctione
397 1214 521 1273 prius
551 1212 734 1258 lustrari
769 1212 904 1256 debet
938 1213 1078 1265 locus,
1114 1224 1203 1268 quo
1238 1206 1499 1268 sepulturae
1532 1209 1728 1253 traditur
1755 1228 1792 1252 n.

334 1300 458 1344 1251.
497 1302 710 1357 Superest
742 1296 997 1356 inquirere,
1033 1296 1223 1356 quinam
1275 1296 1485 1355 privandi
1531 1295 1624 1340 sint
1656 1295 1886 1354 sepultura
1921 1308 1991 1340 ec-

210 1384 480 1430 clesiastica.
530 1385 667 1427 Porro
715 1381 899 1441 quidam
935 1395 988 1425 ea
1024 1381 1267 1438 privantur
1313 1380 1491 1425 ratione
1524 1393 1772 1434 censurae,
1807 1379 1992 1438 quidam

212 1468 389 1512 ratione
423 1466 591 1510 delicti.
641 1465 832 1509 Ratione
865 1477 1118 1519 censurae,
1156 1463 1309 1521 regula
1344 1463 1454 1507 iuris
1487 1468 1581 1518 est,
1616 1467 1667 1507 ut
1698 1463 1861 1522 quibus
1899 1476 1991 1507 non

212 1549 662 1596 communicavimus
681 1548 818 1604 vivis,
841 1563 931 1593 non
957 1548 1355 1592 communicemus
1379 1547 1623 1592 defunctis.
1663 1551 1798 1591 Porro
1822 1547 1992 1605 specia-

212 1636 295 1680 tim
325 1649 377 1680 ea
402 1634 673 1692 privantur:
716 1635 752 1690 l)
780 1647 940 1678 omnes
964 1647 1054 1678 non
1080 1632 1322 1690 baptizati3
1365 1634 1406 1689 2)
1431 1632 1667 1686 haeretici,
1703 1646 1860 1675 eorum
1897 1632 1992 1675 fau-

210 1723 348 1774 tores,
377 1718 655 1773 defensores,
680 1720 1002 1775 receptatores,
1023 1722 1069 1761 et
1093 1716 1309 1761 haeretici
1346 1715 1528 1775 quidem
1550 1716 1622 1760 vel
1652 1719 1834 1760 tantum
1864 1719 1992 1759 noto-

214 1802 266 1847 rii
292 1803 323 1858 ¹,
358 1801 637 1847 schismatici
659 1815 785 1856 vero,
812 1806 863 1845 ut
885 1800 1011 1856 olim,
1038 1800 1072 1845 si
1111 1800 1283 1844 fuerint
1306 1799 1506 1856 vitandi3
1543 1800 1584 1855 3)
1614 1799 1891 1844 nominatim
1928 1799 1993 1843 in-

211 1885 410 1941 terdicti,
445 1888 490 1930 et
523 1884 934 1939 excommunicati,
971 1898 1131 1928 verum
1179 1883 1213 1927 si
1253 1883 1438 1928 contriti
1473 1883 1768 1938 decesserint,
1806 1886 1995 1941 possunt

215 1967 448 2027 (absolutis
481 1968 603 2027 prius
634 1982 792 2012 eorum
827 1967 1126 2012 cadaveribus
1158 1967 1215 2011 ab
1247 1966 1317 2022 iis,
1351 1966 1429 2026 qui
1463 1966 1718 2023 potuissent
1750 1979 1827 2011 eos
1860 1965 1994 2010 vivos

211 2051 463 2107 absolvere)
499 2050 676 2109 sepeliri
711 2050 756 2094 in
792 2050 890 2096 loco
922 2063 1066 2095 sacro.
1106 2049 1299 2095 Ratione
1332 2049 1503 2105 delicti,
1538 2064 1589 2094 ea
1624 2049 1883 2108 privantur,
1917 2049 1994 2108 qui

212 2133 310 2178 sine
336 2133 616 2190 poenitentia
642 2134 687 2177 in
714 2133 958 2178 manifesto
982 2138 1171 2191 peccato
1195 2133 1377 2177 mortali
1401 2133 1631 2177 decedunt
1655 2134 1687 2188 ²,
1713 2147 1808 2177 seu:
1850 2134 1887 2190 l)
1916 2147 1994 2191 pn-

213 2216 315 2262 blici
350 2221 627 2274 peccatores,
665 2231 738 2262 ex.
775 2231 840 2275 gr.
878 2217 1146 2276 blasphemi,
1184 2221 1404 2275 raptores,
1447 2217 1728 2273 meretrices,
1771 2217 1991 2274 usurarii3

215 2302 258 2359 2)
291 2301 367 2361 qui
403 2301 486 2346 sibi
522 2306 717 2347 mortem
753 2301 1095 2347 consciverunt.
1133 2302 1290 2355 Quoad
1315 2302 1396 2346 hos
1423 2307 1576 2346 tamen
1614 2302 1796 2360 parochi
1821 2307 1866 2347 et
1891 2303 1995 2347 mis-

213 2386 398 2431 sionarii
445 2387 490 2430 in
534 2386 723 2444 singulis
764 2386 944 2431 casibus
992 2400 1227 2432 recurrere
1275 2386 1475 2442 debent,
1511 2386 1547 2430 si
1590 2386 1686 2431 fieri
1726 2391 1903 2445 potest,
1939 2388 1995 2433 ad

210 2469 503 2515 Ordinarium
536 2470 639 2514 loci.
676 2473 886 2516 Ceterum
917 2470 1071 2526 regula
1105 2472 1190 2525 est,
1218 2483 1309 2514 non
1325 2469 1471 2513 -licere
1505 2470 1611 2513 dare
1635 2469 1993 2516 ecclesiasticam

212 2553 493 2611 sepulturam
527 2553 698 2610 seipsos
739 2552 1054 2597 occidentibus
1097 2553 1154 2596 ob
1201 2553 1568 2611 desperationem
1606 2553 1674 2596 vel
1708 2552 1994 2598 iracundiam

214 2638 323 2694 (non
367 2642 523 2681 tamen
557 2637 592 2681 si
627 2651 683 2681 ex
725 2636 903 2681 insania
947 2636 989 2680 id
1024 2637 1289 2692 acciderit),
1327 2635 1412 2680 nisi
1447 2641 1555 2680 ante
1604 2640 1832 2691 mortem,
1868 2637 1996 2694 signa

214 2720 423 2765 dederint
457 2720 780 2779 poenitentiae.
817 2720 935 2765 Hinc
967 2721 1151 2780 quando
1185 2725 1311 2765 certo
1346 2723 1528 2765 constat
1565 2720 1618 2764 de
1653 2719 1889 2766 iracundia
1923 2721 1996 2765 vel

333 2852 342 2871 ²
373 2851 495 2889 Const.
524 2850 752 2899 Apostolicae
780 2853 888 2889 seclis.

333 2923 345 2942 ²
372 2923 513 2960 Dicitur
537 2923 728 2970 manifesto
750 2926 909 2969 peccam,
937 2923 982 2959 ad
1008 2923 1107 2968 quod
1134 2932 1228 2968 opus
1255 2926 1308 2957 est
1355 2922 1387 2962 1)
1418 2926 1457 2957 ut
1483 2921 1527 2958 de
1557 2927 1705 2967 peccato
1736 2921 1894 2958 dubitari
1922 2930 1998 2957 non

217 2995 344 3042 possit,
372 3004 439 3032 nec
465 2995 586 3040 quoad
612 2994 749 3031 factum
787 3004 908 3041 neque
943 2995 1064 3041 quoad
1100 2994 1342 3031 intentionem
1380 2995 1566 3038 facientis;
1599 2993 1634 3039 2)
1662 3000 1700 3031 ut
1730 2997 1921 3040 peccatum
1951 2993 1998 3028 sit

216 3066 425 3114 publicum;
463 3064 499 3113 5)
525 3071 565 3103 ut
589 3066 729 3113 absque
757 3065 832 3103 ullo
858 3065 1091 3103 contritionis
1119 3065 1227 3112 signo
1254 3065 1426 3101 obierint.
