2176 3386
791 175 921 204 LIBER
949 176 974 204 1.
1004 174 1061 204 DE
1091 173 1286 203 cm-:mms
1852 165 1935 206 303

147 282 418 341 necessitas;
455 284 496 339 5)
522 283 674 328 debita
707 282 994 340 obedientia;
1042 284 1085 339 4)
1112 283 1304 329 evidens
1347 283 1575 353 Ecclesiae
1618 284 1818 341 utilitas,
1852 286 1935 330 aut

147 368 421 428 reipublicae
442 368 472 412 ¹.

268 451 475 496 Facultas
510 463 619 495 vero
650 450 755 494 data
793 450 1024 508 Episcopis
1058 450 1102 494 in
1139 451 1391 508 praecitato
1424 451 1574 508 capite
1622 454 1759 497 Conc.
1807 451 1928 496 Trid.

146 533 368 593 competit
399 533 539 578 etiam
574 532 785 590 praelatis
818 532 1128 588 inferioribus,
1166 533 1530 579 iurisdictionem
1567 534 1854 580 habentibus.

265 616 392 670 Quod
425 615 462 660 si
494 615 763 660 Ordinarius
796 615 1030 660 licentiam
1064 616 1259 660 abeundi
1295 622 1484 674 negaret
1517 618 1731 676 parocho,
1769 618 1934 676 poterit

145 701 328 761 quidem
365 700 400 744 is
434 700 721 758 Superiorem
756 699 897 754 adire,
933 700 1011 744 sed
1045 699 1230 744 interim
1270 715 1428 758 parere
1462 701 1645 746 debet2.
1691 704 1933 748 Caeterum

146 798 280 830 causa
314 784 549 829 absentiae
577 797 758 841 semper
791 783 976 841 probata
1011 796 1108 828 esse
1141 784 1276 828 debet
1309 784 1365 828 ab
1407 785 1678 841 Ordinario,
1719 786 1935 845 quamvis

147 883 286 914 unam
320 867 653 912 hebdomadam
678 881 770 911 non
794 867 1108 911 excurreret?
1161 868 1202 911 Si
1245 867 1398 925 gravis
1442 867 1615 912 incidat
1659 883 1796 913 causa
1844 882 1934 927 qua

146 953 374 996 Parochus
406 951 636 995 discedere
669 950 826 995 statim
860 956 1066 1008 cogatur,
1102 950 1214 1010 quin
1240 951 1380 1008 possit
1402 952 1697 996 Ordinarium
1726 965 1932 1010 praemo-

111 1086 114 1089 ,
148 1049 272 1091 nere,
307 1034 648 1094 quamprimum
687 1034 913 1078 Parochus
944 1034 998 1078 de
1021 1033 1220 1079 discessu
1245 1048 1298 1078 ac
1321 1034 1582 1080 discedendi
1606 1049 1760 1091 causa,
1787 1035 1842 1079 de
1867 1035 1933 1078 fu·

147 1123 248 1163 tura
283 1124 414 1163 extra
450 1117 711 1175 parochiam
746 1117 1082 1176 longinquitate
1109 1132 1279 1173 morae,
1306 1118 1452 1177 deque
1472 1118 1719 1164 substituto
1757 1119 1933 1177 Episco-

147 1218 254 1262 pum
290 1203 436 1261 ipsum
471 1206 780 1246 commoneat.

263 1287 366 1350 5-6-04
404 1290 569 1330 Contra
606 1285 829 1329 Parochos
866 1285 1067 1344 aliosque
1101 1300 1260 1330 curam
1295 1285 1557 1331 animarum
1592 1291 1820 1345 gerentes,
1855 1287 1933 1347 qui

147 1368 245 1413 sine
288 1367 539 1427 Superioris
571 1368 756 1429 licentia
789 1383 812 1412 a
851 1369 1027 1427 propria
1064 1368 1308 1413 residentia
1342 1370 1525 1424 absunt,
1564 1370 1743 1428 procedi
1787 1374 1936 1428 potest

146 1452 311 1510 duplici
350 1453 511 1507 forma,
537 1465 730 1510 quarum
767 1465 857 1495 una
891 1466 914 1495 a
950 1452 1047 1496 iure
1080 1452 1334 1508 communi,
1359 1451 1500 1496 altera
1532 1467 1556 1496 a
1587 1455 1722 1498 Conc.
1749 1453 1934 1497 Triden-

147 1534 245 1578 tino
280 1535 571 1592 praefruitur.
613 1537 664 1577 lit
698 1533 742 1576 in
779 1534 938 1592 primis
957 1535 969 1557 '⁶
1004 1534 1039 1578 si
1075 1538 1256 1580 constat
1279 1534 1352 1577 ubi
1380 1535 1609 1579 Parochus
1634 1549 1811 1580 moram
1844 1540 1935 1580 tra·

148 1618 242 1672 hat,
280 1616 578 1675 personaliter
610 1617 821 1661 citandus
854 1622 938 1672 est,
976 1622 1026 1661 ut
1061 1617 1179 1662 intra
1214 1623 1553 1676 competentem
1590 1619 1842 1663 terminum
1880 1619 1936 1663 ad

147 1700 387 1746 ecclesiam
423 1699 594 1754 redeat,
630 1714 719 1758 quo
753 1702 921 1757 elapso,
958 1700 1106 1744 adhuc
1154 1715 1234 1759 per
1276 1714 1357 1744 sex
1399 1713 1580 1744 menses
1622 1701 1937 1758 expectandus

147 1785 249 1841 erit,
285 1785 448 1844 quibus
483 1785 652 1844 pariter
684 1785 863 1843 elapsis,
911 1785 1154 1843 parochiali
1197 1785 1389 1831 ecclesia
1434 1785 1601 1843 privari
1648 1784 1796 1829 debet.
1853 1784 1934 1829 Ubi

149 1886 258 1916 vero
294 1871 385 1929 ipse
419 1871 569 1915 latitet
595 1876 640 1914 et
671 1885 760 1930 quo
794 1875 1108 1915 commoretur
1141 1872 1239 1915 loco
1272 1870 1308 1915 si
1343 1870 1570 1928 ignotum·
1600 1869 1683 1924 sit,
1721 1883 1800 1927 per
1849 1869 1935 1914 tria

148 1955 294 2000 edicta
328 1955 547 2012 affigenda
583 1955 635 1998 ad
672 1955 832 1998 valvas
865 1954 1084 1999 ecclesiae
1119 1954 1330 2000 citandus
1363 1958 1448 2009 est,
1484 1953 1647 1998 deinde
1682 1953 1739 1997 ab
1771 1951 1936 1996 ultimo

148 2037 296 2082 edicto
329 2037 641 2095 expectandus
676 2052 753 2094 per
784 2051 863 2081 sex
900 2051 1097 2092 menses,
1132 2037 1296 2096 quibus
1328 2036 1509 2095 elapsis,
1535 2036 1590 2080 ad
1626 2035 1935 2092 privationem

149 2121 486 2179 procedendum
520 2124 589 2164 est
621 2124 671 2163 ut
703 2120 894 2165 ecclesia
930 2125 1064 2165 vacet
1096 2134 1149 2164 ac
1183 2133 1435 2165 concursus
1482 2118 1730 2165 convocari
1777 2117 1933 2176 possit.

150 2206 217 2246 Ex
250 2202 449 2247 Concilio
492 2216 600 2247 vero
634 2202 751 2246 Trid.
782 2203 795 2225 ⁵
829 2202 952 2261 prius
988 2203 1169 2260 parochi
1221 2203 1433 2247 absentes
1481 2201 1653 2247 citandi
1702 2205 1812 2246 sunt
1860 2215 1939 2258 per

149 2285 368 2341 edictum,
404 2286 566 2330 deinde
602 2286 937 2344 procedendum
972 2291 1041 2330 est
1064 2301 1143 2341 per
1163 2300 1380 2331 censuras
1403 2285 1752 2340 ecclesiasticas,
1779 2298 1936 2344 seque-

150 2369 419 2414 strationem
455 2374 501 2413 et
533 2369 895 2414 subtractionem
923 2372 1176 2425 fructuum,
1203 2375 1248 2414 et
1271 2371 1457 2415 demum
1497 2369 1597 2414 aliis
1639 2369 1749 2413 iuris
1791 2383 1935 2413 reme-

150 2452 235 2497 diis
266 2453 536 2497 Ordinarius
570 2457 717 2510 potest
750 2454 889 2497 ctiam
924 2453 989 2497 uti
1024 2466 1165 2512 usque
1208 2453 1263 2498 ad
1308 2452 1642 2511 privationem,
1687 2451 1938 2496 dummodo

270 2615 279 2635 ¹
309 2615 541 2654 collectanea
568 2617 602 2653 S.
630 2616 666 2654 C.
693 2617 738 2653 de
763 2619 873 2663 Prop.
900 2617 999 2658 Fide,
1027 2627 1061 2654 n.
1092 2616 1168 2653 189.

270 2687 282 2705 ‘²
310 2688 390 2724 Sao.
417 2687 549 2734 Congr.
578 2688 686 2725 Conc.
714 2689 811 2734 apud
839 2689 973 2726 Bened.
1003 2689 1099 2731 xlv,
1127 2689 1237 2725 Notis.
1267 2689 1322 2724 17.

270 2757 283 2777 ³
309 2759 344 2796 S.
373 2759 408 2796 C.
435 2760 701 2806 Propagandac
730 2760 831 2797 Fidei
861 2760 952 2797 1765
979 2761 1186 2806 rescripsit:
1229 2769 1303 2796 non
1335 2770 1442 2805 posse
1474 2759 1656 2805 parochos
1683 2758 1813 2794 abesse
1844 2757 1939 2794 ultra

153 2835 223 2866 tres
243 2830 299 2866 vel
325 2835 484 2876 quatuor
508 2831 587 2867 dies
611 2832 682 2868 nisi
711 2832 749 2867 in
775 2841 863 2868 casu
890 2832 1126 2868 necessitatis
1152 2837 1187 2867 et
1214 2841 1299 2868 cum
1325 2830 1474 2867 licentia
1493 2831 1670 2876 Episcopi
1697 2829 1801 2866 cuius
1828 2838 1940 2875 super

151 2901 219 2937 hac
245 2911 283 2937 re.
309 2902 511 2938 coscientia
537 2907 724 2939 oneratur.

270 2970 283 2990 '⁴
309 2971 395 3017 Cap.
420 2972 482 3008 Ex
503 2975 611 3018 parte
636 2973 680 3009 de
707 2972 835 3010 Cleric.
862 2943 937 3009 non
963 2973 1071 3009 resid.

271 3039 283 3058 ⁵
311 3041 404 3077 sess.
433 3040 566 3083 XXIII,
594 3050 672 3086 cap.
700 3041 725 3083 1,
752 3041 794 3077 de
820 3042 896 3087 Res.
