2176 3386
1695 0 1700 8 ,
1749 0 1762 14 .,
1805 0 2107 19 v---vffl--mr,

251 282 367 325 Item
399 279 608 338 infamia,
633 296 797 341 graves
818 282 1090 329 inimicitiae
1123 283 1246 328 inter
1277 289 1520 344 utramque
1546 286 1784 344 familiam,
1810 290 1886 334 vel
1908 289 2031 336 inter

249 362 371 421 ipsos
403 378 592 423 sponsos
624 370 768 422 ortae,
803 371 1062 425 paupertas,
1099 380 1294 426 sponsae
1326 369 1559 427 corruptio
1581 369 1665 415 etsi
1697 384 1779 429 per
1806 371 1920 429 vim,
1956 373 2032 419 de·

250 448 397 493 fectus
429 448 548 493 dotis
580 449 862 507 promissae,
899 465 1065 508 magna
1100 451 1296 496 mutatio
1330 466 1512 497 morum
1554 453 1602 497 in
1635 453 1796 513 peius,
1832 456 2033 503 haeresis

247 532 348 575 tum
384 546 462 589 per
483 545 547 591 se,
574 537 672 577 tum
701 534 759 578 ob
782 533 1034 592 periculum
1061 520 1370 593 perversionis
1404 535 1451 581 in
1485 537 1679 595 coniuge
1711 539 1784 583 vel
1818 538 1865 583 in
1889 540 2029 598 prole.

251 614 485 674 Denique,
522 614 557 659 si
589 615 695 675 quid
730 616 922 661 istorum
955 617 1028 662 vel
1063 617 1210 663 simile
1257 622 1395 663 antea
1434 620 1614 677 latens,
1650 620 1890 679 detegatur
1931 627 2033 681 post

248 697 497 755 sponsalia:
535 702 585 741 ut
616 700 653 742 si
686 713 802 755 quae
836 699 1082 757 putabatur
1109 699 1330 759 legitima,
1367 701 1442 746 vel
1474 701 1655 759 nobilis,
1680 703 1754 748 vel
1777 703 1921 762 dives,
1957 705 2032 750 vel

248 781 395 839 virgo,
422 782 525 826 talis
560 796 651 827 non
686 782 745 827 sit
769 783 798 827 ¹.
837 787 974 829 Secus
996 783 1260 842 dicendum,
1286 785 1322 830 si
1348 785 1517 845 aliquid
1541 786 1733 832 istorum
1756 793 1865 833 ante
1898 801 2033 847 spon—

252 161 330 201 118
923 175 1033 205 PARS
1062 177 1100 204 11.
1137 177 1194 205 DE
1223 177 1361 206 manus

247 865 358 911 salia
393 880 485 911 non
520 866 721 924 latuerit,
757 871 894 926 atque
927 881 981 912 eo
1017 881 1109 912 non
1143 869 1370 926 obstante,
1406 869 1570 929 aliquis
1606 869 1755 915 sciens
1786 885 1840 916 ac
1872 871 2033 917 volens

249 949 525 1008 promiserit,
561 954 755 1010 excepta
790 951 981 997 haeresi.
1021 955 1122 996 Non
1156 956 1348 1010 possunt
1385 957 1544 998 tamen
1577 953 1763 999 dissolvi
1805 955 2032 1013 sponsalia

247 1032 306 1076 ob
338 1033 670 1078 haereditatem
705 1034 914 1078 alterutri
948 1034 1303 1093 obvenientem3
1339 1036 1445 1095 quia
1481 1038 1598 1081 alter
1627 1051 1707 1095 per
1739 1038 1825 1083 hoc
1848 1052 1942 1083 non
1964 1043 2034 1084 est

249 1116 398 1160 sactus
441 1115 680 1161 deterioris
719 1117 1010 1162 conditionis.
1065 1118 1107 1175 9)
1143 1118 1185 1162 Si
1219 1131 1277 1162 ex
1311 1118 1608 1164 matrimonio
1647 1119 1753 1165 mali
1792 1120 1945 1165 exitus
1976 1121 2032 1166 ti-

249 1203 466 1243 meantur
489 1200 520 1257 ²,
558 1200 630 1244 vel
665 1214 804 1258 grave
836 1200 1123 1258 scandalum,
1159 1201 1459 1259 perturbatio,
1494 1207 1584 1247 etc.

366 1283 465 1328 849.
501 1284 692 1336 Quando
726 1285 986 1341 praedictae
1018 1298 1182 1329 causae
1215 1289 1324 1329 sunt
1360 1286 1632 1331 manifestae
1665 1301 1758 1331 non
1784 1286 2034 1346 requiritur

249 1365 414 1410 Iudicis
446 1366 675 1410 sententia
707 1367 763 1411 ad
798 1367 1024 1425 sponsalia
1058 1367 1372 1425 dissolvenda,
1410 1382 1542 1414 secus
1583 1369 1845 1429 requiritur.
1902 1370 2032 1424 Quod

247 1449 283 1493 si
317 1463 527 1507 sponsus,
553 1451 737 1507 cognito
765 1451 861 1496 iure
894 1465 975 1497 suo
1011 1452 1258 1509 resiliendi,
1287 1452 1589 1497 nihilominus
1621 1453 1867 1499 carnaliter
1899 1467 2032 1512 spon·

247 1545 345 1576 sam
379 1533 625 1591 cognovit,
662 1539 877 1579 censetur
924 1535 1064 1580 tacite
1113 1534 1199 1579 iuri
1248 1549 1329 1580 suo
1371 1536 1683 1593 renuntiasse,
1719 1540 1765 1580 et
1806 1536 2032 1595 sponsalia

248 1616 495 1662 ratificasse
514 1617 544 1660 ³.

986 1813 1215 1842 aumonius
1247 1815 1292 1843 11.

831 1919 892 1960 De
924 1919 1223 1962 Matrimonii
1254 1923 1455 1962 natura.

366 2035 466 2079 850.
510 2036 546 2078 1.
588 2033 936 2079 Matrimonium
970 2033 1017 2078 in
1051 2033 1218 2093 triplici
1242 2037 1364 2078 statu
1399 2047 1495 2078 esse
1529 2038 1702 2093 potest,
1737 2033 1913 2079 scilicet
1945 2046 2031 2078 ηα-

248 2124 399 2173 turae,
429 2116 501 2161 vel
523 2119 749 2162 societatis
771 2117 932 2172 civilis,
960 2117 1034 2161 vel
1055 2119 1284 2161 societatis
1307 2118 1551 2163 Ecclesiae.
1591 2117 1791 2162 Primum
1822 2122 1891 2162 est
1912 2117 2031 2177 quod

248 2202 539 2247 contrahitur
562 2201 682 2246 inter
711 2214 925 2259 personas
960 2215 1051 2246 non
1078 2200 1348 2259 baptizatas,
1376 2201 1602 2261 nullisque
1625 2201 1838 2247 civilibus
1860 2201 2032 2260 legibus

245 2284 509 2329 obstrictas.
546 2283 751 2328 Alterum
786 2288 854 2328 est
886 2284 1005 2343 quod
1039 2284 1330 2329 contrahitur
1364 2286 1485 2330 inter
1518 2299 1733 2345 personas
1765 2299 1858 2331 non
1893 2285 2032 2344 bapti-

247 2372 388 2424 zatas,
419 2367 496 2412 sed
518 2367 691 2425 legibus
713 2366 924 2413 civilibus
946 2367 1188 2413 subiectas.
1227 2368 1429 2413 Tertium
1460 2368 1656 2432 denique
1679 2373 1748 2414 est
1769 2371 1888 2428 quod
1912 2368 2033 2414 inter

252 2464 469 2509 personas
502 2451 791 2508 christianas,
827 2451 900 2496 vel
932 2466 1126 2511 quarum
1162 2465 1253 2496 una
1287 2454 1449 2498 saltem
1475 2452 1724 2497 christiana
1758 2452 1831 2509 sit,
1869 2451 2028 2509 initur,

184 2517 187 2518 ⁷
248 2549 338 2594 qno
370 2537 454 2580 sub
485 2540 695 2593 respectu
726 2534 1074 2580 matrimonium
1097 2541 1167 2580 est
1202 2556 1221 2576 a
1249 2539 1603 2581 Sacramentum
1638 2536 1758 2581 inter
1779 2535 2032 2595 baptizatas

251 2631 497 2676 personas,
533 2632 623 2677 quo
659 2618 727 2663 vir
760 2622 806 2662 et
840 2618 1002 2664 mulier
1049 2618 1146 2663 iure
1192 2619 1390 2664 naturali
1424 2623 1471 2664 et
1504 2618 1812 2664 ecclesiastico
1862 2617 2032 2663 habiles

251 2706 411 2746 mutuo
445 2715 669 2747 consensu
696 2701 966 2747 vinciuntur
988 2702 1169 2747 foedere
1196 2702 1394 2748 maritali
1419 2702 1556 2747 unico
1589 2706 1635 2747 et
1667 2701 1967 2747 indissolubili
1988 2720 2028 2747 n.

368 2895 377 2914 ¹
407 2897 461 2932 Ex
488 2897 510 2933 l.
537 2897 559 2933 5
585 2898 628 2933 de
655 2898 817 2942 spon<al.

368 2968 380 2986 ²
408 2969 462 3004 Ex
489 2979 568 3014 cap.
598 2968 638 3004 17
667 2969 712 3006 de
739 2969 903 3015 sponsal.

368 3037 381 3056 ³
407 3038 605 3082 LAYMANN,
632 3039 673 3075 de
699 3039 860 3075 Matrim.
888 3049 968 3086 cap.
995 3039 1028 3082 2,
1055 3048 1090 3075 n.
1118 3038 1174 3075 ⁶20.
