2176 3386
201 167 282 208 328
562 180 916 210 SUPPLEMENTUM
945 181 1224 217 QUORUMDAM
1253 182 1620 213 DOCUMENTORUM

324 284 389 331 Ad
423 287 492 331 5¹²².
532 291 673 332 Detur
705 292 948 333 Decretum
994 289 1138 334 latum
1187 289 1259 335 die
1304 290 1356 334 15
1388 290 1542 349 aprilis
1578 292 1716 348 1672,
1751 295 1985 352 sequentis

201 369 403 414 tenoris:
439 396 498 403 —
531 371 764 428 Proposito
804 371 941 416 dnbio
987 371 1154 416 Nuncii
1189 372 1432 430 Apostolici
1482 374 1600 432 apud
1634 378 1833 421 Venetas
1868 396 1888 418 u
1915 379 1982 422 An

205 451 517 498 Eucharistiae
539 456 887 499 Sacramentum
912 455 1114 500 delatum
1143 455 1199 500 ad
1222 455 1431 502 infirmos
1464 471 1486 501 a
1523 459 1790 516 presbytero
1822 474 1984 517 graeco

159 521 163 525 ’
201 534 493 581 schismatico
526 537 706 582 adorari
729 537 892 583 debeat
913 553 937 584 a
965 538 1062 583 viro
1088 539 1345 584 catholico?
1371 559 1390 579 η
1429 554 1695 599 responsum
1730 541 1838 587 fuit‘:
1876 542 1982 588 scri·

201 619 336 663 batur
366 620 486 679 quod
509 621 749 666 occasione
772 636 861 681 qua
886 636 977 666 non
1013 622 1153 680 possit
1175 622 1350 668 evitare
1378 623 1655 669 delationem
1681 626 1981 682 Sacramenti,

200 700 308 746 illud
343 703 502 747 adoret
534 703 609 748 sed
645 717 736 748 non
771 709 1073 764 prosequatur
1120 705 1434 761 deferentem,
1471 720 1556 751 nec
1598 706 1880 764 ingrediatur
1912 722 1982 753 ec-

201 785 388 830 clesiam
422 800 708 844 graccorum.

320 868 383 912 Ad
419 868 487 913 6¹¹².
527 868 698 924 Licere,
733 870 983 914 dummodo
1017 875 1172 915 tamen
1209 876 1255 916 et
1286 871 1386 915 aliis
1421 871 1625 917 fidelibus
1655 887 1746 917 non
1773 875 1983 931 praebea-

200 954 275 994 tur
306 952 591 1007 scandalum,
620 966 704 997 nec
737 953 796 996 sit
828 953 943 998 alius
966 955 1177 999 sacerdos
1209 955 1477 1010 catholicus,
1504 970 1587 1000 nec
1621 955 1678 1000 sit
1711 956 1981 1014 periculum,

200 1038 251 1077 ut
283 1033 427 1079 fidelis
459 1036 516 1079 ab
550 1035 781 1080 haeretico
815 1040 1126 1093 pervertatur,
1162 1042 1208 1081 et
1245 1038 1427 1082 tandem
1454 1038 1746 1095 probabiliter
1771 1039 1984 1084 credatur

200 1119 483 1163 sacerdotem
521 1119 803 1164 haereticum
844 1119 1274 1165 administraturum
1322 1122 1405 1165 hoc
1438 1127 1782 1167 sacramentum
1823 1136 1982 1168 secun-

200 1202 307 1246 dum
342 1202 459 1246 ritus
497 1202 737 1248 Ecclesiae.

321 1286 383 1330 Ad
418 1286 488 1330 7¹¹¹.
527 1290 626 1330 Non
663 1286 813 1332 licere.

319 1370 383 1414 Ad
416 1369 483 1413 8¹¹¹.
522 1373 659 1413 l'rout
691 1370 955 1428 exponitur,
993 1386 1085 1416 non
1122 1372 1272 1417 licere.

320 1453 381 1496 Ad
417 1453 470 1497 9¹¹¹
505 1458 550 1497 et
587 1453 682 1500 10⁰⁰.
722 1457 820 1498 Non
855 1455 1008 1499 licere.

320 1535 381 1579 Ad
420 1536 515 1580 lim.
557 1540 695 1580 Detur
730 1537 978 1581 instructio
1002 1538 1092 1582 iam
1118 1539 1221 1583 data
1246 1539 1330 1583 sub
1353 1540 1435 1584 fer.
1463 1543 1536 1595 IV,
1562 1539 1634 1583 die
1671 1541 1723 1584 14
1751 1539 1842 1584 ian.
1874 1539 1984 1584 1818

207 1617 380 1664 Vicario
415 1619 673 1676 Apostolico
707 1620 1030 1676 Kentnkiensi‚
1067 1621 1140 1666 cui
1176 1622 1449 1678 postulanti:
1501 1650 1558 1654 —
1607 1625 1674 1667 An
1709 1623 1983 1681 permissum

199 1706 257 1747 sit
293 1702 630 1747 baereticorum
666 1703 882 1749 600168138
914 1718 991 1749 seu
1029 1706 1290 1762 Synagogas
1322 1705 1562 1751 aedificare
1610 1733 1667 1737 υ
1714 1719 1983 1764 responsum

198 1787 307 1831 fuit:
346 1790 443 1831 Non
481 1800 577 1831 esse
612 1787 959 1846 inquietandos,
995 1789 1243 1833 dummodo
1278 1803 1369 1834 non
1409 1789 1526 1834 adsit
1563 1790 1863 1846 scandalum,
1899 1804 1985 1834 nec

198 1870 277 1914 fiat
310 1871 355 1914 in
391 1875 710 1929 contemptum
746 1870 992 1928 religionis.
1036 1876 1172 1917 Curet
1204 1877 1358 1917 autem
1398 1872 1666 1930 Episcopus,
1704 1879 1754 1916 ut
1786 1872 1985 1917 artifices

198 1967 278 2012 per
303 1953 613 1999 Missionarios
657 1959 703 1998 et
736 1954 1046 1999 Confessarios
1089 1961 1345 2013 opportune
1389 1955 1706 2010 instruantur,
1743 1955 1926 2014 quando
1958 1968 1984 1999 a

197 2037 379 2096 propria
415 2038 685 2095 praestanda
734 2052 869 2095 opera
903 2038 951 2083 in
986 2039 1323 2084 haereticorum
1377 2039 1581 2084 ecclesiis
1623 2053 1702 2084 seu
1737 2037 1986 2096 synagogis

197 2121 491 2166 aedificandis
524 2135 571 2166 se
604 2121 833 2166 abstinere
867 2122 1079 2167 debcant.
1118 2125 1354 2167 Tenentur
1375 2122 1549 2167 scilicet
1570 2121 1627 2165 ab
1659 2136 1794 2180 opere
1817 2135 1863 2166 se
1886 2121 1984 2165 abs-

197 2205 368 2250 tinere:
410 2205 445 2249 1.
480 2204 562 2248 Ubi
596 2204 856 2249 huiusmodi
892 2218 1004 2263 opus
1036 2205 1349 2250 communiter
1372 2206 1595 2250 habeatur
1619 2219 1699 2264 pro
1731 2205 1860 2263 signo
1884 2218 1982 2262 pro-

197 2287 416 2332 testativo
451 2288 590 2332 falsae
626 2287 870 2344 religionis.
924 2289 965 2332 2.
1007 2289 1085 2333 Vel
1118 2288 1288 2348 aliquid
1323 2288 1367 2332 in
1403 2288 1499 2346 ipso
1533 2287 1825 2332 contineatur
1865 2285 1985 2345 quod

199 2386 278 2430 per
309 2386 356 2417 se
389 2372 562 2417 directe
594 2387 648 2418 ac
682 2372 818 2418 unice
851 2373 1081 2431 exprimat
1107 2374 1475 2432 reprobationem
1512 2374 1723 2419 catholici
1747 2375 1912 2429 cultus,
1940 2377 1984 2418 et

197 2455 574 2513 approbationem
624 2455 831 2500 damnati
866 2457 1016 2501 cultus
1049 2456 1404 2501 haereticorum.
1458 2457 1498 2501 5.
1538 2459 1626 2500 Aut
1658 2460 1839 2501 constet
1875 2455 1984 2500 arti-

198 2538 306 2584 fices
353 2539 604 2584 catholicos
636 2539 691 2584 ad
725 2553 838 2597 opus
870 2539 987 2597 adigi
1023 2540 1095 2584 vel
1133 2540 1286 2584 vocari
1320 2540 1377 2584 ab
1410 2539 1653 2585 haereticis
1695 2539 1741 2583 in
1776 2542 1982 2583 contem-

198 2626 329 2679 ptum
363 2622 615 2668 catholicae
652 2621 912 2679 Religionis.
954 2625 1165 2668 Ceterum
1209 2622 1424 2682 quamvis
1467 2626 1599 2668 extra
1634 2623 1716 2666 hos
1749 2634 1881 2665 casus
1912 2635 1981 2665 re-

122 2763 130 2774 ·
198 2704 433 2764 linquendi
469 2705 562 2749 sint
594 2705 638 2750 in
675 2705 794 2750 bona
829 2704 946 2759 fide,
982 2719 1162 2763 semper
1199 2710 1351 2750 tamen
1390 2704 1608 2750 monendi
1642 2708 1750 2748 sunt
1788 2717 1846 2748 ne
1879 2703 1983 2747 hae—

199 2788 448 2832 reticorum
483 2789 626 2833 cultui
661 2788 895 2845 cooperari
930 2788 1191 2833 intendant.
