2176 3386
222 135 302 176 290
897 146 1006 176 PARS
1035 146 1076 175 11.
1106 146 1163 175 DE
1193 146 1331 175 manus

933 400 1179 460 LIBER
1223 400 1295 459 II.

389 554 500 608 De
536 553 801 607 Rebus
839 551 1394 618 temporalibus
1434 565 1529 605 ao
1567 551 1843 605 mixtis,

346 722 472 765 1270.
511 723 615 764 Post
648 695 973 763 tractzitionem
1006 717 1061 762 dc
1088 716 1313 762 Ecclesiae
1347 716 1481 761 rebus
1509 715 1838 775 spiritualibus,
1863 715 2004 762 sacris

221 809 268 849 et
303 802 542 862 religiosis,
578 801 805 859 agendum
843 815 967 846 nunc
1000 803 1207 858 superest
1239 800 1292 844 (16
1325 800 1461 845 rebus
1493 799 1852 857 temporalibus,
1886 814 2002 857 quae

221 887 542 933 ecclesiasticis
575 886 731 931 usibus
762 885 970 930 addictae
1003 889 1127 928 sunt.
1165 887 1302 928 Porro
1334 885 1388 928 de
1421 884 1648 939 censibus,
1685 884 2004 929 exactionibus

221 977 267 1017 et
303 970 719 1030 procurationibus,
755 984 807 1013 ac
831 969 885 1013 de
918 968 1124 1024 decimis,
1151 968 1240 1012 iam
1275 967 1413 1012 locuti
1447 982 1630 1026 sumus,
1668 968 1775 1014 bine
1797 972 2004 1025 superest

221 1060 272 1099 ut
303 1055 357 1099 de
391 1053 625 1098 beneficiis
658 1056 704 1097 et
737 1053 791 1097 de
826 1052 921 1096 iure
957 1055 1225 1109 patronatus
1258 1051 1406 1111 aliqua
1440 1051 1709 1095 summatim
1750 1051 1999 1096 edicamus.

913 1284 1220 1338 TITULUS
1273 1285 1309 1335 I.

817 1436 905 1488 De
964 1435 1393 1487 Beneficiis

984 1626 1162 1671 CAPUT
1206 1628 1237 1668 Ι.

777 1759 836 1794 DE
863 1755 1101 1793 BENEFICII
1129 1753 1449 1790 DEFINITIONE.

344 1881 469 1925 1271.
511 1876 784 1922 Beneficium
820 1879 889 1918 est
922 1874 989 1917 ins
1023 1876 1311 1930 perpetuum,
1335 1870 1610 1914 auctoritate
1636 1867 1862 1914 Ecclesiae
1894 1881 1999 1911 con-

219 1964 450 2018 stitutum,
478 1959 755 2019 percipiendi
791 1959 968 2002 fructus
989 1971 1045 2001 ex
1075 1956 1203 2000 bonis
1225 1952 1561 2008 ecclesiasticis,
1588 1956 1772 2010 propter
1799 1949 1998 1994 officium

221 2047 471 2106 spirituale.
513 2044 708 2089 Dicitur:
762 2043 797 2098 l)
828 2042 910 2085 Ius
938 2045 1240 2097 perpetuum.-
1285 2038 1390 2096 quia
1423 2035 1696 2080 beneficium
1736 2033 1999 2077 institutum

219 2138 303 2188 est,
340 2135 391 2175 ut
423 2142 603 2186 semper
635 2127 784 2175 duret,
810 2125 922 2169 adeo
956 2129 1006 2167 ut
1039 2123 1073 2166 si
1110 2122 1189 2166 uni
1223 2122 1475 2174 auferatur,
1502 2119 1660 2163 debeat
1687 2117 1824 2161 tribui
1849 2116 1997 2160 alteri.

220 2215 337 2260 Hinc
369 2213 549 2258 Vicaria
583 2209 843 2255 amovibilis
878 2221 968 2251 non
1003 2210 1072 2250 est
1105 2204 1282 2263 proprie
1315 2201 1606 2247 beneficium.
1654 2202 1695 2257 2)
1722 2202 2001 2243 Auctoritate

224 2298 463 2350 Ecclesiae,
501 2296 586 2338 boe
619 2299 704 2346 631,
745 2290 991 2344 pontilicis,
1028 2288 1101 2332 vel
1139 2286 1368 2345 Episcopi:
1416 2299 1522 2329 nam
1555 2284 1609 2328 ad
1644 2295 1721 2327 eos
1752 2282 1871 2326 solos
1903 2294 1999 2338 per-

221 2382 337 2426 tinet
367 2379 514 2425 officia
547 2375 798 2435 spiritualia
836 2374 1093 2426 instituere,
1118 2371 1272 2430 eisque
1302 2373 1555 2428 proventus
1587 2367 1847 2411 adnectere.
1883 2364 1999 2408 Hine

219 2462 538 2523 Cappellaniae
574 2474 663 2505 non
699 2458 972 2513 collalivae,
1008 2455 1085 2500 sed
1119 2469 1143 2499 a
1178 2454 1370 2512 privatis
1403 2453 1507 2496 licet
1539 2450 1585 2495 in
1622 2453 1890 2508 perpetuum
1923 2447 1998 2490 do-

219 2553 343 2592 tatae
378 2560 456 2603 pro
491 2544 732 2588 missarum
769 2539 1103 2591 celebratione,
1141 2551 1232 2582 non
1266 2540 1375 2580 sunt
1409 2533 1643 2579 beneficia.
1691 2533 1732 2589 5)
1775 2535 1842 2574 Em
1872 2531 2000 2574 bonis

218 2631 554 2682 ecclesiasticis,
592 2627 634 2670 id
673 2630 742 2670 est
778 2623 1002 2668 Ecclesiae
1045 2622 1100 2666 ad
1154 2620 1229 2664 Dei
1268 2619 1443 2663 cultum
1488 2616 1696 2672 donatis,
1732 2628 1790 2658 ex
1836 2611 2000 2672 quibus

220 2718 372 2760 crecta
397 2716 505 2757 sunt
530 2709 769 2764 beneficia,
795 2721 988 2767 quorum
1015 2704 1094 2750 soli
1120 2705 1297 2750 fructus
1319 2703 1489 2747 cedunt
1520 2696 1824 2745 beneficiariis
1848 2696 1878 2752 ¹,
1905 2708 1998 2739 non

338 2881 348 2900 ¹
376 2879 506 2917 Clerici
533 2888 609 2914 non
635 2877 744 2914 modo
767 2875 954 2922 possidere
973 2876 1129 2919 possunt
1147 2871 1245 2908 bona
1261 2868 1546 2916 patrimonialia,
1565 2875 1660 2912 quae
1680 2864 1822 2901 scilicet
1839 2861 1998 2904 aliunde,

218 2962 329 2999 quam
357 2962 404 2988 ex
431 2949 622 2986 beneficiis
651 2958 717 2984 seu
742 2945 959 2982 ministeriis
985 2942 1246 2981 ecclesiasticis
1271 2940 1450 2983 obtinent,
1475 2947 1596 2983 neque
1623 2935 1742 2973 solum
1760 2937 1858 2971 certe
1883 2931 1999 2969 domi-

218 3024 322 3060 nium
348 3022 546 3069 adquirunt
574 3021 722 3066 plenum
751 3019 944 3059 bonorum,
972 3025 1066 3062 quae
1093 3014 1199 3061 quasi
1225 3011 1500 3059 patrinwnialia
1524 3009 1708 3052 dicuntur,
1733 3015 1828 3052 quae
1859 3003 1994 3041 scilieet
