2176 3386
760 225 891 254 umen
918 225 943 254 1.
974 224 1031 253 DE
1060 222 1256 253 cmmms
1820 211 1898 251 211

113 337 194 379 aut
236 346 489 392 pauperum
523 331 737 378 solatium
772 331 1002 376 instituta.
1044 330 1110 375 Ad
1143 331 1284 375 haec:
1320 328 1612 374 alienationis
1646 328 1900 386 prohibitae

115 416 304 462 nomine
338 416 469 461 venit
491 416 577 461 hac
602 416 646 460 in
674 429 720 459 re
744 414 1024 474 quicumque
1051 418 1335 468 contractus,
1360 427 1451 473 quo
1483 426 1556 457 res
1577 413 1782 457 locorum
1807 412 1900 470 pio-

114 514 215 544 rum
249 504 499 558 utcumque
531 498 864 553 distrahantur,
899 497 998 542 sive
1032 497 1073 541 id
1108 496 1188 542 fiat
1220 511 1300 555 per
1330 495 1648 552 donationem,
1674 495 1900 540 venditio-

115 597 240 639 nem,
276 581 687 641 permutationem,
724 580 1103 626 constitutionem
1148 580 1366 639 pignoris,
1418 580 1723 638 hypothecae,
1775 593 1901 624 usus-

115 667 306 722 fructus,
349 678 474 720 usus,
518 669 598 709 aut
638 665 827 709 alterius
869 663 1125 719 servitutis,
1162 663 1544 719 transactionem,
1595 663 1901 708 cessationem

114 747 222 804 litis,
259 747 662 807 compromissum,
699 747 922 792 unionem
957 761 1061 792 cuni
1096 747 1183 791 alia
1218 747 1428 802 ecclesia,
1473 747 1819 792 concessionem
1855 747 1901 792 in

116 830 320 886 feudum,
356 829 716 889 emphyteusim,
754 829 1031 874 locationem
1068 830 1193 874 ultra
1230 831 1517 885 triennium,
1554 834 1600 874 et
1631 843 1901 888 quamcum-

115 927 203 972 que
235 913 370 958 aliam
408 913 687 971 pactionem,
724 913 824 957 sixe
857 912 1114 957 dominium
1159 913 1404 969 directum,
1439 912 1537 958 sive
1571 913 1683 957 utile
1716 917 1900 957 tantum

116 999 434 1042 transferatur.
474 998 652 1056 Absque
688 997 976 1055 beneplacito
1008 998 1275 1055 apostolico,
1310 998 1528 1058 quidquid
1550 998 1594 1043 in
1614 1000 1898 1043 contrarium

118 1088 297 1127 veteres
334 1085 548 1126 Doctores
580 1081 827 1136 senserint,
866 1095 957 1125 non
992 1081 1189 1140 amplius
1231 1081 1369 1125 locari
1416 1082 1487 1126 vel
1531 1082 1668 1126 vendi
1715 1087 1903 1141 possunt

119 1180 188 1211 res
220 1169 480 1225 antiquitus
515 1166 706 1210 alienari
742 1171 822 1210 aut
856 1166 900 1210 in
928 1166 1112 1210 feudum
1135 1167 1207 1211 vel
1232 1167 1574 1226 emphyteusim
1602 1167 1697 1212 dari
1722 1167 1899 1222 solitae,

118 1264 202 1295 nec
237 1250 373 1294 vendi
409 1250 481 1294 vel
515 1249 653 1294 locari
693 1250 896 1294 redditus
929 1249 1266 1295 ecclesiasticae
1303 1250 1556 1309 pensionis,
1591 1266 1676 1296 nec
1710 1252 1764 1296 ad
1788 1257 1902 1296 tein-

117 1345 200 1391 pus
242 1331 456 1391 quidem,
493 1338 852 1389 repraesentata
899 1336 1133 1389 pecunia,
1170 1346 1248 1378 seu
1284 1338 1467 1391 recepto
1509 1334 1645 1379 simul
1686 1341 1731 1380 et
1763 1335 1903 1381 semel

117 1413 262 1472 pretio
284 1415 311 1457 ².

241 1502 449 1542 [anivero
483 1498 529 1541 vi
566 1498 922 1555 Extravagantis
946 1499 1234 1555 Ambz'tz’osae,
1259 1514 1376 1558 quae
1399 1501 1531 1545 hodie
1556 1506 1654 1560 post
1678 1503 1904 1547 Constitu·

118 1581 291 1626 tionem
330 1581 608 1638 ,spostolicae
643 1581 770 1625 Sedis
802 1580 970 1640 ubique
1003 1582 1208 1626 locorum
1244 1583 1529 1628 observanda
1564 1590 1648 1640 est,
1686 1591 1907 1632 vetantur

119 1663 421 1710 alienationes
454 1678 605 1708 rerum
642 1669 687 1708 et
721 1664 947 1709 bonorum
981 1665 1416 1711 ecclesiasticorum.
1471 1671 1522 1712 Et
1565 1668 1712 1726 primo
1756 1671 1905 1728 prohi-

121 1748 286 1793 bentur
308 1746 498 1792 alienari
534 1761 604 1792 res
638 1747 904 1792 immobiles
938 1761 1015 1792 seu
1052 1749 1146 1793 solo
1179 1749 1497 1806 cohaerentes,
1533 1756 1584 1795 ut
1608 1752 1753 1807 fundi,
1779 1768 1907 1811 prae-

121 1830 209 1885 dia,
243 1831 421 1886 domuS‚
457 1835 544 1876 etc.
581 1830 746 1890 quibus
778 1836 1086 1876 accensentur
1110 1832 1207 1876 iura
1234 1832 1534 1891 incorporalia
1559 1834 1903 1894 iurisdictionis,

121 1913 417 1969 servitutum,
454 1917 654 1971 potestas
689 1913 909 1971 piscandi,
961 1915 1193 1972 pascendi,
1230 1915 1429 1973 lignandi
1457 1923 1565 1973 etc„
1596 1932 1761 1964 census
1794 1921 1904 1966 item

122 1997 282 2051 annui,
317 1997 352 2041 si
390 1996 707 2041 ministrorum
746 1998 1092 2053 sustentationi,
1130 1998 1202 2043 vel
1244 1999 1443 2045 fabricae
1482 2003 1824 2048 conserxationi
1861 2004 1906 2049 in

123 2084 391 2137 perpetuum
426 2084 534 2124 sunt
564 2080 798 2125 destinati.
840 2081 1143 2139 Excipiuntur
1178 2087 1331 2127 tamen
1357 2098 1427 2128 res
1451 2084 1708 2131 immobiles
1733 2089 1908 2145 perexi-

123 2162 194 2219 gui
231 2163 471 2218 momenti,
507 2168 553 2208 et
584 2163 804 2208 ecclesiae
841 2169 1025 2222 propter
1058 2165 1290 2224 impensas
1323 2167 1555 2213 faciendas
1602 2170 1806 2214 absolute
1842 2170 1908 2214 in-

123 2246 273 2301 utiles,
309 2245 448 2290 etiam
484 2246 652 2291 noxiae
687 2252 767 2291 aut
800 2261 916 2307 quae
950 2249 1049 2306 plus
1083 2248 1363 2294 incommodi
1397 2265 1534 2310 quam
1581 2253 1809 2298 commodi
1844 2255 1908 2298 af-

124 2329 294 2384 ferunt,
330 2344 404 2373 ex.
443 2344 508 2386 gr.
547 2330 714 2374 domus
748 2331 976 2376 ruinosae.
1014 2333 1221 2378 Secundo
1254 2334 1444 2378 alienari
1483 2340 1700 2379 vetantur
1720 2349 1791 2380 res
1814 2351 1908 2381 mo·

125 2411 235 2457 biles
267 2412 509 2471 pretiosae,
546 2427 664 2472 quae
697 2414 927 2459 servando
954 2415 1128 2460 servari
1164 2416 1354 2474 possint,
1390 2422 1440 2461 ut
1465 2417 1665 2462 thesauri
1690 2420 1908 2464 ecclesiae

127 2499 308 2554 propter
341 2495 648 2541 intrinsecum
686 2498 882 2554 pretium
919 2502 998 2542 aut
1030 2498 1357 2556 antiquitatem
1392 2500 1717 2557 aestimabiles,
1756 2501 1909 2547 biblio·

125 2577 301 2634 thecae,
337 2583 423 2623 etc.

242 2661 408 2706 Omnia
450 2666 608 2707 autem
645 2663 877 2721 praedicta
920 2663 1111 2709 alienari
1153 2671 1371 2723 possunt,
1408 2666 1443 2710 si
1476 2667 1565 2712 duo
1607 2672 1906 2723 concurrant,

125 2757 257 2789 causa
291 2744 538 2800 sufficiens,
573 2749 619 2790 et
651 2745 832 2791 debitae
865 2747 1196 2792 solemnitates.
1249 2751 1392 2793 Causa
1427 2750 1593 2807 triplex
1626 2754 1712 2804 est,
1750 2762 1905 2793 neces·

127 2816 289 2884 sitatis,
315 2828 389 2873 vel
411 2827 639 2884 utilitatis,
666 2829 741 2874 vel
775 2828 980 2888 pietatis;
1015 2845 1090 2875 ex.
1126 2846 1191 2889 gr.
1228 2831 1284 2876 ad
1302 2832 1519 2876 solvenda
1540 2832 1709 2887 debita,
1734 2834 1788 2876 ad
1816 2846 1909 2876 ma-

127 2908 245 2956 iores
276 2915 529 2969 proventus
561 2911 888 2970 procurandos,
923 2912 979 2956 ad
1013 2913 1304 2957 redimendos
1335 2913 1545 2971 captivos
1577 2918 1666 2958 etc.

247 3087 257 3107 ¹
286 3087 324 3125 S.
350 3088 464 3134 Cong.
492 3089 559 3136 Ep.
588 3093 623 3127 et
648 3090 738 3136 Reg.
766 3100 824 3127 an.
854 3090 955 3128 1840.
