2176 3386
564 227 692 255 LIBER
723 227 748 255 1.
779 227 835 254 DE
867 225 1003 255 REBUS
1033 225 1270 254 ECCLESIAE
1299 226 1624 255 SPIRITUALlBUS
1912 216 1993 256 169

201 334 408 392 publicae
442 334 712 390 honestatis,
747 334 930 393 exurgit
961 338 1118 380 tamen
1153 348 1178 378 e
1210 347 1503 393 quocumque
1527 333 1826 386 matrimonio
1853 333 1984 379 inva-

199 417 316 474 lidof,
352 417 488 462 modo
526 416 783 462 invalidum
827 432 917 462 non
952 418 1011 462 sit
1041 432 1098 462 ex
1133 418 1315 463 defectu
1348 430 1626 472 consensus,
1665 417 1785 476 quod
1824 416 1990 461 definit

200 498 461 544 Bonifacius
497 501 591 544 Vin
619 500 656 555 ¹,
686 499 758 544 cui
794 500 918 544 nullo
953 498 1191 558 posteriori
1237 499 1335 543 iure
1373 499 1643 557 derogatum
1679 503 1764 555 est,
1800 503 1851 542 ut
1885 513 1988 557 pro·

199 582 278 627 bat
315 586 557 640 Fagnanus
581 582 611 626 ².

318 665 419 710 958.
459 665 807 710 Matrimonium
844 665 1025 717 irritum
1063 667 1121 710 ob
1162 665 1546 724 impedimentum
1594 665 1799 723 publicae
1843 665 1985 710 hone·

197 747 330 792 statis
362 762 452 792 non
490 748 606 806 parit
647 748 769 793 aliud
814 747 1067 793 honestatis
1116 748 1501 806 impedimentum
1550 748 1597 793 in
1649 747 1981 806 praeiudicium

198 831 401 888 priorum
435 831 742 890 sponsalium;
780 833 887 877 hinc
928 833 1277 878 matrimonium
1321 836 1612 878 contractum
1659 847 1764 878 cum
1808 846 1984 888 sorore,

200 918 365 969 matre,
403 915 475 959 vel
507 915 599 960 filia
633 929 852 973 sponsae,
899 930 990 960 non
1035 916 1173 961 habet
1214 916 1309 960 vim
1344 916 1471 975 quasi
1508 915 1788 973 reciprocam
1824 916 1986 960 dissol-

200 997 336 1042 vendi
374 998 695 1057 praecedentia
729 998 956 1056 sponsalia
982 999 1012 1043 ³.

316 1081 416 1126 959.
448 1080 545 1125 Dixi
571 1081 617 1125 in
642 1082 921 1139 praeiudicio
942 1085 1160 1140 priorum
1183 1084 1502 1140 sponsalium.-
1535 1097 1660 1138 nam,
1700 1087 1750 1127 ut
1782 1083 1986 1128 advertit

199 1163 401 1208 Sanchez
425 1163 458 1220 ⁴,
494 1165 677 1223 quando
712 1165 848 1223 priori
877 1166 1019 1211 sorori
1054 1168 1159 1211 data
1194 1171 1264 1211 est
1298 1166 1407 1211 tides
1439 1172 1485 1211 et
1519 1170 1675 1226 postea
1700 1181 1805 1212 cum
1836 1170 1983 1225 poste·

197 1244 304 1290 riori
343 1245 509 1290 initum
550 1251 619 1290 est
652 1247 1000 1292 matrimonium
1046 1249 1217 1308 absque
1264 1249 1699 1305 consummatione,
1748 1249 1986 1294 inducitur

196 1327 581 1386 impedimentum
628 1330 684 1374 ad
732 1331 1100 1376 contrahendum
1139 1332 1286 1377 valide
1337 1332 1686 1378 matrimonium
1725 1348 1830 1379 cum
1873 1348 1985 1394 qua-

196 1425 394 1472 cumque
439 1412 559 1457 intra
603 1417 819 1472 quartum
868 1415 1058 1472 gradum
1109 1416 1456 1473 consanguinea
1503 1417 1638 1461 liuius
1690 1417 1977 1475 posterioris,

196 1496 380 1555 dempta
416 1497 488 1541 illa
523 1497 595 1542 cui
630 1498 740 1542 fides
771 1499 875 1544 data
910 1500 1121 1559 est,quia
1155 1515 1210 1545 ex
1249 1501 1545 1546 matrimonio
1580 1502 1693 1547 inito
1718 1509 1985 1561 perseverat

198 1593 322 1625 nunc
366 1580 748 1638 impedimentum
800 1596 941 1641 usque
974 1584 1028 1628 ad
1063 1589 1279 1642 quartum
1314 1587 1531 1642 gradum,
1567 1590 1612 1630 et
1644 1586 1789 1630 solum
1826 1591 1986 1632 textus

197 1662 398 1721 disponit
433 1678 523 1708 non
557 1663 664 1709 oriri
701 1664 1082 1722 impedimentum
1118 1667 1174 1712 ad
1215 1668 1533 1725 praecedentia
1569 1669 1795 1727 sponsalia
1826 1670 1983 1715 dissol-

196 1746 346 1790 venda
372 1747 403 1790 ⁵.
448 1749 512 1790 Ex
532 1748 824 1803 sponsalibus
851 1752 1002 1806 puris,
1039 1753 1188 1805 certis,
1224 1750 1474 1795 dummodo
1513 1765 1608 1795 non
1641 1755 1736 1796 sint
1768 1753 1906 1798 mitta
1928 1768 1985 1797 eae

196 1829 377 1886 defectu
409 1843 672 1886 consensus,
702 1833 856 1882 oritur
887 1832 1050 1891 effieaoe
1083 1834 1147 1878 ad
1180 1835 1531 1890 impediendum
1576 1842 1617 1878 et
1658 1836 1981 1880 dirimendum

192 1915 432 1970 sequentia
463 1914 719 1969 sponsalia,
756 1914 826 1958 vel
861 1917 1236 1970 matrimonium,
1275 1930 1367 1959 non
1403 1923 1559 1961 autem
1603 1918 1667 1962 ad
1697 1919 1983 1974 praeceden-

195 1998 261 2041 tia
294 1997 652 2053 dissolvendum,
690 1999 1074 2055 impedimentum
1108 2002 1313 2044 iustitiae
1342 2000 1556 2057 publicae
1588 2000 1853 2045 honestatis.

315 2079 416 2123 960.
454 2078 570 2123 Hinc
616 2081 654 2124 1.
691 2080 727 2124 si
763 2081 1112 2127 matrimonium
1148 2082 1252 2127 Titii
1286 2097 1390 2126 cum
1419 2084 1580 2128 Bertha
1605 2084 1860 2129 invalidum
1887 2086 1983 2129 fue-

194 2162 254 2206 rit
287 2167 469 2220 propter
501 2163 681 2220 aliquod
718 2163 1102 2222 impedimentum
1137 2165 1376 2222 dirimens,
1412 2167 1510 2212 sive
1534 2168 1772 2225 cognitum
1799 2169 1976 2225 iisdem,

194 2244 292 2289 sive
326 2245 646 2303 incognitum,
698 2262 755 2291 ex
800 2248 961 2293 eodem
1004 2249 1300 2294 matrimonio
1345 2255 1562 2296 nascetur
1595 2251 1979 2309 impedimentum

196 2327 403 2386 publicae
439 2330 708 2386 honestatis,
747 2330 791 2375 vi
826 2330 956 2376 cuius
990 2346 1075 2377 nec
1108 2332 1253 2378 Titius
1287 2334 1424 2379 ullam
1451 2350 1474 2378 e
1498 2335 1853 2393 consanguineis
1882 2341 1978 2382 Ber-

194 2409 301 2454 thae
335 2423 420 2454 nec
456 2412 616 2455 Bertlia
651 2413 794 2456 ullum
830 2428 853 2457 e
886 2414 1242 2472 consanguineis
1275 2415 1376 2460 Titii
1402 2417 1523 2461 intra
1547 2422 1762 2476 quartum
1788 2420 1979 2476 gradum

195 2492 362 2536 ducere
396 2493 586 2551 poterit;
625 2495 744 2540 unde
778 2496 962 2542 axioma
984 2515 992 2541 ε
1019 2499 1138 2556 quod
1161 2499 1217 2542 (le
1239 2501 1343 2543 iure
1365 2502 1557 2544 irritum
1581 2507 1657 2556 est,
1689 2503 1872 2546 nultum
1894 2517 1983 2560 pa·

195 2578 259 2620 rit
288 2576 515 2634 effectum,
555 2591 645 2622 non
682 2580 805 2623 valet
839 2580 882 2623 in
919 2581 1165 2639 praesenti.

312 2752 324 2775 ¹
354 2756 394 2792 In
421 2765 502 2802 cap.
525 2758 621 2796 unic.
648 2759 692 2795 de
719 2761 882 2806 sponsal.
913 2761 948 2797 in
975 2761 1008 2798 6.

316 2827 327 2845 ’
354 2826 396 2863 In
415 2839 446 2865 c.
469 2829 525 2866 Ad
550 2831 772 2867 audientiam
790 2832 835 2869 de
853 2833 1015 2878 sponsal.

315 2897 327 2916 ³
354 2897 438 2945 Cap.
458 2900 556 2936 unic.
574 2901 618 2937 de
636 2902 801 2947 sponsal.
822 2902 860 2939 in
878 2903 911 2940 6.

314 2969 327 2987 ‘⁶
353 2969 454 3016 Disp.
477 2970 534 3014 68,
562 2981 596 3009 n.
612 2971 668 3009 24.

312 3038 326 3058 ⁵
352 3039 438 3086 Cap.
457 3042 558 3078 unic.
576 3042 620 3078 de
637 3044 800 3089 sponsal.
820 3045 859 3080 in
876 3044 909 3081 6.
