2176 3386
304 228 385 268 228
948 235 1058 265 PARS
1086 235 1113 265 1.
1146 235 1203 264 DE
1232 229 1445 269 Pensoms

425 345 493 389 17.
529 343 687 399 Quoad
720 342 1079 402 publicationem
1113 340 1505 399 indulgentiarum
1534 341 1564 386 ².

427 428 497 473 18.
539 427 696 481 Quoad
741 426 1009 471 facultatem
1051 422 1319 469 absolvendi
1360 438 1386 469 a
1428 424 1608 469 casibus
1653 424 1737 482 ipsi
1770 427 1983 486 episcopo
2023 441 2092 473 re·
2166 463 2173 470 .

306 510 502 557 servatis
526 510 556 555 ².

426 595 494 639 19.
531 594 687 648 Quoad
722 592 979 650 ingressum
1011 590 1299 649 superiorum
1339 590 1459 635 intra
1504 592 1770 636 clausuram
1821 592 2093 639 monialium

305 677 465 722 iisdem
499 677 811 721 subiectarum
844 675 1014 734 absque
1047 673 1338 729 necessitate,
1374 679 1421 718 et
1453 674 1539 718 hac
1573 674 1941 732 interveniente,
1966 675 2002 720 si
2025 676 2095 721 in·

306 761 445 819 gressi
478 760 651 805 fuerint
689 759 788 804 sine
832 757 1091 818 praesentia
1136 757 1368 815 Episcopi,
1407 757 1478 801 vel
1519 757 1706 802 alterius
1757 758 2093 804 ecclesiasticae

307 858 544 903 personae,
580 844 637 888 ab
668 856 721 887 eo
754 842 810 887 ad
843 843 929 887 boc
961 841 1221 900 specialiter
1251 841 1484 898 delegatae
1509 840 1540 885 ³.

426 929 497 972 20.
535 926 691 979 Quoad
723 925 898 971 dictum
933 925 1190 983 ingressum
1223 926 1463 983 plusquam
1488 926 1629 970 semel
1652 925 1699 969 in
1731 939 1855 969 anno
1878 938 1936 969 ex
1958 937 2095 969 causa

309 1010 608 1055 visitationis:
645 1010 764 1053 sicut
795 1012 843 1053 et
872 1008 1022 1068 quoad
1056 1007 1446 1052 introductionem
1470 1007 1711 1053 occasione
1736 1006 1995 1052 huiusmodi
2026 1007 2096 1051 in·

308 1106 488 1150 gressus
521 1093 719 1151 plurium
752 1091 983 1137 sociorum
1017 1091 1085 1135 sui
1118 1090 1317 1145 Ordinis,
1353 1104 1491 1150 quam
1524 1091 1738 1147 duorum,
1774 1092 1809 1135 si
1848 1093 2010 1148 agatur
2041 1091 2096 1134 de

310 1177 548 1234 Superiore
581 1175 780 1234 generali
814 1179 860 1219 et
895 1176 1133 1233 plusquam
1169 1173 1305 1218 unius
1337 1174 1372 1217 si
1405 1178 1567 1232 agatur
1599 1174 1653 1219 de
1693 1173 1930 1232 Superiore
1959 1172 2047 1218 alio
2071 1186 2096 1217 a

309 1259 524 1318 generali.
563 1263 675 1303 Item
708 1258 856 1318 quoad
889 1257 1201 1316 sumptionem
1243 1257 1508 1301 refectionis
1548 1256 1666 1300 intra
1717 1256 1926 1300 eamdem
1976 1255 2096 1300 clau-

310 1357 488 1398 suram,
530 1356 646 1402 quae
694 1341 938 1386 interdicta
990 1345 1091 1396 est,
1134 1345 1229 1385 tam
1275 1339 1495 1398 superiori
1543 1340 1775 1396 visitanti,
1823 1353 1962 1399 quam
2000 1339 2098 1384 eius

310 1425 444 1472 sociis
467 1426 498 1470 ⁴.

431 1511 502 1554 2l.
533 1510 689 1564 Quoad
722 1508 996 1553 electionem
1033 1508 1264 1552 Abatissae
1299 1507 1585 1562 monialium,
1624 1507 1783 1551 iisdem
1807 1505 2099 1564 regularibus

313 1592 641 1647 subiectarum,
664 1591 737 1636 cui
761 1591 1001 1648 episcopus
1022 1590 1242 1634 interesse
1268 1594 1430 1648 potest,
1455 1589 1527 1634 vel
1548 1603 1626 1647 per
1648 1602 1713 1644 se,
1737 1589 1810 1633 vel
1838 1602 1916 1646 per
1938 1572 2096 1643 alium,
2142 1610 2146 1613 -

314 1675 349 1720 si
387 1675 497 1719 velit
521 1675 550 1720 ⁵.

433 1760 502 1803 22.
529 1758 685 1812 Quoad
707 1757 1012 1815 punitionem,
1033 1756 1173 1801 etiam
1197 1757 1280 1801 sub
1303 1770 1447 1814 poena
1471 1755 1991 1811 excommunicationis,
2012 1755 2099 1813 pri-

315 1841 606 1899 vatIOnisque
641 1840 767 1884 vocis
808 1839 988 1884 activae
1022 1844 1068 1883 et
1099 1839 1336 1897 passivae,
1375 1838 1588 1883 ferendae
1630 1837 1923 1894 sententiae,
1959 1837 2100 1882 etiam

315 1930 475 1969 contra
509 1924 685 1983 equites
720 1923 1182 1980 Hierosolymitanos,
1221 1926 1403 1979 propter
1444 1935 1682 1966 accessum
1732 1924 1778 1965 et
1820 1920 2100 1966 locutionem

315 2008 380 2053 eis
411 2007 706 2052 interdictam
739 2007 823 2049 sub
855 2005 1035 2049 mortali
1071 2005 1220 2062 culpa,
1256 2004 1363 2048 licet
1397 2018 1475 2062 per
1505 2003 1826 2063 quodcumque
1868 2002 2100 2047 modicum

316 2090 536 2148 temporis
567 2090 783 2147 spatium,
808 2093 864 2147 ‚et
895 2092 953 2132 ob
985 2101 1325 2147 quamcumque
1359 2087 1600 2131 honestam
1635 2099 1848 2141 causam,
1874 2099 1980 2130 cum
2004 2085 2101 2145 qui-

318 2173 600 2231 buscumque
635 2170 925 2226 monialibus,
961 2169 1151 2229 aliisque
1176 2169 1296 2214 intra
1319 2182 1479 2213 earum
1507 2167 1785 2213 monasteria
1811 2168 2099 2226 degentibus,

316 2255 416 2300 sine
448 2254 652 2313 legitima
685 2253 871 2298 licentia
895 2252 926 2298 ⁶.
963 2253 1098 2298 Cuius
1129 2258 1285 2297 autem
1320 2251 1573 2310 Superioris
1608 2251 1794 2295 licentia
1823 2252 2100 2311 requiratur,

317 2337 496 2383 dicetur
528 2339 647 2382 Infra
681 2338 727 2381 in
752 2337 841 2382 fine
875 2337 1009 2381 liuius
1043 2335 1313 2396 Appendicis
1345 2339 1516 2391 §Quod
1541 2339 1733 2395 spectat.

438 2522 447 2541 ¹
475 2522 616 2559 Eodem
643 2522 803 2559 Trident.
831 2532 910 2568 cap.
937 2522 999 2564 IX,
1027 2522 1122 2559 Sess.
1151 2522 1254 2558 XXV
1281 2522 1324 2558 de
1352 2523 1512 2559 Reform.

439 2596 451 2614 ²
478 2596 599 2632 Consi.
627 2594 825 2631 Clemenus
852 2595 886 2630 X
913 2595 1074 2640 superna
1100 2598 1114 2635 Ξ
1139 2594 1171 2638 7,
1201 2595 1255 2631 11.
1282 2594 1364 2631 Kal.
1393 2596 1470 2632 Iun.
1500 2586 1601 2632 1670.
2135 2621 2150 2660 ι.
2167 2613 2176 2650 2-

439 2668 452 2687 ’
477 2668 601 2705 Const.
629 2667 737 2713 Greg.
765 2667 850 2702 XIII
878 2667 1005 2703 Dubiis
1030 2666 1075 2702 25
1102 2667 1294 2704 Decembr.
1323 2667 1425 2711 1581,
1454 2672 1489 2704 et
1518 2668 1716 2706 Alexandri
1742 2669 1811 2706 VII
1832 2669 1940 2705 Felici
1959 2668 2001 2704 15
2020 2666 2102 2704 Kal.
2127 2654 2176 2734 ἷῖζ

323 2740 519 2778 Novembr.
550 2739 652 2776 1664.
2126 2748 2176 2795 *ἓ

442 2810 455 2830 ⁸
481 2811 546 2848 Cit.
574 2810 773 2846 Alexandri
801 2814 915 2847 const.
943 2811 1063 2847 Felici.

442 2884 454 2903 ¹⁵
480 2884 602 2920 Consi.
630 2883 798 2929 Gregorii
827 2883 908 2920 XV.
935 2883 1168 2920 Inscrutabili
1192 2883 1214 2919 5
1240 2883 1345 2919 Febr.
1375 2883 1477 2919 1622.

442 2948 456 2968 ⁶
482 2949 643 2986 Decretis
668 2949 803 2995 Congr.
823 2949 993 2994 Episcop.
1022 2952 1058 2984 et
1084 2947 1212 2994 Regul.
1240 2949 1342 2985 iussu
1369 2949 1461 2985 sixti
1491 2949 1521 2985 V
1547 2949 1656 2987 editis
1684 2949 1706 2984 9
1735 2949 1820 2985 Maii
1856 2943 1967 2993 1590,
1984 2951 2019 2984 et
2044 2940 2108 2984 Ur‘·
2170 2988 2176 2992 ,

325 3022 408 3059 bani
438 3021 522 3057 VIII
551 3020 593 3057 12
620 3021 699 3061 Kal.
727 3021 917 3057 Decembr.
940 3019 1049 3062 1625,
1074 3030 1119 3057 ac
1144 3019 1416 3066 congr-..Cone
1444 3029 1529 3058 cum
1556 3020 1832 3067 approbatione
1859 3019 2035 3056 clement.
2053 3016 2108 3054 IX·

323 3094 392 3131 sub
418 3094 477 3130 die
505 3094 545 3130 11
575 3094 670 3138 Maii,
696 3098 731 3131 et
760 3092 804 3130 16
827 3093 921 3130 Νον.
948 3091 1047 3130 1669.
1064 3098 1174 3138 atque
1201 3093 1239 3129 in
1272 3092 1470 3138 Speletana
1507 3092 1680 3130 Accessus
1707 3093 1754 3130 ad
1783 3081 2027 3135 monasteria,
2059 3089 2080 3127 2
2104 3095 2110 3101 '⁴

326 3165 413 3202 Maii
442 3164 533 3202 1672
558 3175 601 3202 ac
627 3166 667 3201 in
692 3165 913 3211 Bergomen.
939 3163 982 3200 21
1013 3164 1097 3200 Maii
1126 3163 1226 3201 1678.
