2176 3386
448 0 547 38 πῃ*
566 0 650 18 ’.ι-

552 167 682 197 erzn
710 168 734 196 1.
764 167 820 196 DE
850 166 987 195 nanus
1015 165 1251 195 ECCLESIAE
1279 165 1606 196 SPIRITUALIBUS
1891 157 1967 197 231

311 280 448 322 Porro
480 278 699 334 agebatur
741 275 798 321 de
848 275 1078 331 instituto,
1114 274 1159 319 in
1192 288 1283 334 quo
1316 275 1492 333 puellae
1539 275 1793 321 catholicae
1838 275 1971 321 latini

193 357 308 402 ritus
338 357 701 402 instituebantur
731 370 838 402 cum
872 356 1031 416 puellis
1063 357 1367 403 schismaticis
1400 357 1515 402 ritus
1547 357 1807 416 orientalis3
1852 359 1970 404 schi-

191 439 410 485 smaticae
446 454 554 485 vero
587 440 682 485 fere
716 439 899 485 tertiam
935 445 1111 498 partem
1144 441 1287 484 totius
1324 441 1673 486 communitatis
1720 443 1971 488 constitue·

190 522 319 578 bant,
355 527 401 568 et
435 523 481 567 in
505 523 728 568 catholica
752 523 973 581 religione
995 523 1098 568 illae
1121 527 1305 568 tantum
1339 523 1671 580 educabantur,
1697 539 1776 583 pro
1807 525 1972 585 quibus

191 613 404 666 parentes
436 609 480 653 id
513 621 726 668 expresse
758 607 1066 667 postulabant.
1104 608 1291 666 Aliquae
1323 622 1382 652 ex
1415 608 1502 664 his,
1536 609 1803 667 parentibus
1834 624 1972 668 expo-

192 690 486 747 stulantibus,
522 692 663 736 semel
695 695 775 735 aut
807 690 942 735 bisin
978 703 1101 735 anno
1134 690 1479 735 deducebantur
1511 691 1565 735 ad
1605 691 1819 736 ecclesias
1855 692 1971 737 schi-

192 774 384 819 maticas
416 775 471 819 ad
503 778 791 819 sacramenta
826 774 1132 832 suscipienda,
1157 773 1271 819 aliae
1304 774 1361 818 ab
1392 774 1461 819 his
1482 774 1757 832 recipiendis
1794 789 1841 821 se
1874 776 1971 821 abs·

193 856 418 901 tinebant.
472 861 565 901 Iam
611 856 841 915 proposito
889 856 1058 912 dubio,
1094 870 1153 901 an
1202 856 1441 914 collegium
1478 857 1741 909 huiusmodi
1788 858 1972 904 tolerari

193 945 359 997 posset,
396 943 493 985 Sac.
530 942 692 998 Congr.
728 939 992 998 rescripsit:
1033 961 1051 980 ιι
1078 940 1276 985 Tolerari
1302 953 1447 998 posse,
1474 944 1523 984 ut
1547 940 1721 998 puellae
1755 941 1972 986 schisma-

193 1023 311 1068 ticae
343 1024 390 1068 in
423 1023 663 1081 collegium
707 1024 1014 1069 admittantur
1060 1024 1180 1084 quod
1229 1027 1414 1069 Sorores
1454 1023 1688 1080 dirigunt,
1724 1024 1973 1070 dummodo

192 1107 359 1152 bonam
386 1109 698 1165 praeseferant
720 1107 938 1163 indolem,
965 1108 1093 1153 iuxta
1117 1108 1324 1167 exposita
1358 1108 1678 1163 instituantur,
1706 1123 1791 1153 nec
1815 1113 1971 1154 tamen

192 1190 450 1248 obligentur
482 1190 537 1234 ad
570 1189 874 1234 assistendum
901 1190 1065 1235 Missae
1090 1190 1318 1236 Sacrificio
1342 1190 1530 1250 aliisque
1566 1191 1878 1236 functionibus
1901 1206 1971 1236 ec-

191 1272 470 1326 clesiasticis,
509 1287 670 1318 verum
706 1273 749 1317 id
782 1288 941 1318 eorum
976 1273 1164 1318 arbitrio
1187 1273 1489 1332 relinquatur,
1517 1273 1662 1318 vetito
1697 1273 1878 1332 quidem
1914 1288 1972 1319 ne

194 1370 415 1415 umquam
450 1356 781 1415 disputationes
813 1371 916 1401 cum
953 1356 1112 1414 puellis
1154 1356 1390 1402 catholicis
1431 1357 1632 1401 habeant
1663 1357 1717 1402 de
1751 1360 1885 1403 rebus
1918 1359 1973 1403 ad

192 1439 459 1496 religionem
494 1440 832 1498 spectantibus:
886 1454 943 1484 ne
976 1440 1199 1498 templum
1238 1440 1407 1484 adeant
1449 1440 1795 1485 schismaticum
1830 1456 1854 1486 a
1890 1442 1971 1486 mi-

194 1521 350 1566 nistris
382 1522 686 1568 schismaticis
718 1526 1008 1569 sacramenta
1044 1528 1340 1580 recepturae,
1377 1523 1495 1582 quod
1530 1523 1566 1567 si
1600 1523 1647 1567 in
1680 1524 1831 1581 aliquo
1865 1538 1973 1569 casu

195 1604 237 1648 id
272 1604 480 1662 impediri
516 1606 640 1651 nullo
675 1606 809 1650 modo
844 1606 999 1664 possit,
1037 1609 1220 1651 Sorores
1256 1606 1433 1665 passive
1466 1620 1513 1651 se
1547 1606 1775 1664 habeant,
1818 1611 1864 1651 et
1896 1621 1972 1665 pa·

196 1686 305 1732 riter
340 1688 483 1733 vetito
518 1703 574 1734 ne
608 1690 784 1747 puellae
817 1689 874 1733 ab
896 1689 1056 1734 amicis
1088 1694 1134 1734 et
1167 1689 1444 1745 coniunctis,
1470 1690 1675 1749 exceptis
1708 1691 1974 1749 parentibus

192 1775 238 1814 et
269 1771 512 1827 tutoribus,
540 1774 709 1831 absque
733 1771 915 1817 licentia
951 1773 1180 1818 ordinarii
1205 1774 1470 1830 visitentur,
1496 1775 1550 1820 de
1574 1775 1738 1834 quibus
1760 1776 1974 1821 omnibus

191 1854 310 1900 clare
351 1860 396 1899 et
428 1856 642 1914 explicite
691 1856 905 1901 instructi
955 1856 1068 1901 tiant
1117 1862 1330 1915 parentes
1375 1859 1446 1903 vel
1497 1863 1672 1903 tutores
1720 1860 1972 1904 earundem

193 1941 479 1999 puellarum,
515 1945 767 2001 antequam
802 1941 924 1999 ipsae
957 1941 1012 1985 ad
1046 1941 1286 1999 collegium
1321 1942 1642 1987 admittantur.
1695 1943 1831 2002 quue
1865 1943 1970 1989 scri-

192 2023 326 2067 batur
361 2028 410 2068 R.
450 2029 496 2069 P.
536 2029 583 2068 D.
622 2024 971 2083 Archiepiscopo
1004 2025 1278 2082 (ordinario)
1307 2040 1411 2071 cum
1435 2026 1726 2072 advertentia
1761 2032 1811 2070 ut
1844 2032 1974 2072 curet

191 2106 398 2151 omnium
435 2107 596 2152 horum
631 2108 953 2153 executionem
988 2113 1034 2154 et
1066 2109 1237 2154 bonum
1272 2109 1505 2168 spirituale
1539 2111 1793 2168 puellarum
1823 2110 1972 2170 quoad

194 2187 291 2234 fieri
323 2191 507 2248 poterit,
545 2190 683 2236 etiam
709 2196 809 2250 post
842 2205 1073 2248 egressum
1098 2207 1122 2237 e
1146 2193 1351 2250 collegio.
1391 2197 1444 2237 Et
1476 2193 1766 2237 instruantur
1789 2196 1973 2239 Sorores

191 2271 310 2330 quod
344 2271 379 2316 si
413 2272 562 2332 aliqua
595 2273 651 2318 ad
684 2273 818 2318 fidem
864 2275 1137 2320 catholicam
1172 2275 1382 2320 converti
1429 2281 1580 2334 petat,
1616 2290 1687 2320 res
1729 2276 1784 2321 ad
1822 2276 1971 2335 ipsum

193 2355 594 2413 Archiepiscopum
629 2356 716 2400 erit
746 2358 1010 2413 deferenda,
1046 2357 1123 2415 qui
1156 2357 1285 2403 iuxta
1311 2371 1443 2404 casus
1474 2359 1691 2403 adiuncta
1725 2359 1972 2416 prudenter

194 2438 466 2496 providebit,
502 2444 548 2484 et
581 2440 736 2484 sedulo
770 2446 950 2495 caveat,
977 2455 1035 2485 ne
1069 2456 1126 2486 ex
1160 2441 1436 2486 admissione
1475 2441 1873 2486 schismaticarum
1908 2442 1971 2486 ul-

194 2521 305 2575 lum,
342 2536 398 2566 ne
433 2521 678 2567 minimum
713 2521 915 2581 quidem,
953 2522 1259 2580 perversionis
1284 2524 1356 2568 vel
1391 2523 1760 2568 indifferentismi
1797 2523 1970 2581 pericu-

192 2603 288 2648 lum
324 2604 479 2662 puellis
511 2604 746 2650 catholicis
788 2605 933 2650 subsit
958 2624 977 2644 n
1016 2605 1042 2650 ¹.

314 2748 322 2766 ¹
350 2748 513 2784 Praestat
538 2748 618 2784 heic
644 2747 776 2784 referre
803 2747 917 2784 dubia
951 2748 1074 2795 aliqua
1105 2749 1174 2785 hac
1201 2750 1239 2785 in
1266 2759 1303 2785 re
1331 2750 1521 2794 proposita
1556 2749 1644 2796 Sup.
1672 2750 1836 2786 Univers.
1864 2750 1969 2796 Inqu.

191 2829 286 2865 quae
313 2823 420 2856 sunt:

312 2892 343 2927 1.
369 2892 428 2928 An
455 2895 530 2928 tuto
557 2891 699 2929 admitti
726 2891 843 2938 possit
868 2893 913 2930 ad
939 2892 1023 2930 fidei
1051 2893 1254 2928 catholicae
1281 2893 1547 2938 professionem
1567 2893 1690 2939 puella
1708 2894 1835 2930 decem
1854 2903 1970 2931 anno-

192 2973 273 3000 rum
300 2963 338 3000 in
364 2964 588 3000 monasterio
614 2964 763 3010 degens,
790 2965 956 3001 eiusdem
984 2969 1085 3010 patre
1113 2964 1298 3001 haeretico
1326 2962 1474 3000 invito?

309 3033 342 3070 2.
368 3034 428 3071 An
453 3038 532 3071 tuto
557 3035 697 3072 admitti
725 3035 866 3080 possint
892 3036 936 3072 ad
964 3035 1048 3072 fidei
1074 3035 1275 3071 catholicae
1305 3034 1571 3080 professionem
1602 3034 1745 3080 puellae
1773 3036 1811 3072 in
1838 3045 1968 3073 mona-
