2176 3386
546 188 676 218 LIBER
703 188 731 216 1.
763 188 820 217 DE
849 187 989 218 REBUS
1017 187 1253 217 ECCLESIAE
1281 188 1609 218 SPIRITUALIBUS
1891 178 1969 219 119

180 300 250 343 Ex
291 295 387 355 ipsa
421 308 531 341 vero
575 294 711 340 huius
759 295 1044 341 Sacramenti
1092 299 1258 341 natura
1295 295 1471 341 scilicet
1502 311 1561 342 ex
1594 277 1898 342 institutione*
1920 302 1967 342 et

182 380 423 425 voluntate
456 377 641 434 Christi,
677 377 724 423 in
751 377 976 437 coniugiis
1007 378 1365 424 christianorum
1399 376 1715 440 inseparabilis
1746 383 1817 425 est
1849 380 1967 426 ratio

176 466 448 508 contractus
480 465 527 507 et
558 461 859 507 sacramenti.
895 462 1015 508 Hinc
1045 467 1235 521 apparet
1266 463 1499 522 quodnam
1533 462 1592 508 sit
1624 463 1866 508 ferendum
1899 463 1965 508 iu·

175 547 352 593 dicium
385 548 439 591 de
474 545 771 590 matrimonio
802 545 922 605 quod
958 550 1129 591 vocant
1160 546 1315 602 civile,
1350 547 1497 606 deque
1539 561 1592 591 ea
1626 546 1752 592 civili
1791 546 1965 605 legisla-

182 631 326 685 tione,
360 643 477 689 quae
510 630 724 687 profanat
756 628 941 687 nuptias
973 642 998 673 a
1031 627 1209 674 Christo
1231 634 1523 675 consecratas
1557 634 1602 674 et
1635 629 1825 688 legalem
1858 643 1966 675 con-

181 713 456 760 cubinatum
495 711 777 758 matrimonii
811 711 960 757 civilis
1000 712 1189 757 nomine
1228 714 1582 758 cohonestatum
1622 713 1823 771 inducit,
1859 728 1965 759 cum

179 798 381 850 constet,
418 798 469 838 ut
500 793 609 853 ipsis
643 793 707 838 Pii
730 797 785 838 IX
810 793 963 839 verbis
993 798 1181 839 utamur
1204 795 1235 851 ¹,
1273 795 1395 839 inter
1426 794 1581 840 fideles
1614 794 1965 840 matrimonium

176 877 278 923 vdari
312 890 404 922 non
438 890 583 936 posse,
618 876 730 936 quin
763 891 856 922 uno
890 879 1142 937 eodemque
1175 882 1382 936 tempore
1415 878 1474 923 sit
1507 882 1874 934 Sacramentum,
1899 882 1965 923 at-

177 975 271 1016 que
305 960 474 1006 idcirco
505 960 759 1017 quamlibet
791 960 927 1005 aliam
963 960 1086 1005 inter
1111 961 1389 1006 christianos
1412 962 1499 1007 viri
1533 967 1579 1007 et
1601 962 1807 1008 mulieris
1839 976 1965 1021 prae-

181 1049 253 1090 ter
284 1047 626 1090 sacramentum
675 1042 1087 1100 coniunctionem,
1123 1044 1453 1104 cuiuscumque
1492 1045 1632 1090 etiam
1676 1045 1826 1091 civilis
1857 1045 1967 1104 legis

181 1127 229 1173 vi
264 1128 461 1183 factam,
497 1127 611 1171 nihil
644 1127 767 1172 aliud
800 1141 924 1184 esse,
962 1127 1048 1173 nisi
1081 1132 1265 1186 turpem
1298 1134 1436 1189 atque
1480 1129 1715 1175 exitialem
1749 1129 1966 1175 concubi-

180 1215 362 1256 natum.

300 1295 342 1338 2.
379 1292 572 1339 Materia
606 1293 741 1338 huius
775 1295 1059 1340 Sacramenti
1110 1301 1284 1341 remota
1324 1300 1433 1341 sunt
1472 1311 1662 1355 corpora
1695 1297 1967 1342 contrahen-

181 1376 318 1434 tium,
356 1376 549 1421 materia
583 1376 793 1435 proxima
817 1382 887 1421 est
908 1391 1161 1423 consensus
1193 1392 1452 1438 expressuS,
1478 1384 1708 1439 quatenus
1739 1379 1967 1438 significat

180 1459 501 1516 traditionem;
538 1460 684 1504 forma
717 1464 787 1520 est
819 1459 1014 1517 ipsemet
1047 1474 1300 1506 consensus
1334 1475 1578 1520 expressus
1612 1478 1691 1521 per
1714 1464 1854 1508 verba
1886 1468 1966 1508 aut

180 1546 346 1599 nutus,
380 1546 609 1602 quatenus
643 1543 815 1588 indicat
861 1544 1232 1602 acceptationem
1272 1546 1511 1605 utriusque
1546 1547 1711 1605 partis3
1764 1546 1964 1592 ministri

181 1637 292 1669 vero
324 1629 434 1669 sunt
465 1625 549 1684 ipsi
582 1626 928 1672 contrahentes.

300 1707 342 1751 5.
380 1707 730 1753 Matrimonium
765 1714 835 1754 est
867 1710 1152 1768 leyz'timum,
1188 1712 1306 1771 quod
1342 1711 1471 1757 iuxta
1515 1714 1635 1771 leges
1667 1718 1714 1759 et
1746 1728 1825 1773 per
1856 1728 1964 1759 con-

176 1801 366 1834 sensum
400 1790 655 1848 legitimum
689 1792 1002 1851 contrahitur,
1040 1794 1266 1854 habetque
1316 1794 1543 1840 rationem
1586 1800 1852 1841 contractus
1884 1810 1965 1842 na-

180 1872 340 1917 turalis
362 1874 392 1917 ².
430 1876 603 1918 Ratum
637 1887 716 1919 seu
748 1876 1051 1935 approbatum
1086 1878 1143 1921 ab
1178 1878 1375 1924 Ecclesia
1398 1882 1468 1923 est
1489 1879 1597 1924 illud
1630 1879 1749 1939 quod
1784 1882 1965 1937 praeter

179 1957 408 2003 rationem
442 1963 709 2004 contractus
740 1962 980 2020 naturalis,
1017 1962 1155 2008 habet
1187 1963 1328 2008 etiam
1362 1963 1634 2023 dignitatem
1660 1967 1962 2025 Sacramenti,

176 2054 259 2087 seu
291 2042 411 2102 quod
445 2042 566 2088 inter
598 2043 851 2102 baptizatos
882 2047 1189 2092 contrahitur.
1247 2050 1629 2095 consummatum
1666 2049 1863 2110 denique
1896 2055 1965 2096 est

176 2124 299 2183 quod
332 2124 503 2169 carnali
537 2127 697 2185 copula
730 2128 986 2186 perfectum
1021 2134 1105 2174 est.

298 2206 342 2250 4.
383 2206 585 2266 Denique
616 2208 796 2253 ratione
831 2210 952 2254 modi
984 2225 1074 2270 quo
1107 2211 1215 2256 illud
1254 2214 1575 2271 contrahitur,
1615 2214 1962 2260 matrimonium

178 2287 400 2334 dividitur
448 2289 493 2334 in
539 2292 807 2349 publicam,
843 2297 889 2338 et
921 2295 1149 2339 occultum
1182 2309 1262 2340 seu
1295 2299 1629 2353 conscientiae,
1665 2297 1739 2342 cui
1778 2297 1963 2356 adiungi

180 2376 330 2430 potest
361 2372 470 2418 illud
510 2374 566 2418 ad
599 2379 998 2434 moryanaticatn.
1051 2379 1289 2425 Publicum
1322 2386 1392 2426 est
1423 2382 1544 2439 quod
1592 2382 1738 2427 initur
1786 2383 1964 2441 publice

179 2469 335 2501 coram
372 2460 574 2504 Parocho
605 2465 652 2504 et
683 2461 898 2506 testibus:
946 2463 1178 2508 occultum
1213 2464 1333 2523 quod
1368 2465 1428 2510 ita
1464 2466 1769 2523 contrahitur,
1807 2471 1858 2511 ut
1889 2480 1962 2511 co·

179 2552 279 2583 ram
314 2540 477 2598 populo
511 2555 603 2587 non
636 2544 871 2601 adpareat.

298 2623 401 2669 851.
437 2624 610 2678 Quibus
641 2630 799 2672 autem
831 2631 878 2672 et
909 2628 1138 2687 quomodo
1181 2629 1478 2676 matrimonia
1518 2633 1699 2676 occulta
1738 2632 1833 2677 sint
1864 2646 1962 2691 per·

182 2705 428 2763 mittenda,
454 2708 651 2766 qualiter
682 2710 971 2768 celebranda,
996 2725 1204 2772 quaeque
1229 2712 1283 2757 iis
1306 2713 1547 2759 celebratis
1572 2716 1748 2773 agenda
1782 2720 1832 2760 ut
1854 2729 1961 2761 con·

299 2838 307 2857 ¹
337 2839 454 2877 Alloc.
481 2839 526 2878 27
553 2846 645 2888 sept.
674 2843 776 2880 1852.

297 2912 309 2930 ²
336 2911 426 2950 Cum
455 2913 660 2952 infidelium
698 2916 934 2954 matrimonia
971 2926 1047 2953 non
1073 2918 1148 2954 sint
1176 2917 1436 2961 Sacramenta,
1463 2927 1533 2955 nec
1561 2919 1643 2955 ideo
1675 2919 1753 2955 iure
1779 2920 1963 2956 canonico

178 2982 256 3027 regi
283 2984 438 3029 possint,
464 2995 511 3022 ne
537 2987 795 3024 contrahentes
821 2987 859 3024 in
884 2998 922 3025 re
950 2992 1024 3025 tam
1051 2988 1154 3034 gravi
1190 2988 1263 3024 sint
1291 2988 1454 3034 exleges,
1482 2989 1604 3026 verius
1644 2989 1859 3035 Principum
1885 2991 1963 3027 sive

178 3052 343 3092 fidelium
362 3057 440 3094 sive
459 3057 665 3097 infidelium
683 3064 862 3106 potestate
881 3065 916 3098 et
935 3060 1189 3098 iurisdictione
1216 3065 1403 3107 reguntur.
1435 3061 1674 3098 D'ANMBALE
1701 3071 1735 3108 p.
1761 3059 1841 3098 215.
