2176 3386
247 185 327 225 454
890 193 1000 222 PARS
1031 193 1054 220 1.
1090 192 1147 220 DE
1175 192 1386 222 Pssnsoms

246 305 435 351 directio
480 305 730 350 domestica
764 319 857 350 non
887 317 1026 362 penes
1061 303 1331 362 Episcopum
1364 306 1471 358 stat,
1506 303 1584 348 sed
1618 316 1756 361 penes
1787 303 2028 349 domorum

244 387 582 446 Superiorissas.
618 386 846 446 Competit
872 385 1087 444 Episcopo
1122 385 1191 429 ius
1215 384 1492 430 visitationis
1525 384 1643 429 intra
1675 384 1900 430 terminos
1921 398 2030 431 suae

243 470 582 529 competentiae
603 471 632 514 ¹.
671 469 1017 515 Administratio
1042 469 1267 513 bonorum
1287 467 1428 512 totius
1445 467 1818 526 congregationis
1836 468 1892 513 ad
1910 469 2030 514 hanc

246 552 390 612 ipsam
411 553 623 610 pertinet,
642 566 732 596 non
755 552 809 596 ad
833 551 1100 609 Episcopum
1118 567 1128 607 ;
1154 553 1361 595 attamen
1381 551 1548 595 abusus
1566 549 1611 594 in
1630 549 2029 597 administratione

247 636 520 682 commissus
552 636 673 681 cadit
699 636 783 681 sub
816 635 1178 680 iurisdictionem
1212 634 1457 690 Ordinarii,
1483 649 1571 694 quo
1605 649 1713 681 casu
1746 639 1894 695 potest
1916 635 1954 681 is
1974 637 2028 681 de

248 719 649 765 administratione
681 733 928 777 cognosere
961 722 1008 763 et
1039 731 1254 763 excessus
1286 732 1513 763 coercere.

370 804 469 848 590.
509 802 789 847 Moderat1·ix
811 801 1046 848 Generalis
1067 815 1155 860 qua
1182 802 1299 857 talis,
1324 814 1402 845 seu
1436 815 1523 860 qua
1558 802 1856 860 Superiorissa
1890 802 2031 848 totius

251 886 469 942 Instituti,
497 900 587 930 non
612 890 681 930 est
703 885 906 930 subiecta
940 884 1182 929 Ordinario
1214 884 1432 929 dioecesis
1466 884 1510 928 in
1534 899 1622 943 qua
1643 885 1782 943 degit,
1805 885 1889 930 nisi
1921 900 2027 945 qua·

250 973 384 1013 tenus
418 983 608 1013 munere
635 983 716 1014 suo
751 969 958 1024 fungitur
979 966 1026 1011 in
1051 967 1133 1011 ista
1169 966 1381 1020 dioecesi,
1406 967 1566 1012 eodem
1602 969 1736 1012 modo
1768 982 1856 1027 quo
1880 968 1926 1013 in
1954 968 2029 1013 ob-

249 1051 397 1096 eundo
434 1066 623 1096 munere
657 1065 737 1096 suo
770 1051 996 1109 dependet
1029 1052 1086 1094 ab
1117 1050 1215 1094 aliis
1253 1050 1479 1108 Episcopis
1514 1050 1558 1094 in
1596 1064 1790 1109 quorum
1834 1050 2028 1096 dioecesi

248 1135 547 1192 Congregatio
582 1134 673 1193 ipsa
710 1134 868 1179 domos
902 1133 1053 1178 habet.

368 1218 497 1261 Plura
532 1222 687 1261 autem
712 1220 819 1260 sunt
851 1230 967 1275 quae
992 1217 1113 1260 Sacri
1138 1220 1346 1261 Canones
1369 1221 1414 1260 et
1439 1216 1591 1274 praxis
1615 1220 1712 1261 Sao.
1749 1220 1911 1274 Congr.
1943 1221 2024 1261 EE.

248 1303 293 1342 et
330 1302 418 1343 RR.
456 1299 603 1343 eidem
641 1298 847 1343 tribuunt
879 1298 1048 1358 absque
1081 1299 1384 1357 dependentia
1419 1299 1475 1342 ab
1506 1298 1747 1344 ordinario
1780 1299 1881 1343 loci.
1933 1304 2028 1352 Qua

250 1381 294 1425 in
330 1396 375 1426 re
410 1387 459 1425 ut
493 1395 653 1426 norma
687 1381 834 1437 aliqua
870 1381 1109 1437 habeatur,
1136 1382 1235 1426 beic
1262 1382 1428 1426 referre
1474 1381 1583 1426 utile
1613 1381 1709 1426 erit*
1730 1381 2028 1440 appendicem

247 1464 302 1508 ad
335 1466 693 1511 Constitutiones
745 1466 942 1512 [nstituti
995 1466 1208 1511 Filiarum
1259 1467 1502 1513 charitatis
1548 1483 1572 1512 a
1607 1471 1704 1513 Sac.
1741 1471 1902 1525 Congr.
1943 1471 2026 1513 EE.

247 1551 293 1591 et
329 1551 416 1592 RR.
454 1549 778 1606 approbatam,
817 1550 861 1593 in
895 1564 981 1609 qua
1031 1564 1137 1594 cum
1171 1550 1225 1593 de
1260 1554 1482 1608 potestate
1517 1549 1845 1608 Superiorissae
1895 1563 2028 1606 gene-

248 1630 353 1674 ralis
399 1632 584 1691 eiusque
633 1632 951 1677 assistentibus
1000 1633 1164 1691 agitur,
1204 1638 1298 1677 tum
1345 1633 1399 1678 de
1441 1633 1664 1678 electione
1698 1632 2026 1691 Superiorissae

248 1716 472 1771 generalis
494 1721 538 1760 et
561 1716 873 1760 assistentium
898 1717 1097 1775 optimae
1125 1718 1243 1774 leges
1267 1716 1614 1774 praefiniuntur.

998 1898 1229 1927 ARTthUS
1264 1899 1292 1927 Ι.

369 2002 429 2042 De
464 2002 806 2056 Superiorissae
837 2000 1074 2056 generalis
1103 2006 1321 2057 potestate
1353 2002 1538 2059 eiusque
1579 2000 1905 2044 assistentibus.

366 2133 466 2176 591.
504 2135 552 2176 In
587 2131 815 2189 praedicta
851 2130 1100 2189 appendice
1123 2131 1176 2175 ad
1201 2131 1561 2176 Constitutiones
1587 2129 1787 2176 Instituti
1813 2130 2027 2176 Filiarum

248 2214 493 2260 Charitalis
525 2228 549 2258 a
585 2216 626 2258 S.
662 2218 708 2259 C.
750 2218 831 2258 ΕΕ.
869 2218 915 2257 et
952 2217 1039 2258 RR.
1076 2213 1323 2272 adprobata
1359 2213 1470 2258 haec
1503 2217 1786 2258 statuuntur.

366 2296 695 2355 Superiorissae
730 2300 823 2341 est:
864 2298 899 2341 1.
936 2291 1234 2354 Superiorissa
1269 2295 1504 2341 Generalis
1550 2310 1628 2354 per
1669 2294 1945 2340 sexennium
1980 2293 2027 2338 in

247 2394 328 2425 suo
362 2380 510 2425 officio
543 2380 779 2438 perdurat,
817 2379 927 2424 nihil
979 2384 1132 2424 tamen
1171 2383 1297 2423 vetat
1345 2379 1593 2438 quominus
1623 2377 1847 2423 sexennio
1879 2377 2028 2434 exspi-

248 2468 346 2508 rato
382 2464 548 2508 iterum
582 2463 685 2521 eligi
721 2462 873 2519 possit.

365 2548 406 2591 2.
443 2545 772 2602 Superiorissae
820 2545 1018 2604 generali
1070 2544 1113 2588 in
1148 2544 1515 2602 congregationis
1562 2543 1783 2602 regimine
1830 2548 2027 2603 quatuor

246 2629 512 2675 assistentes
537 2629 678 2674 x‘eluti
713 2628 1015 2674 coadiutrices
1047 2628 1248 2673 adscitae
1281 2631 1401 2672 sunt.
1442 2632 1605 2672 Earum
1639 2627 1838 2672 osticium
1866 2626 1922 2671 ad
1945 2639 2026 2670 sex

365 2778 373 2796 ¹
404 2779 581 2814 Clement.
613 2777 634 2812 2
665 2778 709 2814 de
750 2781 847 2814 statu
886 2777 1078 2820 Monacb.‚
1104 2781 1139 2814 et
1173 2777 1253 2815 Sac.
1281 2777 1414 2823 Congr.
1440 2778 1511 2814 EE.
1538 2781 1572 2814 et
1606 2777 1678 2814 RR.
1705 2777 1743 2813 in
1779 2776 2026 2813 instructione

244 2850 330 2886 data
357 2859 454 2885 anno
484 2849 574 2885 1858
600 2859 664 2895 pro
691 2849 968 2886 elucubratione
995 2847 1310 2885 Constitutionum
1340 2857 1507 2885 sororum
1546 2847 1657 2891 vulgo
1682 2848 1815 2885 Povere
1851 2857 1958 2884 suore
1991 2845 2029 2883 di

243 2923 290 2959 N.
317 2923 483 2969 Siqnora,
512 2923 549 2958 in
581 2931 655 2968 qua
694 2922 860 2959 tribuens
899 2921 1171 2968 Superiorissae
1206 2920 1375 2957 Generali
1415 2921 1471 2958 ius
1509 2920 1683 2957 visitandi
1721 2929 1851 2957 omnes
1891 2919 2024 2956 domus
2091 2939 2094 2941 Δ

245 2995 290 3031 ad
316 2995 610 3031 conservandam
650 2995 885 3041 disciplinam
912 2994 1134 3040 regularem,
1161 2993 1355 3039 subiungit
1392 2992 1655 3030 abstinendum
1679 2993 1712 3030 ei
1738 3002 1820 3030 esse
1845 3001 1868 3029 a
1893 2991 2024 3029 visita-

241 3065 339 3102 tione
366 3065 544 3102 ecclesiae
572 3069 610 3102 ot
636 3075 759 3102 rerum
785 3065 831 3102 ad
859 3065 962 3102 illam
988 3064 1261 3111 pertinentium.
