2176 3386
1686 4 1690 8 ·
1734 3 1747 22 v
1762 0 2062 43 ⁴³5.‹'=·!f''⁷3'⁴5'··3
2080 0 2176 32 ”w

797 207 924 235 iamt-:R
954 195 979 234 ιζ
1010 206 1065 234 DE
1094 205 1289 235 cLEfflffls
1858 193 1953 234 415·

152 312 238 359 ctis
269 327 357 360 nec
404 315 584 359 non-de
619 313 826 371 fugitivis
857 328 882 358 a
919 312 1150 371 Religione
1201 313 1396 370 iudicat;
1427 312 1781 372 apostolicarum
1822 314 1938 358 Con·

151 395 447 442 stitutionum
480 401 617 456 atque
652 398 909 455 regularum
944 397 1228 455 singularum
1261 396 1484 442 Ordinum
1520 412 1573 442 ac
1607 396 1943 456 Religiosarum

150 481 568 538 congregationum
617 481 962 525 observantiam
1012 483 1250 539 procurat;
1290 495 1383 525 rem
1432 481 1526 539 agit
1572 481 1627 525 de
1665 481 1939 527 monialium

152 564 389 619 clausura,
426 564 808 610 monasteriorum
849 564 1131 609 erectionem
1180 578 1233 608 ac
1280 564 1647 623 suppressionem
1696 565 1943 623 decernit‚.

151 650 288 706 atque
337 648 524 692 tandem
557 647 711 692 omnia
763 647 949 707 peragit,
982 662 1099 707 quae
1137 648 1420 705 Religionum
1457 653 1502 692 et
1538 649 1826 707 Regularium
1863 649 1937 694 bo-

152 744 264 775 num
299 730 502 788 regimen
537 737 583 775 et
615 730 917 776 directionem
951 735 1242 776 concernunt
1266 732 1295 775 ¹.

270 818 391 859 Haec
425 817 559 859 Sacra
593 815 894 872 Congregatio
937 819 1118 859 constat
1152 829 1210 859 ex
1245 815 1448 873 pluribus
1481 816 1796 860 Cardinalibus
1827 830 1936 875 qino-

152 910 251 940 rum
287 910 405 940 unus
438 901 507 941 est
532 899 791 942 Praefectus
823 898 899 958 qui
932 912 956 942 a
982 899 1251 954 secretario,
1288 899 1627 944 Subsecretario
1651 904 1695 943 et
1721 900 1939 946 Auditore

149 978 407 1024 adiuvatur.
436 980 624 1046 Negotia
662 981 847 1026 maioris
875 981 1085 1039 ponderis
1117 995 1324 1041 quaeque
1349 982 1468 1027 circa
1504 983 1796 1037 quaestiones
1829 983 1943 1028 iuris

151 1068 414 1118 versantur,
439 1064 493 1107 ad
518 1065 927 1122 Congregationem
962 1065 1271 1110 Cardinalium
1307 1067 1578 1112 Generalem
1616 1068 1936 1124 remittuntur;

150 1160 266 1205 quae
302 1160 410 1191 vero
445 1148 622 1192 minora
656 1153 764 1192 sunt
796 1163 820 1192 a
850 1148 1075 1194 Cardiuali
1114 1151 1365 1206 Praefecto,
1392 1151 1662 1205 Secretario.
1689 1150 1946 1196 substituto-

151 1234 196 1274 et
244 1231 450 1274 auditore
484 1230 528 1274 in
565 1245 844 1288 congressu,
881 1247 1017 1291 quem
1057 1233 1124 1277 bis
1158 1233 1203 1277 in
1240 1233 1522 1278 hebdomada
1562 1234 1763 1290 habent,
1800 1249 1936 1292 expe-

150 1312 355 1358 diuntur.

274 1399 622 1456 Congregationi
665 1400 986 1458 Episcoporum
1021 1406 1066 1445 et
1103 1401 1392 1458 Regularium
1419 1402 1552 1446 hodie
1578 1402 1704 1445 unita
1730 1407 1797 1446 est
1821 1406 1938 1446 Con-

151 1481 352 1538 gregatio
380 1495 517 1540 super
538 1482 775 1540 disciplina
801 1488 846 1527 et
869 1488 990 1528 statu
1029 1484 1373 1541 Regulari111112.
1402 1485 1491 1528 iam
1517 1485 1573 1529 ab
1599 1486 1869 1530 Innocentio
1902 1489 1934 1530 X

151 1564 381 1619 instituta,
416 1579 623 1625 quaeque
659 1570 900 1625 postquam
935 1567 1242 1612 ‹lixersimode
1278 1567 1626 1612 immutationes
1660 1583 1682 1611 a
1722 1568 1939 1612 Romanis

152 1646 448 1692 Pontificibus
479 1649 714 1693 Clemente
743 1653 814 1705 lx,
843 1650 1111 1695 Innocentio
1140 1655 1232 1706 ΧΗ,
1259 1644 1349 1695 eta
1376 1651 1452 1695 Pio
1479 1655 1528 1695 lx
1566 1651 1811 1709 acceperit,
1837 1656 1936 1695 tan-

149 1731 251 1776 dem
305 1738 487 1790 propter
536 1734 824 1792 negotiorum
861 1736 1244 1781 communitatem
1294 1750 1398 1781 cum
1434 1737 1796 1794 Congregatione
1839 1738 1942 1796 Epi·

150 1828 390 1874 scoporum
420 1822 465 1862 et
502 1819 794 1876 Regularium
828 1818 957 1864 unita
993 1824 1076 1864 est.

551 1963 568 2007 ,ξ’
595 1965 627 2000 8.
656 1984 699 1989 —
726 1964 762 2000 S.
791 1965 1057 2011 Conqreyalio
1083 1966 1380 2012 Propaqandae
1408 1967 1531 2002 Fidei.

272 2069 370 2113 557.
410 2071 447 2114 S.
471 2071 772 2128 Congregatio
798 2071 917 2116 Fidei
948 2073 1264 2129 Propagandac
1288 2087 1312 2117 a
1340 2078 1545 2118 Romano
1572 2074 1791 2118 pontifice
1826 2077 1940 2119 Gre-

151 2151 274 2209 gorio
309 2155 384 2196 XV
405 2152 418 2175 ³
452 2153 507 2197 ad
541 2154 814 2199 catholicam
851 2154 985 2199 tidem
1020 2155 1142 2200 inter
1172 2156 1427 2201 haereticos
1461 2162 1507 2201 et
1540 2157 1745 2202 inlideles
1779 2172 1937 2216 propa-

151 2236 344 2292 gandam
381 2237 592 2282 instituta
626 2242 705 2283 est.
751 2243 870 2284 Haec
914 2240 1047 2284 Sacra
1088 2240 1387 2298 Congregatio
1436 2239 1747 2286 missionarios
1795 2240 1940 2285 mittit

153 2318 445 2364 facultatibus
478 2319 704 2377 praeditos
752 2321 1046 2379 amplissimis
1079 2322 1124 2366 in
1165 2323 1433 2383 longinquas
1481 2324 1711 2381 regiones,
1748 2323 1939 2382 singulis

153 2403 443 2448 missionibus
488 2404 770 2449 territorium
814 2405 1015 2463 assignat
1051 2407 1170 2464 quod
1216 2407 1260 2451 in
1298 2407 1578 2452 vicariatum
1624 2407 1935 2466 ,apostolicum

151 2485 283 2543 erigit
306 2486 377 2530 cui
410 2486 723 2532 Missionarius
760 2488 1003 2548 Episcopus
1025 2490 1101 2549 qui
1130 2490 1338 2535 Vicarius
1361 2491 1644 2548 Apostolicus
1669 2491 1945 2536 nominatur

152 2568 412 2625 praeficitur
434 2570 602 2629 quique
627 2571 821 2616 coeteris
847 2571 1146 2618 Missionariis
1172 2579 1361 2632 praeest.
1396 2579 1491 2618 Hac
1513 2575 1567 2619 de
1591 2588 1726 2619 causa
1758 2578 1940 2632 praeter

152 2649 332 2696 ordines
367 2652 597 2710 religiosos
628 2668 823 2714 quorum
859 2655 1033 2701 alumni
1068 2657 1121 2701 ad
1160 2657 1400 2702 Missiones
1433 2657 1553 2702 mitti
1598 2659 1762 2714 solent,
1799 2659 1937 2703 l'rba-

154 2747 239 2779 nus
276 2738 371 2780 Vllt
394 2736 409 2760 '⁴
447 2740 615 2783 Rornae
647 2739 894 2798 Collegium
928 2741 1160 2785 Urbanum
1199 2741 1316 2786 Fidei
1360 2744 1679 2801 propagandae
1720 2742 1940 2787 instituit.

269 2872 278 2892 ¹
308 2873 361 2910 DE
388 2875 489 2911 Luc».
517 2875 780 2921 praelectiones
809 2878 842 2914 h.
870 2878 891 2913 l.
921 2879 973 2914 De
1000 2879 1100 2915 LUCA
1129 2889 1186 2924 op.
1215 2880 1286 2921 cit,
1313 2889 1348 2915 n.
1375 2879 1434 2915 26.

273 2943 286 2962 ²
312 2944 432 2982 Motus
457 2946 633 2992 Proprius
662 2948 703 2984 R.
730 2948 767 2984 P.
794 2949 849 2984 Pii
878 2949 921 2992 X,
949 2950 1008 2986 die
1035 2950 1081 2986 26
1108 2951 1193 2987 maii
1224 2951 1325 2988 1906.

269 3013 282 3033 ³
308 3015 498 3053 constitut.
525 3017 757 3055 Inscrutabih·
787 3019 933 3056 Divinae
963 3021 1209 3057 Providentiae
1234 3032 1380 3065 arcano,
1410 3022 1436 3057 X
1469 3022 1546 3058 Kal.
1579 3023 1644 3060 lul
1679 3022 1780 3060 1622.

270 3083 284 3104 ²
309 3085 431 3123 Const.
459 3088 643 3126 Romanus
670 3091 847 3136 Pontifex·-
