2176 3386
817 191 946 219 LIBER
975 191 998 219 1.
1030 191 1086 219 DE
1116 191 1309 220 CLERICIS
1899 180 1952 220 23

172 294 385 352 exemplo
418 299 608 353 accepto
645 294 889 354 Episcopus
922 295 1222 355 propinquior
1253 297 1310 340 ad
1345 295 1748 356 Archiepiscopum
1783 297 1952 343 scribet

170 390 365 437 suasque
399 377 828 422 animadversiones
849 378 1048 423 adiiciet.
1088 379 1284 437 Epistola
1312 379 1519 440 Ep1scopi
1545 381 1880 440 propinquioris
1896 381 1950 426 ad

173 461 575 519 Archiepiscopum
623 460 802 516 delata,
841 461 940 512 vel,
976 461 1012 505 si
1053 463 1311 519 neglexerit
1347 462 1385 507 is
1433 462 1655 518 scribere,
1693 462 1953 507 rationabili

173 546 324 603 elapso
358 543 577 603 temporis
610 543 756 601 spatio
794 544 1170 602 Archiepiscopus
1201 545 1256 589 ad
1291 559 1452 590 omnes
1488 546 1730 604 Episcopos
1764 560 1821 590 ne
1855 560 1951 604 pro-

174 628 401 687 pinquiori
435 627 617 687 quidem
661 632 853 685 excepto
896 628 1079 682 scribit,
1117 634 1162 672 et
1202 629 1390 673 nomina
1437 629 1509 674 illa
1543 643 1648 674 cum
1683 629 1776 673 suis
1807 628 1953 673 anim-

170 711 521 756 adversionibus
562 711 941 767 communicabit,
977 711 1170 756 aliorum
1206 713 1344 756 ctiam
1390 712 1655 757 nominibus
1701 711 1882 766 additis,
1918 712 1954 755 si

173 795 234 839 illi
268 809 381 854 quos
418 794 661 853 Episcopus
701 794 1025 852 designaverat
1072 795 1424 853 Arcbiepiscopo
1467 795 1617 840 idonei
1669 795 1860 840 minime
1890 794 1955 838 xi-

169 879 382 923 deantur.
424 883 525 922 Post
565 883 777 936 acceptas
821 878 1156 937 Archiepiscopi
1208 879 1412 934 litteras,
1449 893 1611 923 omnes
1662 879 1865 936 Episcopi
1900 879 1955 923 ad

104 957 109 965 “
174 965 215 1007 S.
252 967 296 1007 (j.
334 962 433 1007 sine
469 976 592 1006 mora
627 962 830 1007 scribent
862 976 967 1007 suas
998 964 1253 1008 sententias
1285 969 1331 1008 et
1363 964 1575 1021 suffragia
1610 964 1663 1007 de
1686 963 1827 1007 tribus
1851 963 1953 1017 illis,

176 1046 247 1089 vel
282 1059 361 1089 sex
397 1045 736 1090 commendatis
768 1046 1036 1104 exposituri.
1076 1051 1279 1092 Vacante
1315 1048 1425 1093 Sede
1476 1048 1848 1106 Metropolitana,
1885 1047 1955 1090 lit-

174 1132 298 1173 terae
334 1129 668 1187 Archiepiscopi
706 1130 932 1174 demortui
972 1134 1156 1176 nomina
1188 1132 1322 1176 trium
1349 1133 1638 1177 sacerdotnm
1663 1130 1957 1188 designantes

173 1224 197 1254 a
237 1211 415 1255 Vicario
449 1213 646 1269 generali
668 1214 723 1258 ad
751 1214 1019 1273 Episcopum
1047 1215 1439 1275 propinquiorem,
1465 1221 1512 1260 et
1534 1217 1589 1261 ad
1614 1217 1952 1273 suffraganeum

177 1295 445 1353 Episcopum
480 1296 709 1341 seniorem
745 1298 997 1342 mittendae
1031 1305 1163 1354 sunt,
1204 1300 1445 1357 Episcopus
1489 1306 1642 1344 autem
1678 1301 1832 1344 senior
1864 1300 1956 1343 suf-

174 1379 418 1435 fraganeus
453 1380 591 1424 l'aciet
624 1395 674 1424 ea
709 1382 863 1425 omnia
897 1396 1013 1441 quae
1048 1383 1102 1426 de
1138 1383 1489 1441 ,archiepiscopo
1533 1384 1743 1442 superius
1783 1388 1954 1428 statuta

174 1468 299 1517 sunt,
337 1463 410 1506 ubi
446 1465 598 1521 agitur
629 1464 683 1508 de
721 1465 922 1522 Episcopi
947 1466 1188 1510 electione.
1227 1466 1353 1520 Quod
1378 1466 1413 1509 si
1437 1468 1555 1524 apud
1586 1467 1855 1525 Episcopum
1882 1467 1954 1511 vel

180 1547 582 1607 ¹archiepiscopum
616 1548 910 1592 demortuum
947 1549 1126 1594 litterae
1161 1555 1442 1594 memoratae
1476 1551 1530 1594 de
1567 1550 1703 1595 trium
1748 1551 1957 1595 sacerdo·

175 1636 271 1674 tum
306 1631 623 1689 designatione
667 1645 760 1676 non
806 1633 1111 1690 reperiantur,
1163 1634 1369 1678 Vicarius
1416 1635 1642 1692 generalis
1687 1634 1955 1692 Episcopum

178 1715 549 1774 propinquiorem
592 1715 663 1759 vel
704 1716 931 1761 seniorem
966 1732 1024 1761 ex
1073 1717 1249 1762 (luobus
1298 1718 1694 1777 propinquioribus
1735 1719 1789 1762 de
1822 1733 1875 1762 ea
1909 1732 1957 1762 re

180 1798 424 1843 certiorem
459 1798 615 1843 statim
652 1799 802 1854 faciet,
839 1804 889 1844 ut
927 1801 1169 1859 Episcopus
1204 1792 1499 1860 propinquior
1532 1802 1618 1846 tria
1652 1802 1860 1859 designet
1883 1805 1956 1846 Sa-

172 1882 412 1927 cerdotum
449 1883 638 1927 nomina
672 1883 860 1941 epistola
894 1885 949 1928 ad
987 1884 1388 1948 Arcliiepiscopum
1424 1885 1666 1929 mittenda.
1726 1886 1956 1943 Archiepi-

172 1980 335 2024 scopus
368 1981 420 2010 ea
454 1973 643 2025 accepta
677 1968 732 2012 ad
766 1982 927 2012 omnes
965 1968 1204 2026 Episcopos
1238 1968 1421 2023 scribet,
1459 1972 1505 2013 et
1549 1983 1601 2013 ea
1645 1969 1799 2013 omnia
1846 1968 1958 2013 fient

172 2065 289 2110 quae
323 2051 413 2095 iam
450 2050 649 2095 indicata
684 2057 792 2095 sunt
825 2052 946 2096 circa
980 2051 1141 2109 agendi
1179 2052 1403 2096 rationein
1438 2052 1687 2096 tenendam
1729 2051 1802 2095 ubi
1837 2053 1956 2096 litte—

175 2150 249 2180 rae
288 2134 491 2192 Episcopi
536 2139 616 2179 aut
657 2134 991 2193 Archiepiscopi
1033 2136 1322 2179 sacerdotum
1368 2135 1556 2180 nomina
1601 2139 1709 2179 ante
1759 2140 1955 2179 mortem

174 2218 457 2277 designantis
492 2219 662 2262 fuerint
691 2223 919 2277 repertae.
958 2219 998 2263 Si
1039 2218 1283 2277 Episcopus
1317 2218 1614 2278 propinquior
1646 2219 1701 2263 ad
1726 2218 1956 2276 Arcbiepi-

173 2317 359 2361 scopum
395 2301 592 2348 scribere
628 2303 898 2359 neglexerit,
938 2303 1313 2362 Archiepiscopus
1347 2303 1440 2361 ipse
1474 2302 1558 2346 tria
1595 2303 1784 2347 nomina
1808 2316 1956 2347 sacer-

173 2387 332 2431 dotum
366 2386 662 2444 suffraganeis
695 2388 925 2443 omnibus,
961 2386 1273 2446 propinquiori
1310 2401 1400 2431 non
1436 2391 1645 2445 excepto,
1682 2385 1954 2444 designabit,

173 2470 209 2515 si
242 2476 404 2528 agatur
435 2471 488 2514 de
524 2470 860 2529 Archiepiscopi
894 2470 1134 2525 electione,
1171 2471 1324 2514 senior
1359 2470 1602 2528 Episcopus
1640 2468 1957 2526 suffraganeus

176 2555 311 2599 faciet
343 2555 517 2610 omnia,
553 2569 669 2614 quae
704 2556 749 2599 in
788 2554 990 2613 Episcopi
1015 2554 1257 2610 electione,
1284 2553 1340 2598 ab
1365 2553 1715 2612 Arcbiepiscopo
1747 2551 1956 2597 facienda

174 2651 271 2682 esse
304 2638 540 2683 decretum
575 2643 658 2683 est.

295 2742 312 2761 a
344 2721 471 2775 Quod
506 2721 705 2779 pertinet
737 2723 792 2766 ad
825 2723 1099 2767 electionem
1134 2723 1477 2778 Coadiutornm,
1514 2730 1708 2783 excepto
1731 2740 1836 2771 casn
1867 2742 1956 2786 quo

175 2805 308 2849 Sedes
343 2805 597 2862 Apostolica
631 2807 717 2851 alia
753 2807 930 2851 ratione
953 2807 1182 2864 agendum
1207 2821 1303 2851 esse
1327 2808 1556 2863 statuerit,
1586 2808 1849 2868 Episcopus,
1877 2810 1954 2870 qui

176 2888 487 2933 coadiutorem
523 2889 651 2945 petit,
689 2889 876 2935 nomina
912 2890 1051 2933 trium
1085 2891 1373 2935 sacerdotum
1411 2891 1760 2950 Archiepiscopo
1784 2898 1830 2936 et
1857 2893 1956 2951 Epi-

177 2972 323 3030 scopis
355 2972 654 3029 suffraganeis
686 2972 978 3031 significabit,
1014 2973 1265 3031 supplicem
1301 2973 1502 3018 libellum
1536 2974 1590 3019 de
1613 2989 1664 3019 ea
1686 2989 1732 3018 re
1755 2976 1810 3019 ad
1836 2977 1878 3019 S.
1906 2978 1952 3020 C.

178 3055 348 3111 mittet,
383 3059 430 3100 et
463 3056 841 3115 Archiepiscopus
864 3061 909 3101 et
937 3056 1139 3115 Episcopi
1163 3059 1204 3101 S.
1231 3057 1580 3114 congregationi
1595 3061 1801 3102 mentem
1825 3071 1956 3103 suam
