2176 3386
1500 0 1514 11 ι
1536 0 1556 23 >3,
1566 0 1656 34 ffss'l's
1663 0 1666 6 ,
1674 0 1679 5 .
1685 0 1720 28 «ζ,
1736 0 2176 66 ‘'Py-”VDWWQ

1636 38 1641 44 ·
1779 30 1811 52 ’ξ’
1875 30 1879 35 ”
1963 36 1966 38 ’
1994 28 2015 34 ”
2041 27 2044 31 ’
2095 48 2099 51 .
2130 34 2131 38 ¹
2156 39 2162 51 -1

261 150 313 189 32
790 184 795 190 .
905 163 1014 191 PARS
1044 164 1067 191 1.
1102 164 1159 191 DE
1187 163 1400 193 PERSONIS

263 265 399 311 huius
430 267 805 325 Congregationis
837 268 1046 313 consulto
1078 266 1274 312 feliciter
1305 268 1444 313 fuerit
1467 269 1695 326 restituta,
1721 275 1854 318 Sacra
1878 274 2039 318 eadem

263 351 579 408 Congregatio,
618 356 667 394 ut
699 350 1023 407 gravissimum
1058 351 1296 395 electionis
1329 352 1507 397 Scotiae
1549 353 1871 413 Episcoporum
1906 371 2040 414 nego-

263 432 379 477 tium
418 434 501 478 rite
535 439 785 492 sancteque
819 434 863 477 in
900 438 1132 490 posterum
1166 433 1447 490 absolvatur,
1483 441 1657 481 certam
1700 438 1898 498 aliquam
1948 454 2040 484 me-

265 517 456 562 thodum
493 517 536 561 in
572 517 786 561 omnibus
819 516 938 561 illius
971 516 1097 574 regni
1121 517 1404 562 dioecesibus
1427 520 1705 565 servandum
1731 527 2040 580 opportunum

265 613 362 644 esse
395 600 699 655 existimavit,
735 615 823 659 qua
857 600 935 644 fiat
969 605 1020 644 ut
1053 601 1188 645 Sedes
1222 602 1476 660 Apostolica
1510 605 1795 661 exploratam
1830 605 2040 650 notitiam

266 685 432 728 habere
468 685 608 742 possit
639 684 693 728 de
730 683 906 728 meritis
938 685 1247 740 sacerdotum,
1283 699 1341 729 ex
1374 686 1538 745 quibus
1570 687 1645 745 qui
1682 688 1823 745 magis
1854 689 2044 733 idoneus

266 769 523 812 censendus
556 768 695 811 fuerit
727 768 782 812 ad
816 767 1119 826 episcopalem
1154 772 1344 825 graiium
1380 769 1483 826 eligi
1511 771 1674 814 valeat.
1721 775 1876 830 ltaque
1901 772 1947 816 in
1972 787 2043 828 ge-

268 853 409 895 nerali
445 857 679 895 conventu
719 851 872 895 habito
906 851 978 895 die
1016 853 1066 895 18
1104 852 1217 896 luuii
1257 853 1368 896 1885
1403 856 1443 896 S.
1481 855 1795 911 congregatio,
1831 855 2046 899 omnibus

267 939 448 978 mature
483 935 733 993 perpensis,
771 935 954 979 censuit
986 949 1038 979 ea
1073 949 1209 992 super
1244 950 1288 979 re
1326 937 1590 980 methodum
1623 951 1739 996 quae
1772 938 1846 982 hie
1879 939 2045 984 adscri-

269 1017 392 1061 bitur
423 1032 520 1062 esse
555 1019 600 1062 iu
646 1019 792 1063 Scotia
845 1018 1139 1063 servandam.
1193 1020 1304 1064 Sede
1348 1020 1499 1078 aliqua
1541 1021 1785 1081 episcopali
1830 1017 2042 1076 vacante,

268 1106 404 1160 atque
442 1103 621 1146 Vicario
654 1102 752 1146 sive
789 1102 1175 1146 Administratore
1210 1102 1338 1147 iuxta
1383 1117 1568 1147 normas
1607 1119 1632 1148 a
1678 1105 1819 1148 sacris
1858 1104 2045 1148 canoni-

269 1183 351 1228 bus
384 1186 657 1242 generatim,
697 1186 768 1229 vel
803 1186 859 1229 ab
893 1186 1163 1242 Apostolicis
1198 1187 1379 1230 Litteris
1420 1200 1484 1230 sa:
1522 1201 1611 1231 me:
1667 1187 1894 1232 Benedicti
1931 1192 2045 1242 XIV,

270 1282 350 1325 pro
384 1269 493 1313 locis
531 1269 798 1314 ,tlissionum
833 1269 1069 1326 speciatim
1105 1271 1409 1328 praescriptas
1441 1270 1709 1326 constituto,
1744 1271 1819 1330 qui
1853 1271 2047 1316 dioecesi

271 1353 503 1408 viduatae,
548 1354 743 1398 durante
788 1354 1049 1405 vacatione,
1099 1353 1292 1410 praesit;
1339 1355 1613 1398 convocatio
1653 1354 1731 1398 liet
1771 1369 1948 1410 eorum,
1992 1354 2047 1399 ad

270 1450 382 1494 quos
417 1437 663 1495 pertinebit
695 1436 1022 1481 commendare
1059 1441 1149 1480 tres
1181 1436 1515 1481 ecclesiasticos
1548 1438 1684 1493 viros,
1710 1452 1903 1496 quorum
1931 1452 2049 1482 unus

270 1533 294 1563 3
329 1523 516 1565 Summo
554 1520 787 1575 Pontilice,
823 1520 858 1563 si
894 1520 955 1563 ita
989 1519 1030 1563 ei
1067 1519 1215 1563 visum
1251 1520 1405 1575 fuerit,
1441 1520 1635 1564 dioecesi
1672 1521 1855 1565 vacanti
1892 1521 2048 1578 praeli·

271 1604 433 1648 ciatur.
476 1609 527 1648 lit
559 1604 761 1663 quidem,
798 1603 833 1646 si
868 1603 913 1646 iu
949 1603 1144 1647 dioecesi
1183 1608 1376 1647 vacante
1419 1604 1749 1648 canonicorum
1793 1605 2049 1661 Capitulum

273 1693 477 1733 erectum
514 1702 605 1732 non
643 1687 803 1742 fuerit,
844 1686 1222 1744 Metropolitanus
1268 1690 1308 1731 S.
1347 1687 1553 1732 Andreae
1595 1692 1642 1731 et
1683 1686 2052 1745 Edimburgensis

275 1773 344 1816 vel
382 1773 426 1815 iu
452 1773 591 1829 ipsius
624 1773 804 1816 defectu
838 1772 991 1815 senior
1013 1785 1071 1815 ex
1095 1771 1397 1827 suffraganeis
1430 1770 1542 1825 eius,
1568 1771 1818 1815 conveniat
1841 1785 1946 1815 cuin
1973 1774 2049 1816 Ar·

274 1856 562 1914 cliiepiscopo
596 1855 861 1912 Glasguensi
905 1854 1007 1910 (uisi
1047 1859 1209 1912 agatur
1245 1857 1298 1898 de
1335 1854 1576 1899 vacatione
1615 1854 1754 1913 ipsius
1791 1854 1915 1898 Sedis
1952 1854 2051 1898 Gla-

274 1940 496 1997 sgueusis,
523 1954 638 1999 quae
663 1942 703 1984 S.
733 1939 831 1982 Sedi
858 1938 1122 1983 immediate
1147 1938 1347 1982 subiecta
1371 1942 1441 1981 est
1462 1943 1508 1981 et
1530 1938 1840 1995 sull'raganeos
1864 1951 1953 1981 non
1976 1941 2051 1981 ha-

276 2024 366 2080 bet)
388 2024 527 2068 relate
551 2024 605 2067 ad
629 2023 749 2067 diem
770 2028 815 2066 ct
836 2023 986 2066 locum
1006 2022 1321 2076 statuendum,
1341 2036 1430 2080 quo
1449 2022 1647 2078 primum
1667 2035 1828 2065 omnes
1850 2021 2052 2079 Episcopi

275 2108 466 2152 adunari
492 2107 732 2152 commode
757 2106 947 2164 possint,
974 2111 1019 2149 et
1043 2120 1121 2163 pro
1145 2119 1197 2149 eo
1221 2105 1291 2149 (lie
1315 2118 1475 2149 omnes
1499 2104 1737 2162 Episcopos
1760 2104 2048 2149 convocabit.

277 2191 308 2235 li
347 2206 455 2235 vero
499 2205 589 2235 una
629 2205 734 2234 cum
772 2189 1122 2247 Archiepiscopo
1161 2188 1453 2246 Glasgueusi,
1489 2202 1649 2231 omnes
1690 2188 1852 2242 simul,
1887 2187 1922 2232 si
1957 2187 2053 2232 fieri

278 2275 440 2333 possit,
477 2274 692 2329 adunati,
730 2278 775 2318 et
818 2273 1106 2332 praesidente
1152 2272 1503 2329 Metropolitano
1548 2284 1626 2314 seu
1666 2271 1711 2314 in
1746 2271 1842 2315 eius
1873 2271 2053 2316 defectu

279 2358 629 2416 Archiepiscopo
664 2358 958 2414 Glasguensi,
994 2356 1158 2413 singuli
1193 2355 1459 2412 suffragium
1499 2355 1643 2398 tribus
1678 2354 1853 2398 vicibus
1886 2355 2051 2409 ferent,

278 2442 523 2486 iudicando
559 2442 747 2485 uomina
781 2439 1198 2484 ecclesiasticorum
1233 2439 1438 2483 virorum
1471 2452 1584 2497 quos
1616 2438 1754 2482 veluti
1789 2437 2056 2481 candidatos

278 2526 333 2570 ad
361 2526 514 2570 sedem
540 2530 784 2570 vacantem
812 2524 1095 2582 Apostolicae
1120 2523 1219 2568 Sedi
1254 2522 1570 2580 proponendos
1599 2521 1759 2577 dignos
1781 2535 1878 2566 esse
1900 2520 1946 2564 in
1975 2525 2054 2565 Do-

282 2609 406 2652 mino
430 2609 820 2652 existimaverint.
848 2607 1029 2653 collatis
1054 2621 1163 2651 vero
1185 2606 1427 2663 suffragiis,
1456 2606 1656 2649 referent
1679 2605 1725 2648 in
1748 2604 1929 2662 scriptis
1951 2604 2056 2648 huic

281 2694 322 2736 S.
358 2690 708 2749 congregationi
745 2690 932 2734 uomina
969 2691 1107 2734 trium
1131 2691 1497 2744 candidatorum,
1528 2689 1575 2732 in
1598 2702 1711 2747 quos
1734 2688 1878 2732 maior
1894 2687 2056 2732 suffra-

281 2776 458 2833 giorum
495 2788 716 2819 numerus
742 2774 1031 2828 convenerit,
1058 2774 1192 2818 simul
1229 2774 1473 2818 indicando
1505 2787 1593 2831 quo
1625 2772 1784 2816 ordine
1818 2785 1872 2816 ex
1910 2772 2056 2829 plura·
2110 2835 2113 2838 Ι

282 2859 410 2904 litate
443 2863 657 2904 votorum
692 2857 829 2902 iidem
866 2872 944 2915 pro
979 2858 1155 2902 meritis
1187 2857 1278 2903 sint
1315 2856 1599 2911 recensendi,
1626 2869 1710 2900 nec
1745 2869 1835 2899 non
1871 2853 2058 2898 notitias

281 2943 336 2988 de
383 2943 574 3002 singulis
619 2942 952 3001 suppeditando
984 2943 1039 2986 ad
1089 2956 1299 2986 normam
1341 2939 1689 3000 quaestionum,
1723 2951 1840 2998 quae
1873 2937 1930 2982 ab
1974 2937 2059 2981 hac

283 3029 324 3070 S.
362 3026 724 3085 congregatione
758 3026 801 3070 in
837 3025 1021 3083 speciali
1055 3025 1289 3069 schemate
1323 3024 1380 3068 ad
1414 3023 1455 3068 id
1492 3022 1681 3082 proponi
1714 3021 1876 3067 solent.
