2176 3386
206 176 260 216 62
850 191 960 220 PAns
989 192 1013 219 1.
1049 191 1106 219 DE
1134 191 1346 222 Pssnsoms

328 301 449 342 Haec
480 297 664 356 quidem
699 299 853 343 omnia
878 299 1040 344 nativo
1064 301 1161 345 iure
1193 301 1249 345 ad
1282 315 1544 360 supremam
1571 305 1796 362 primatus
1827 311 1987 355 aucto-

207 379 395 424 ritatem
430 394 509 438 per
540 394 588 425 se
622 381 884 439 pertinent,
923 383 1191 440 praesertim
1227 398 1332 430 cum
1370 386 1575 446 Episcopi
1610 388 1738 435 iuxta
1777 391 1986 438 divinam

211 463 437 508 Ecclesiae
458 465 840 510 constitutionem
879 470 1084 511 Romano
1118 467 1327 512 Pontifici
1367 470 1632 516 immediate
1665 473 1984 532 subiiciantur,

205 545 577 606 quandoquidem
613 548 903 593 Patriarcbae
935 563 988 595 ac
1021 551 1339 608 Metropolitae
1371 552 1680 600 ecclesiastica
1714 557 1988 603 auctoritate

205 628 422 687 deinceps
458 631 698 675 constituti
737 637 858 677 sunt.
900 632 1023 677 Licet
1058 633 1196 691 igitur
1231 634 1476 694 aliquando
1513 639 1780 684 eorumdem
1827 644 1987 686 Roma-

207 725 371 756 norum
411 713 681 757 Pontilicum
731 715 1059 773 approbatione
1101 720 1147 761 et
1180 730 1407 764 consensu
1451 734 1529 777 per
1562 722 1876 777 Metropolitas
1907 727 1988 768 aut

210 794 496 841 patriarchas
527 797 729 841 exercita
766 798 954 854 fuerint,
990 799 1153 844 deinde
1191 801 1249 846 ab
1283 801 1388 860 ipsis
1424 803 1640 848 Romanis
1674 805 1985 862 Pontificibus,

208 877 475 934 praesertim
521 878 567 922 in
610 879 882 935 Occidente,
919 882 1084 926 merito
1126 884 1182 927 ad
1224 897 1270 928 se
1309 884 1405 929 iure
1446 887 1772 932 reservationis
1819 888 1986 932 iterum
2042 897 2044 899 '

209 966 424 1006 revocata
459 968 581 1007 sunt.

383 1050 420 1096 e)
459 1052 531 1092 Ius
566 1050 778 1095 mittendi
813 1053 984 1109 legatos
1016 1053 1114 1098 sive
1156 1054 1412 1099 ordinarios
1454 1055 1553 1100 sive
1596 1057 1987 1102 extraordinarios

207 1130 252 1173 in
286 1130 539 1188 quamlibet
577 1133 802 1177 Ecclesiae
838 1140 1014 1192 partem
1049 1150 1155 1180 cum
1189 1151 1240 1181 ca
1267 1137 1596 1194 iurisdictione,
1622 1153 1759 1198 quam
1784 1139 1878 1197 ipse
1906 1144 1988 1185 Ro-

208 1227 372 1257 manus
408 1214 620 1260 Pontifex
654 1222 960 1275 opportunam
996 1219 1233 1264 existimet
1258 1222 1286 1265 ¹.

385 1298 429 1353 f)
468 1303 539 1342 [us
571 1313 623 1343 ea
657 1299 741 1344 sibi
776 1303 1061 1359 reservandi,
1096 1304 1151 1348 de
1193 1305 1357 1363 quibus
1398 1305 1459 1351 ila
1504 1307 1548 1350 in
1591 1307 1784 1352 Domino
1832 1308 1987 1353 existi-

207 1380 344 1423 marit
368 1381 398 1424 ².

327 1466 374 1507 [1.
412 1466 651 1511 Pertinent
674 1469 813 1513 etiam
839 1470 893 1514 ad
917 1474 1174 1516 Romanum
1200 1473 1467 1518 Pontificem
1493 1489 1654 1520 omnes
1678 1475 1778 1520 illae
1802 1490 1984 1532 causae,

207 1543 251 1588 in
287 1545 451 1604 quibus
484 1549 710 1595 unitatem
748 1551 791 1595 in
831 1554 1029 1598 Ecclesia
1064 1555 1237 1599 servari
1282 1570 1467 1600 necesse
1509 1562 1609 1614 est;
1659 1559 1779 1602 unde
1821 1560 1986 1603 merito

204 1642 284 1673 eae
320 1645 499 1690 quoque
533 1616 681 1679 eidem
718 1642 1031 1692 reservantur,
1071 1638 1114 1682 in
1139 1638 1302 1697 quibus
1325 1640 1536 1685 eamdem
1559 1642 1734 1685 servari
1758 1641 1986 1686 unitatem

205 1714 367 1759 saltem
403 1718 534 1762 decet
566 1723 644 1762 aut
679 1721 880 1777 expedit,
917 1722 1120 1782 adeoque
1157 1727 1203 1768 R.
1243 1723 1462 1768 Pontifici.
1506 1729 1599 1769 Iam
1634 1739 1767 1784 supra
1806 1740 1985 1784 compe-

204 1802 311 1841 tunt
335 1799 430 1856 ipso
454 1800 551 1845 iure
575 1815 739 1847 causae
763 1803 959 1848 maiores
985 1806 998 1826 ³
1033 1819 1147 1864 quas
1180 1806 1576 1851 enumeravimus.

327 1879 529 1941 Denique
563 1884 616 1928 ad
653 1885 976 1940 particularem
1013 1887 1134 1932 illam
1163 1892 1435 1944 potestatem
1469 1891 1589 1949 quod
1622 1889 1811 1945 attinet,
1844 1903 1985 1949 quam

204 1959 250 2004 in
275 1962 412 2006 certis
434 1964 707 2022 quibusdam
736 1967 961 2011 Ecclesiae
985 1967 1187 2024 partibus
1213 1969 1332 2013 idem
1360 1974 1591 2014 Romanus
1615 1969 1826 2014 Pontifex
1856 1984 1985 2014 exer-

203 2048 293 2099 cet,
329 2046 612 2105 quadruplex
648 2050 890 2107 praecipue
923 2051 1141 2108 distingui
1175 2067 1225 2096 ca
1261 2053 1411 2108 debet,
1450 2052 1694 2098 nimirum:

326 2134 353 2174 1.
392 2132 681 2190 Episcopalis,
716 2148 854 2192 quam
890 2136 1027 2180 babet
1059 2136 1105 2180 in
1141 2137 1251 2181 urbe
1288 2141 1446 2194 Roma.
1481 2151 1687 2197 quaeque
1721 2142 1790 2183 est
1823 2138 1897 2183 illa
1919 2138 1985 2183 di-

203 2200 370 2268 gnitas,
406 2213 536 2258 cuius
569 2215 615 2259 vi
649 2229 884 2262 successor
917 2223 985 2263 est
1020 2217 1163 2274 Petri,
1198 2219 1401 2278 adeoque
1436 2219 1482 2264 in
1518 2220 1789 2265 Universam
1834 2220 1985 2266 Eccle-
2041 2261 2045 2265 .

203 2293 318 2338 siam
355 2295 604 2354 primatum
639 2299 776 2344 habet
809 2300 870 2344 ita
906 2307 955 2345 ut
986 2302 1075 2346 duo
1111 2302 1223 2347 haec
1257 2302 1380 2346 nulla
1403 2302 1578 2360 possint
1605 2302 1880 2348 auctoritate
1903 2303 1984 2347 hu·

204 2391 341 2422 mana
366 2394 569 2439 unquam
603 2386 802 2441 separari
832 2385 856 2429 ².

324 2467 374 2508 ll.
411 2467 763 2523 Metropolitica,
800 2482 917 2526 quae
954 2469 1247 2527 Episcopatus
1279 2469 1602 2528 complectitur
1632 2469 1708 2528 qui
1733 2474 1842 2514 sunt
1864 2469 1986 2513 inter

205 2544 497 2591 Provinciam
534 2547 744 2597 Pisanam
778 2554 824 2594 et
856 2553 1118 2609 Capuanam
1147 2552 1160 2575 ⁵
1192 2552 1256 2596 ita
1290 2556 1446 2597 tamen
1481 2557 1531 2597 ut

322 2684 331 2703 ¹
361 2686 448 2723 Pius
475 2688 525 2723 VI
553 2688 590 2723 in
620 2689 719 2725 brevi
747 2690 789 2725 de
808 2691 979 2727 Nunciat.
1010 2692 1223 2738 Apostolicis
1250 2692 1293 2729 14
1319 2693 1517 2730 Novembr.
1548 2693 1648 2735 1789,
1676 2703 1754 2730 cao.
1780 2694 1814 2730 8.

321 2760 333 2778 ²
359 2759 447 2796 Pius
478 2761 536 2803 VI,
564 2767 680 2797 const.
710 2762 904 2799 Auctorem
930 2764 1010 2810 fidei
1038 2763 1085 2801 28
1110 2774 1194 2810 aug.
1223 2764 1324 2808 1794,
1350 2766 1395 2802 ad
1421 2775 1524 2812 prop.
1551 2767 1570 2801 7
1597 2771 1632 2803 et
1659 2767 1681 2802 8
1708 2767 1982 2813 pseudosynodi

203 2832 449 2877 pistoriensis.

320 2902 333 2921 ³
360 2903 444 2949 Cap.
475 2904 492 2939 1
521 2905 563 2941 de
589 2907 719 2942 transl.
745 2907 930 2953 Episcopi,·
958 2917 1037 2954 cap.
1064 2908 1086 2944 5
1112 2909 1154 2944 de
1181 2909 1349 2955 baptism.

319 2973 332 2994 '⁶
359 2975 427 3011 Cfr.
455 2976 590 3013 Bened.
619 2977 704 3013 XIV
731 2978 772 3014 cle
801 2979 881 3023 Syn.
909 2979 1015 3016 dioec.
1042 2979 1104 3015 lib.
1132 2979 1165 3022 Ξ,
1192 2989 1272 3025 cap.
1302 2981 1331 3016 1.

321 3047 333 3067 ¹⁵
361 3049 496 3085 Bened.
525 3050 623 3093 Xlll,
651 3055 768 3088 const.
798 3051 1013 3098 Redemptor
1037 3055 1172 3095 noster,
1198 3052 1244 3088 24
1270 3052 1455 3090 decembr.
1483 3053 1585 3090 1724.
