2176 3386
843 210 973 240 Lmen
1002 211 1026 240 1.
1061 211 1118 239 DE
1147 210 1340 240 cmmms
1909 201 1988 242 351

193 322 311 367 tium
348 333 439 364 000
472 318 532 364 sit
562 318 608 363 in
644 318 794 363 modo.
831 320 948 363 Sane
981 317 1110 363 citati
1143 332 1347 364 canones
1378 319 1631 378 loquuntur
1652 319 1708 364 de
1733 318 1992 365 venatione

192 418 311 465 quae
342 403 480 448 fiebat
513 401 634 447 intra
668 405 819 447 certos
853 401 1018 446 theatri
1053 401 1167 446 fines
1199 415 1304 446 cum
1349 402 1508 446 belluis
1541 401 1588 447 10
1633 402 1861 447 [dolorum
1911 416 1990 447 su-

193 487 486 547 perstitione3
523 485 783 531 huiusmodi
816 485 1038 531 exercitia
1070 486 1386 543 superstitiosa
1421 486 1468 530 10
1490 485 1578 530 illis
1599 485 1855 531 canonibus
1881 500 1981 544 pro·

194 570 428 626 hibentur,
466 584 557 615 000
592 583 702 614 vero
737 568 924 614 venatio
960 569 1137 627 proprie
1170 569 1308 614 dicta.
1356 574 1478 615 Haec
1511 570 1742 615 sententia
1767 569 1865 615 iure
1890 584 1983 615 me·

194 654 283 699 rito
317 652 579 698 defenditur
610 667 635 698 a
669 651 926 697 clarissimo
969 653 1146 698 Berardi
1197 653 1241 698 in
1293 668 1444 712 opere.
1500 656 1577 698 Ias
1624 654 1992 699 ecclesiasticum

195 738 471 780 universum
507 735 597 779 vol.
635 736 677 779 2.
717 750 758 792 p.
795 736 835 780 2.

310 819 412 863 447.
454 821 686 863 Postremo
712 822 941 873 notamus,
968 818 1146 864 clericis
1180 821 1426 865 nonnullas
1458 827 1584 866 artes
1617 821 1729 865 viles
1765 835 1992 866 exercere

198 899 477 961 prohibitum
511 913 608 945 esse
644 901 784 945 veluti
819 905 967 946 artem
1006 900 1307 958 histrionum,
1337 903 1670 959 Jacatatorttm
1708 909 1792 948 aut
1838 903 1989 962 buffo·

197 999 314 1029 nam
349 985 381 1038 ¹,
416 983 618 1042 alioquin
652 983 687 1028 si
725 983 1004 1042 praedictam
1054 990 1200 1029 artem
1252 999 1331 1043 per
1381 986 1610 1042 integrum
1660 1000 1836 1030 30111101
1887 990 1995 1045 post.

194 1066 377 1112 iuutiles
414 1065 617 1124 Episcopi
644 1067 923 1112 monitiones
945 1068 1256 1124 exercuerint,
1283 1071 1445 1114 omnia
1466 1070 1721 1126 privilegia
1743 1070 1991 1116 clericalia

200 1152 431 1194 amittent.

314 1232 415 1276 448.
455 1232 656 1276 Tandem
692 1238 930 1292 nequeunt
962 1233 1113 1278 clerici
1158 1236 1208 1278 in
1242 1234 1472 1278 laicorum
1513 1235 1723 1279 domibus
1759 1235 1865 1279 licet
1903 1236 1996 1279 sub

196 1317 353 1374 quovis
385 1314 638 1359 honestiori
670 1316 800 1360 titulo
831 1319 1023 1362 servitia.
1057 1317 1235 1362 abiecta
1264 1323 1513 1374 praestare
1535 1322 1582 1362 et
1604 1323 1762 1362 contra
1798 1322 1996 1375 agentes

196 1399 253 1442 ab
289 1398 506 1456 Episcopo
538 1398 594 1443 ad
627 1398 854 1444 clericalia
890 1413 1081 1444 munera
1120 1400 1324 1445 revocari
1358 1401 1528 1445 debent
1551 1400 1582 1445 ².
1609 1432 1611 1434 ·

915 1613 1165 1666 SECTIO
1207 1614 1268 1666 ΙΙ.

506 1748 581 1800 De
625 1749 890 1822 gradibus
932 1753 1223 1823 potestatis
1263 1751 1669 1805 iurisdictionis

257 1870 260 1873 ψ
314 1834 371 1884 in
413 1835 669 1905 personis
712 1832 1020 1886 moralibus
1061 1854 1162 1886 seu
1203 1833 1455 1907 collegiis
1498 1835 1862 1888 exercendae.

315 1978 417 2023 449.
455 1979 512 2021 Ut
543 1978 649 2023 alibi
684 1979 922 2024 innuimus
954 1980 1088 2026 sicuti
1112 1995 1135 2025 a
1162 1981 1447 2039 temporibus
1474 1983 1785 2040 apostolorum
1810 1983 1995 2029 iurisdi—

195 2061 363 2107 ctionis
398 2067 598 2121 potestas
631 2067 730 2108 lum
764 2077 788 2108 a
825 2064 1030 2122 personis
1064 2064 1312 2109 individuis
1337 2069 1434 2109 tum
1460 2080 1484 2110 a
1511 2066 1716 2124 personis
1739 2067 1996 2113 moralibus

197 2146 516 2202 exercebatur,
542 2146 605 2190 ita
632 2146 829 2192 Ecclesia
856 2148 976 2191 hanc
999 2147 1285 2206 disciplinam
1311 2148 1531 2194 servavit.
1559 2154 1709 2203 Quare
1735 2150 1986 2197 videndum

197 2243 426 2288 quaenam
462 2229 556 2273 sint
588 2229 701 2274 hacc
734 2229 928 2287 Collegia
951 2230 1115 2289 quibus
1150 2230 1512 2277 iurisdictionem
1538 2247 1757 2278 exercere
1788 2238 1982 2292 spectat.

195 2312 390 2370 Collegia
426 2312 470 2356 10
507 2316 598 2357 tres
629 2313 798 2357 classes
829 2312 970 2357 div-idi
1007 2319 1213 2372 possunt,
1248 2314 1335 2359 alia
1369 2315 1493 2374 enim
1529 2320 1638 2360 sunt
1677 2316 1871 2375 Collegia
1915 2331 1993 2362 or·

197 2392 318 2438 dinis
337 2393 588 2452 pastoralis,
609 2408 804 2453 quorum
823 2399 894 2440 est
919 2395 1279 2441 iurisdictionem
1305 2398 1578 2455 pastoralem
1605 2412 1838 2454 exercere,
1867 2399 1997 2443 inter

197 2489 314 2534 quae
347 2480 682 2521 enumerantur
713 2476 966 2522 Concilium
1001 2479 1364 2524 Oecumenicum
1398 2479 1759 2524 iurisdictionem
1794 2480 1892 2525 iure
1922 2480 1988 2525 di-

199 2557 311 2604 vino
334 2572 573 2615 exercens,
609 2559 807 2605 Concilia
833 2560 1084 2606 nationalia
1117 2576 1171 2606 ac
1205 2562 1521 2620 provincialia,
1559 2577 1741 2608 necnon
1775 2564 1994 2622 Synodus

198 2641 485 2686 dioecesana.
515 2641 608 2688 Alia
632 2646 739 2687 sunt
763 2643 950 2701 collegia
974 2644 1147 2689 ordinis=
1171 2644 1414 2701 Senatorii,
1438 2659 1635 2704 quorum
1664 2651 1734 2691 est
1757 2645 1989 2704 Superiori

199 2723 308 2768 dare
332 2723 600 2769 consilium:
639 2724 744 2770 talia
777 2731 888 2770 sunt
919 2727 1167 2783 Collegium
1201 2731 1242 2773 S.
1274 2731 1322 2772 R.
1354 2732 1399 2772 E.
1427 2728 1755 2783 Cardinalium,
1781 2742 1867 2774 nec
1892 2743 1989 2774 non

200 2809 405 2867 Capitula
424 2809 720 2854 ecclesiarum
745 2809 1202 2868 Metropolitanarum
1220 2824 1274 2855 ac
1292 2811 1648 2856 Catlnedralium.
1679 2813 1773 2858 Alia
1800 2813 1991 2857 laudem

322 3004 331 3022 ¹
358 2989 445 3051 cap'.
473 3004 528 3048 12,
555 3004 607 3041 tn.
635 3004 666 3046 1,
693 3003 757 3040 lib.
782 3004 815 3048 5;
841 3013 922 3050 cap.
950 3014 1009 3041 un.
1038 3004 1154 3041 ejusd.
1183 3005 1236 3040 ιη.
1263 3003 1301 3040 in
1326 3004 1360 3040 6.

321 3076 333 3095 ²
359 3076 426 3122 Ep.
452 3076 542 3112 Enc.
569 3074 659 3111 Cum
683 3075 846 3121 primum
872 3073 986 3112 Clam.
1013 3074 1111 3118 xm,
1139 3074 1180 3110 17
1210 3074 1309 3120 Sept.
1330 3073 1434 3111 1759.
