2176 3386
503 222 634 251 Lmen
661 223 687 251 1.
721 222 779 251 DE
808 221 946 251 REBus
975 221 1211 251 ECCLEsmE
1240 222 1566 252 smmi-[munus
1871 214 1950 254 213

915 450 1093 495 CAPUT
1125 452 1199 494 IV.

221 616 282 652 DE
308 615 688 653 DISPENSATIONE
715 616 777 653 AB
803 615 1150 654 IMPEDIMENTIS
1177 616 1520 654 DlRIMENTIBUS
1546 616 1893 654 MATRIMONIUM

698 688 789 724 PER
816 687 1129 725 SANATIONEM
1155 687 1205 724 IN
1232 688 1419 724 RADICE.

291 838 415 882 1083.
454 839 648 884 Sanatio
680 840 732 881 in
766 838 928 883 radice
962 837 1073 882 nihil
1106 837 1228 883 aliud
1262 845 1331 883 est
1363 851 1502 898 quam
1540 839 1823 896 dispensatio
1857 852 1949 898 qua

168 922 427 978 abr-oyatur
458 921 530 965 lex
559 923 763 966 irritans
795 923 1155 966 matrimonium
1179 920 1225 965 in
1250 935 1356 967 casu
1389 923 1582 979 speciali
1612 922 1767 981 quoad
1792 924 1952 968 matri-

103 998 108 1002 ’
171 1007 378 1049 monium
411 1006 702 1048 contractum
738 1003 800 1049 ita
834 1007 886 1048 ut
917 1004 1053 1049 simul
1087 1004 1309 1050 tollantur
1340 1005 1530 1050 effectus
1563 1004 1640 1065 qui
1665 1019 1723 1050 ex
1745 1004 1819 1050 illa
1854 1006 1951 1064 lege

169 1086 382 1132 irritante
416 1086 560 1131 secuti
594 1090 717 1130 sunt.

291 1171 416 1215 1084.
453 1175 602 1225 Quare
637 1156 748 1214 liaeo
781 1171 1076 1228 dispensatio,
1111 1186 1227 1229 quae
1260 1171 1428 1216 dicitur
1458 1174 1645 1217 sanatio
1682 1174 1733 1216 in
1772 1172 1947 1227 radice,

168 1253 225 1297 ab
255 1252 355 1298 aliis
386 1252 683 1310 distinguitur
706 1253 752 1297 in
776 1253 936 1310 forma
969 1256 1209 1298 communi
1229 1255 1475 1309 concessis,
1500 1258 1551 1298 ut
1574 1268 1740 1312 nempe
1773 1254 1951 1312 dispen-

168 1336 368 1382 sationes
401 1337 446 1381 in
482 1338 628 1381 forma
662 1337 899 1382 communi
933 1352 957 1383 a
994 1342 1228 1384 momento
1269 1353 1359 1398 quo
1401 1339 1689 1398 applicantur
1727 1339 1951 1399 incipiant

169 1421 291 1466 vires
322 1435 427 1466 suas
459 1435 691 1477 exercere,
728 1426 774 1466 et
808 1436 887 1480 per
919 1435 1204 1482 consequens
1238 1423 1486 1481 respiciant
1518 1423 1770 1481 futurum,-
1807 1438 1951 1469 sana-

170 1508 228 1550 tio
262 1508 416 1550 autem
443 1508 490 1549 in
515 1505 676 1550 radice
699 1505 1026 1550 rotrotrahitur
1048 1506 1103 1550 ad
1129 1513 1412 1551 momentum
1436 1508 1655 1551 celebrati
1685 1513 1953 1552 contractus

172 1591 479 1634 matrimonii.
517 1587 676 1647 Agitur
708 1588 833 1633 enim
866 1589 921 1633 de
954 1590 1050 1647 lege
1083 1604 1199 1649 quae
1233 1590 1418 1649 respicit
1450 1591 1793 1636 inhabilitatem
1835 1605 1953 1651 quae

169 1672 224 1716 ad
258 1677 388 1716 actus
420 1671 691 1730 praeteritos
739 1672 899 1716 referri
946 1677 1094 1731 potest
1139 1678 1368 1732 quatenus
1402 1673 1538 1718 validi
1574 1678 1620 1719 et
1653 1673 1843 1732 legitimi
1877 1675 1951 1719 de-

169 1756 404 1800 clarentur
436 1759 566 1799 actus
589 1758 635 1799 et
657 1753 848 1799 effectus
870 1755 946 1814 qui
971 1756 1028 1800 ob
1052 1755 1197 1814 legem
1221 1756 1483 1801 irritantem
1518 1756 1708 1801 invalidi
1744 1758 1947 1801 fuerunt.

172 1843 232 1883 De
265 1837 428 1897 quibus
460 1838 551 1882 iam
584 1837 786 1883 diximus
818 1843 1006 1896 agentes
1037 1839 1091 1884 de
1127 1839 1313 1896 legibus.

294 1921 417 1966 ¹085.
455 1926 552 1976 Qua
585 1921 640 1966 de
673 1935 810 1967 causa
845 1937 924 1980 per
956 1925 1254 1968 sanationem
1288 1926 1338 1967 in
1375 1924 1558 1979 radice,
1603 1923 1669 1967 uti
1709 1923 1774 1967 ait
1814 1927 1951 1968 Bene—

171 2006 320 2050 dictus
355 2008 450 2050 xlv
483 2008 636 2050 Const.
679 2008 773 2050 Etsi
805 2007 1173 2051 matrimonialis
1205 2007 1259 2051 27
1283 2011 1396 2064 sept.
1428 2007 1555 2062 1755,
1584 2020 1676 2050 non
1699 2007 1822 2066 litut
1857 2019 1953 2050 ma-

171 2091 448 2134 trimonium
483 2089 677 2133 nultiter
708 2095 1018 2145 contractum,
1046 2104 1140 2133 non
1177 2096 1241 2135 tta
1276 2091 1422 2147 fuerit
1454 2096 1763 2145 contractum,
1788 2091 1867 2134 sed
1888 2089 1954 2148 ef—

171 2172 317 2230 fectus
348 2172 403 2217 de
437 2172 584 2216 medio
618 2173 862 2227 tolluntur,
890 2175 971 2231 qui
991 2174 1043 2217 ob
1065 2172 1335 2218 huiusmodi
1366 2177 1663 2219 matrimonii
1690 2175 1954 2218 nullitatem.

172 2262 282 2302 ante
317 2257 552 2301 indultam
576 2257 970 2312 dispensationem
994 2262 1131 2315 atque
1153 2259 1292 2302 etiam
1327 2260 1379 2301 in
1415 2260 1508 2315 ipso
1534 2259 1830 2302 matrimonii
1850 2270 1954 2301 con-

173 2338 397 2383 trahendi
428 2345 534 2382 actu
566 2338 782 2395 producti
813 2337 1026 2395 fuerunt.

294 2420 422 2466 1086.
462 2421 693 2480 Requisita
727 2425 778 2466 ut
809 2421 989 2467 sanatio
1022 2421 1069 2466 in
1105 2421 1257 2467 radice
1290 2423 1598 2477 concedatur,
1633 2426 1771 2467 sunt:

296 2506 333 2561 l)
378 2507 430 2548 Ut
461 2508 623 2550 omnia
657 2509 879 2565 requisita
907 2509 1012 2552 iure
1055 2514 1263 2552 naturae
1295 2507 1563 2553 habeantur
1610 2509 1774 2567 quibus
1817 2511 1958 2566 possit

175 2590 533 2633 matrimonium
567 2591 851 2645 reviviscere,
888 2596 928 2634 et
959 2597 1069 2635 sunt
1102 2591 1143 2643 a)
1176 2597 1223 2634 ut
1256 2591 1446 2650 quando
1479 2598 1772 2636 contractum
1811 2591 1958 2648 fuerit

178 2673 404 2726 matrim„
440 2670 653 2729 adfuerit
684 2685 821 2716 verus
842 2679 884 2716 et
907 2674 1149 2719 naturalis
1180 2688 1429 2719 consensus
1449 2677 1597 2732 si9nis
1625 2677 1829 2718 externis
1859 2674 1957 2731 suf·

175 2756 385 2815 ficienter
416 2770 685 2813 expressus;
729 2757 771 2813 b)
796 2762 848 2800 ut
868 2762 1015 2802 status
1047 2757 1416 2802 matrimonialis
1459 2758 1678 2802 inductus
1708 2759 1755 2802 vi
1782 2760 1959 2815 prioris

175 2852 423 2883 consensus
450 2845 724 2895 perseveret.

295 2922 336 2977 2)
373 2922 431 2964 Ut
462 2919 847 2979 impedimentum
881 2922 940 2967 sit
971 2925 1092 2967 iuris
1128 2923 1436 2968 Ecclesiastici
1467 2937 1602 2982 super
1633 2937 1722 2983 quo
1760 2925 1956 2970 Ecclesia

180 3004 318 3064 possit
350 3009 396 3049 et
427 3005 570 3050 soleat
601 3005 888 3063 dispensare:
924 3005 1127 3065 alioquin
1153 3006 1216 3050 uti
1242 3019 1334 3051 non
1370 3011 1518 3064 potest
1561 3006 1605 3051 in
1641 3008 1800 3065 forma
1838 3022 1955 3052 com-

182 3089 317 3132 muni
347 3086 627 3147 dispensare,
663 3087 725 3133 ita
758 3102 907 3148 neque
942 3103 1020 3148 per
1052 3088 1341 3134 sanationem
1376 3088 1423 3134 in
1461 3089 1626 3135 radice.
