2176 3386
524 220 651 247 Lmen
681 220 703 247 1.
745 219 800 247 DE
830 218 970 247 niseus
1002 217 1238 246 ECCLESIAE
1268 217 1593 246 SPIRITUALIBUS
1898 207 1951 247 85

167 325 303 371 verba
341 325 480 382 infra
513 326 634 370 duas
667 324 981 370 hebdomadas
1025 325 1159 384 (quod
1192 325 1380 371 concedi
1416 327 1533 370 solet
1577 340 1655 386 pro
1688 326 1826 381 locis,
1871 325 1947 371 ubi

161 407 354 454 difficilis
386 414 455 453 est
487 408 713 453 confessio
752 408 1107 465 hebdomadalis)
1158 408 1315 452 stricte
1359 407 1704 466 interpretanda
1747 410 1842 454 sint
1886 409 1946 455 ita

162 495 211 535 ut
251 491 478 536 confessio
511 490 661 550 peragi
697 491 860 536 debeat
895 492 1012 536 infra
1047 490 1397 550 quatuordecim
1429 491 1525 536 dies
1560 491 1631 535 vel
1666 492 1817 550 potius
1854 494 1946 537 suf-

161 574 285 621 ficiat
318 575 422 620 bina
456 575 683 621 confessio
719 575 763 620 in
799 589 974 631 mense,
1010 578 1052 620 S.
1078 578 1241 634 Congr.
1282 576 1451 633 [ndulg.
1486 576 1559 620 die
1593 577 1649 620 25
1683 590 1791 621 nov.
1833 577 1944 622 ‘1878

164 660 419 719 respondit:
456 660 521 705 Ad
558 661 618 704 1m
644 660 921 704 affirmative
947 659 1003 704 ad
1031 660 1091 703 ¹lm
1124 663 1318 717 partem,
1345 658 1460 703 idest
1485 660 1811 717 praescriptam
1838 674 1945 704 con-

164 741 405 785 fessionem
448 740 596 798 peragi
636 740 801 784 debere
849 739 1052 798 quolibet
1087 739 1361 784 decurrente
1405 744 1579 798 septem
1629 740 1807 785 dierum
1847 754 1946 798 spa·

161 823 247 880 tio3
286 823 499 881 negative
522 823 578 866 ad
601 824 664 867 2¹11
702 827 890 880 partem.
928 823 992 866 Ad
1016 823 1081 866 2111
1118 821 1396 866 affirmative
1419 822 1474 866 ad
1514 823 1573 866 lm
1609 827 1803 880 partem,
1831 823 1945 868 idest

163 906 486 965 praescriptam
521 905 858 951 confessionem
895 904 1044 963 peragi
1079 905 1244 949 debere
1277 904 1481 964 quolibet
1513 905 1788 950 decurrente
1836 920 1947 965 qua—

160 990 414 1035 tuordecim
448 989 626 1034 dierum
660 989 830 1047 spatio3
871 988 1083 1047 negative
1117 989 1170 1032 ad
1197 990 1259 1033 2¹¹]
1296 994 1488 1047 partem.
1528 993 1576 1034 ln
1603 989 1658 1033 iis
1681 989 1791 1034 loeis
1819 1003 1943 1044 vero,

161 1075 205 1120 in
239 1075 403 1134 quibus
439 1075 496 1119 ob
528 1074 730 1132 inopiam
776 1074 1160 1119 confessariorum
1204 1079 1438 1134 nequeant
1482 1075 1634 1120 fideles
1677 1077 1946 1135 frequenter

158 1158 399 1214 confiteri,
435 1159 660 1203 confessio
711 1162 893 1216 peracta
944 1158 1060 1202 infra
1114 1158 1446 1203 hebdomadam
1495 1163 1603 1203 ante
1638 1158 1940 1204 festivitatem

158 1241 394 1299 suffragari
431 1245 578 1299 potest
610 1240 666 1285 ad
698 1240 967 1285 lucrandam
1004 1240 1356 1298 indulgentiam,
1393 1241 1642 1286 dummodo
1677 1241 1846 1286 nullius
1884 1243 1942 1286 le-

161 1324 295 1369 thalis
327 1324 487 1381 culpae
522 1323 675 1369 fideles
715 1323 884 1368 conscii
921 1323 1014 1367 sint
1042 1324 1069 1367 ¹.
1121 1324 1263 1368 Verba
1299 1323 1494 1383 denique
1528 1324 1666 1381 infra
1700 1324 1943 1369 hebdoma-

157 1409 270 1454 dam
318 1408 580 1466 significant
627 1413 731 1453 octo
778 1409 875 1453 dies
922 1412 1105 1454 tantum
1153 1423 1270 1467 quae
1324 1409 1626 1454 festivitatem
1677 1409 1943 1455 immediate

160 1492 454 1550 praecedunt,
491 1507 582 1536 non
623 1507 730 1537 vero
766 1492 1098 1537 hebdomadam
1136 1492 1256 1536 illam
1295 1497 1457 1546 totam,
1483 1497 1530 1537 et
1563 1492 1790 1550 integram
1825 1507 1941 1552 quae

159 1579 266 1619 ante
301 1576 466 1619 festum
502 1575 704 1620 decurrit
730 1575 760 1619 ².

277 1659 375 1703 775.
416 1658 752 1714 Christifideles,
788 1659 864 1719 qui
898 1660 955 1704 ob
989 1661 1230 1718 physicum
1266 1675 1543 1720 permanens
1575 1661 1757 1720 aliquod
1803 1660 1941 1719 irnpe-

155 1741 414 1786 dimentum
448 1742 583 1787 domo
616 1741 767 1800 egredi
803 1757 894 1787 non
932 1748 1137 1801 possunt,
1173 1744 1312 1788 etiam
1350 1744 1394 1789 in
1429 1745 1766 1789 communitate
1790 1749 1836 1789 et
1859 1746 1943 1790 sub

156 1825 309 1882 regula
344 1825 584 1880 viventeS,
619 1828 855 1885 acquirere
891 1831 1080 1885 possunt
1123 1840 1284 1872 omnes
1316 1832 1362 1871 et
1394 1827 1595 1884 singulas
1634 1826 1942 1885 indulgentias

158 1908 384 1967 plenarias
415 1909 506 1954 iam
540 1922 798 1965 concessas,
825 1910 897 1954 vel
924 1910 967 1954 in
996 1914 1228 1968 posterum
1253 1911 1573 1956 concedendas
1605 1916 1651 1955 et
1683 1926 1796 1970 quas
1829 1910 1940 1956 alias

155 1992 392 2052 acquirere
412 1997 595 2051 possent
614 1994 658 2037 in
679 1992 789 2038 locis
812 1994 857 2037 in
882 1993 1047 2053 quibus
1070 1995 1256 2049 vivunt,
1282 1993 1318 2038 si
1344 1993 1388 2037 in
1414 2008 1467 2038 eo
1492 1994 1680 2052 physico
1703 1998 1826 2039 statu
1847 2009 1938 2039 non

154 2079 325 2131 essent,
357 2090 435 2133 pro
467 2089 662 2135 quarum
696 2075 997 2135 acquisitione
1033 2077 1308 2134 praescripta
1343 2076 1400 2120 sit
1432 2089 1560 2121 sacra
1595 2076 1863 2121 communio
1896 2082 1942 2122 et

157 2157 359 2202 visitatio
392 2158 586 2203 alicuius
617 2158 853 2215 ecclesiae,
883 2160 953 2204 vel
980 2159 1142 2218 publici
1176 2159 1373 2204 oratorii
1399 2160 1445 2204 in
1471 2160 1580 2205 locis
1604 2160 1782 2215 iisdem,
1809 2161 1937 2205 dum·

158 2240 291 2285 modo
326 2255 434 2285 vere
468 2241 757 2299 poenitentes
791 2242 1004 2295 confessi,
1041 2257 1094 2286 ae
1127 2242 1292 2287 ceteris
1324 2242 1539 2287 omnibus
1571 2243 1790 2287 absolutis
1833 2257 1939 2287 con-

153 2324 429 2380 ditionibus,
460 2325 494 2369 si
529 2339 645 2384 quae
679 2324 915 2370 iniunctae
956 2325 1153 2382 fuerint,
1192 2327 1289 2371 loco
1322 2341 1478 2371 sacrae
1512 2327 1862 2372 Communionis
1895 2332 1940 2371 et

156 2407 457 2462 visitationis,
493 2408 579 2453 alia
615 2408 683 2466 pia
718 2423 855 2466 opera
888 2424 912 2453 a
948 2410 1206 2468 respective
1247 2410 1532 2455 Confessario
1577 2410 1858 2468 iniungenda
1890 2410 1939 2455 fi-

153 2488 317 2534 deliter
348 2490 630 2548 adimpleant
653 2490 683 2536 ⁸.
736 2491 799 2535 Ad
833 2492 1130 2550 supplendam
1167 2492 1487 2550 impotentiam
1525 2506 1680 2550 preces
1712 2492 1936 2538 recitandi

155 2571 387 2618 iniunctas
421 2587 500 2631 pro
533 2573 845 2632 indulgentiis,
881 2589 968 2633 qua
1002 2576 1294 2620 destinentur
1328 2576 1650 2631 Surdo-Muti,
1686 2576 1830 2620 latum
1870 2579 1940 2621 est

153 2656 389 2702 decretum
413 2671 438 2702 a
463 2659 503 2701 S.
531 2661 576 2703 C.
608 2658 703 2702 Ind.
727 2657 799 2702 die
827 2658 878 2703 15
904 2662 1038 2703 mart.
1064 2658 1203 2703 18521'·
1230 2658 1360 2703 cuius
1384 2658 1428 2702 vi
1456 2658 1677 2702 statuitur
1699 2676 1707 2702 :
1749 2659 1786 2715 1)
1810 2658 1938 2711 Quod

151 2738 188 2782 si
223 2739 345 2784 inter
377 2754 512 2799 opera
536 2755 616 2799 pro
642 2741 860 2786 lucranda
893 2741 1180 2799 Indulgentia
1216 2741 1512 2801 praescripta,
1538 2742 1596 2787 sit
1620 2741 1825 2787 visitatio
1857 2741 1936 2786 ali·

275 2876 283 2895 ¹
315 2876 347 2912 S.
375 2877 508 2923 Congr.
538 2879 681 2924 Indulg.
712 2879 753 2915 12
783 2881 856 2917 iun.
887 2880 990 2917 1822.
1019 2881 1165 2918 Collecl.
1195 2891 1229 2916 n.
1259 2881 1359 2917 1055.

272 2949 283 2967 ²
312 2949 345 2985 S.
373 2949 505 2995 Congr.
533 2951 618 2988 Indi
632 2951 679 2997 lg.
710 2952 745 2987 ln
774 2953 992 2989 Meehlinien.
1021 2953 1078 2988 ‹lie
1108 2952 1151 2988 15
1177 2954 1255 2989 dec.
1287 2953 1386 2990 1841.
1415 2954 1566 2990 Collect.
1595 2965 1629 2990 n.
1661 2955 1763 2991 1058.

274 3019 286 3038 ³
314 3020 347 3056 S.
375 3020 510 3066 Congr.
537 3022 680 3068 Indulg.
711 3024 754 3058 18
781 3029 872 3069 sept.
904 3024 993 3060 1862
1021 3030 1057 3060 et
1086 3025 1128 3061 16
1157 3026 1226 3061 ian.
1257 3026 1358 3062 1855.
1387 3026 1535 3064 Collect.
1562 3037 1595 3063 n.
1629 3027 1730 3064 1044.

273 3090 285 3109 '⁴
311 3091 459 3127 Collect.
487 3102 520 3128 n.
552 3093 652 3129 1042.
