2176 3386
0 0 417 107 vuffa-:vr
453 0 463 7 ’

14 87 50 124 ‘¹1⁷⁴‘
149 103 152 106 .

502 172 630 201 mmm
659 172 683 200 1.
715 171 772 200 DE
803 169 941 199 REBus
970 169 1207 198 eccm-:sue
1237 167 1563 197 smmTUALmUS
1848 154 1925 194 133

141 280 188 325 in
221 279 371 325 Africa
405 281 452 323 et
482 276 528 321 in
564 275 699 332 Sinis,
734 274 986 320 dummodo
1017 273 1134 318 adsit
1168 285 1438 327 consensus,
1488 278 1740 317 censentur
1773 272 1922 318 valida

139 369 191 409 ut
223 378 314 409 non
347 363 489 408 semel
524 360 781 406 declaravit
814 363 854 404 S.
894 358 1029 403 [niv.
1070 357 1323 418 lnquisitio.

606 546 623 592 g
650 547 684 582 6.
712 565 754 571 —
783 546 843 582 De
869 544 1156 592 impedimento
1184 543 1454 590 impotentiae.

255 693 356 737 895.
395 691 520 737 Licet
552 690 736 748 nuptias
770 703 863 733 non
898 686 1189 744 concubitus,
1225 687 1302 732 sed
1336 700 1588 732 consensus
1620 687 1776 745 faciat,
1802 691 1849 732 et
1870 687 1920 731 li-

135 779 210 821 cet
241 773 514 820 concubitus
544 773 601 818 ad
645 771 931 818 matrimonii
976 771 1223 816 veritatem
1268 784 1361 815 non
1405 770 1694 830 requiratur,
1739 775 1918 816 certum

134 864 293 904 tamen
326 861 410 915 est,
449 857 707 902 maritalem
743 860 918 901 statum
953 855 1008 900 ad
1044 855 1160 899 tilios
1194 855 1501 913 procreandos
1532 869 1557 900 a
1591 859 1756 900 natura
1781 855 1919 900 fuisse

135 940 399 985 invectum:
445 939 553 984 hinc
595 938 801 997 potentia
844 940 900 983 ad
945 938 1207 983 coeundum
1252 937 1509 982 necessaria
1550 937 1706 983 estad
1740 942 1920 983 contra-

135 1028 261 1069 ctum
297 1022 718 1078 matrimonialem,
769 1027 816 1067 et
855 1021 891 1066 si
931 1021 1032 1081 quis
1074 1022 1249 1067 laboret
1292 1022 1480 1080 physica
1514 1021 1787 1080 impotentia
1821 1023 1920 1067 sive

133 1107 349 1165 naturali,
379 1107 477 1152 sive
509 1106 805 1163 accidentali,
842 1104 1137 1150 antecedenti
1172 1108 1217 1149 et
1252 1109 1487 1164 perpetua,
1522 1105 1738 1150 inhabilis
1770 1106 1917 1151 estad

135 1190 317 1247 nuptias
350 1190 704 1235 contrahendas,

253 1275 355 1319 896.
395 1273 669 1331 lmpotentia
702 1272 790 1318 alia
831 1278 900 1317 est
931 1272 1168 1329 absoluta,
1219 1286 1307 1331 qua
1349 1272 1450 1331 quis
1482 1278 1551 1318 est
1586 1273 1816 1332 impotens
1851 1288 1917 1318 re-

133 1365 290 1418 spectu
325 1359 559 1415 omnium;
604 1359 690 1403 alia
727 1359 1017 1418 respectiva,
1068 1373 1156 1416 qua
1201 1358 1302 1418 quis
1334 1364 1403 1403 est
1438 1359 1667 1418 impotens
1706 1363 1914 1418 respectu

132 1442 324 1487 alicuius
357 1447 556 1487 tantum.
595 1447 647 1487 Et
680 1446 876 1502 utraque
910 1442 1219 1486 subdividitur
1251 1442 1297 1486 in
1327 1447 1594 1500 perpetuam
1619 1447 1666 1487 et
1688 1447 1915 1502 tempora-

131 1526 237 1571 lem.
276 1530 498 1583 Perpetua
531 1530 601 1570 est
632 1540 701 1581 ea,
737 1539 853 1585 quae
887 1525 983 1570 tolli
1018 1525 1181 1585 nequit
1202 1526 1300 1570 sine
1326 1525 1564 1581 miraculo,
1595 1528 1665 1571 vel
1689 1526 1789 1572 sine
1815 1542 1914 1585 pec·

130 1614 250 1665 cato,
289 1610 359 1654 vel
393 1609 491 1654 sine
527 1610 650 1653 vitae
687 1609 902 1666 periculo.
940 1609 1235 1668 Temperans,
1261 1624 1378 1669 quae
1400 1610 1495 1654 tolli
1523 1614 1671 1667 potest
1693 1610 1791 1656 sine
1816 1625 1915 1669 pec-

130 1696 250 1747 cato,
289 1691 411 1736 vitae
445 1691 663 1750 periculo,
699 1696 746 1737 et
781 1692 1019 1748 miraculo,
1057 1693 1232 1738 scilieet
1266 1692 1428 1737 mediis
1470 1692 1630 1751 licitis,
1673 1693 1916 1739 ordinariis

130 1775 228 1820 sive
262 1776 547 1821 naturalibus
580 1776 678 1821 sive
711 1777 1154 1835 supernaturalibus,
1180 1782 1231 1822 ut
1254 1777 1478 1835 precibus,
1515 1777 1785 1822 exorcismis
1808 1791 1915 1822 con-

130 1864 200 1904 tra
235 1859 458 1904 maleficia
491 1864 580 1904 etc.

248 1943 349 1988 897.
390 1947 598 1988 lamvero
634 1943 907 2003 impotentia
950 1949 1167 2002 perpetua
1209 1945 1491 1990 antecedens
1535 1945 1912 2001 matrimonium,

127 2027 343 2086 quamvis
374 2041 421 2071 se
454 2031 613 2072 teneat
645 2042 703 2072 cx
739 2033 866 2086 parte
899 2027 1053 2084 unius,
1091 2028 1198 2072 illud
1232 2028 1383 2073 irritat
1416 2034 1513 2073 tum
1551 2029 1647 2074 iure
1670 2029 1911 2083 canonico,

129 2114 180 2153 ut
214 2113 338 2167 patet
371 2123 428 2154 ex
463 2109 595 2154 titulo
628 2110 682 2155 de
718 2110 891 2168 frigidis
923 2115 1032 2167 etc.‚
1070 2116 1168 2156 tum
1206 2112 1303 2157 iure
1337 2112 1563 2158 naturali:
1608 2113 1714 2173 quia
1758 2114 1914 2159 matri-

130 2192 336 2237 monium
371 2192 579 2238 consistit
612 2193 656 2237 in
684 2198 843 2239 mutua
870 2194 1116 2240 traditione
1142 2196 1380 2254 potestatis
1402 2196 1605 2254 eorporis
1623 2197 1678 2241 ad
1702 2198 1912 2255 copulam
1934 2184 1947 2198 ’

126 2280 281 2333 aptam
317 2277 619 2333 generationi.
657 2280 714 2323 At
751 2277 1022 2336 impotentia
1057 2283 1275 2336 perpetua
1310 2294 1367 2324 ex
1404 2284 1567 2324 natura
1602 2279 1683 2335 rei,
1721 2280 1910 2339 ideoque

129 2359 225 2404 iure
260 2360 474 2415 naturali,
511 2360 701 2419 impedit
733 2362 872 2406 talem
908 2361 1234 2420 traditionem
1281 2377 1417 2408 nemo
1461 2362 1586 2407 enim
1633 2367 1781 2421 potest
1821 2368 1912 2407 tra-

125 2442 232 2488 dere
267 2447 541 2501 potrstatem
573 2448 722 2500 actus,
757 2458 896 2503 quem
931 2445 1056 2491 nullo
1091 2446 1226 2491 modo
1259 2447 1398 2491 habet
1441 2448 1486 2491 in
1531 2460 1611 2491 sua
1658 2451 1911 2504 potestate,

125 2539 210 2571 nec
242 2539 290 2571 se
323 2526 522 2585 obligare
555 2528 610 2572 ad
645 2527 704 2583 id,
741 2528 859 2588 quod
893 2528 1002 2574 dare
1037 2529 1109 2574 vel
1144 2530 1295 2574 facere
1332 2530 1515 2585 nequit,
1552 2531 1666 2586 {cum
1707 2533 1913 2587 impossi-

124 2609 287 2653 bilium
321 2610 458 2655 nulla
491 2611 708 2669 obliyatio
739 2614 798 2656 sit
823 2612 852 2656 ¹.
889 2615 1039 2666 Quare
1072 2612 1345 2671 impotentia
1370 2618 1589 2672 perpetua
1612 2613 1818 2658 absoluta
1846 2613 1910 2659 di-

124 2692 251 2737 rimit
286 2693 633 2739 matrimonium
671 2699 879 2753 respectu
913 2697 1151 2753 omnium;
1206 2697 1459 2755 respectiva
1506 2698 1653 2742 solum
1699 2703 1909 2757 respectu

63 2782 65 2786 '
126 2775 244 2821 illius
278 2791 498 2835 personae
531 2779 587 2822 ad
620 2792 760 2837 quam
795 2782 878 2823 est.
918 2779 1194 2838 lmpotentia
1231 2794 1340 2825 vero
1376 2780 1639 2838 temporalis
1663 2782 1788 2825 nullo
1812 2780 1911 2826 iure

125 2859 277 2905 irritat
309 2861 676 2918 matrimonium,
712 2877 752 2907 c.
790 2865 814 2908 6
849 2863 903 2908 de
938 2863 1087 2921 frigid.

245 3047 252 3066 ¹
281 3048 320 3085 L.
346 3048 392 3085 46
418 3048 462 3086 de
487 3059 563 3095 reg.
591 3050 658 3087 iur.
