2176 3386
243 181 323 221 244
916 189 1026 219 PARS
1054 190 1095 218 11.
1125 189 1182 218 DE
1212 188 1352 218 manus

244 298 334 344 erit
357 318 376 338 n
421 298 488 343 uti
522 303 680 344 monet
722 301 939 344 Summus
972 296 1181 342 Pontifex
1221 300 1307 340 Leo
1342 299 1458 350 XIII,
1492 295 1539 340 in
1577 295 1711 354 Epist.
1756 299 1926 354 Encyc.
1968 295 2025 340 ad

187 375 190 380 ’
243 382 385 427 totius
417 381 538 427 orbis
573 381 816 440 Episcopus
842 381 872 436 ¹,
911 401 931 421 a
957 379 1186 425 artificum
1230 384 1368 439 atque
1411 378 1626 438 opiticum
1671 379 1920 426 Societates
1961 379 2024 424 fo-

247 484 265 505 a
299 479 440 521 vere,
475 478 591 524 quae
624 464 708 509 sub
738 463 971 521 religionis
1018 454 1160 508 tutela
1209 462 1523 518 constitutae,
1559 475 1720 507 omnes
1762 461 1908 507 socios
1944 474 2024 506 sua

247 566 266 588 a
293 552 415 592 sorte
449 550 694 592 contentos
726 560 1008 606 operumque
1043 546 1271 604 patientes
1303 545 1534 601 efficiant,
1569 550 1616 590 et
1647 545 1704 590 ad
1735 544 1939 605 quietam
1971 557 2026 588 ac

249 651 268 671 a
296 631 592 690 tranquillam
629 630 772 675 vitam
807 630 1031 688 agendam
1065 629 1290 674 inducant
1318 648 1356 674 n.

374 716 497 760 1144.
535 715 749 760 Graviter
779 718 937 758 tamen
963 713 1106 759 illiciti
1141 717 1294 758 essent
1327 713 1388 758 illi
1422 716 1683 758 conventus
1711 727 1736 758 e
1756 712 1919 772 quibus
1951 727 2026 772 pe-

249 799 445 844 riculum
480 798 737 852 turbarum,
774 797 1002 853 caedium,
1039 796 1360 841 incendiorum
1395 795 1608 841 oriretur.

374 882 500 926 1145.
538 886 686 935 Quare
731 880 968 926 catholicis
1014 879 1232 939 operariis
1280 879 1405 925 nullo
1453 880 1585 924 modo
1632 879 1835 937 permitti
1878 883 2028 937 posset

252 963 446 1009 iniuriae
479 964 746 1009 inferendae
783 964 853 1008 vel
887 977 1072 1021 operam
1107 964 1231 1019 dare,
1268 963 1359 1017 vel,
1390 962 1572 1022 quando
1604 962 1651 1006 in
1685 961 1882 1007 comitiis
1929 975 2028 1007 cae-

251 1054 325 1094 tus
357 1047 524 1108 aliquid
560 1048 782 1093 iniustum
806 1046 1085 1100 decernitur,
1121 1046 1161 1090 ei
1195 1045 1408 1103 suffragio
1441 1059 1522 1090 suo
1555 1045 1782 1090 assentiri.

376 1133 503 1177 1146.
540 1131 665 1186 Quod
700 1130 736 1175 si
770 1131 886 1175 forte
919 1130 1053 1174 dubia
1088 1143 1208 1174 nova
1242 1128 1467 1183 oriantur,
1503 1142 1615 1173 num
1650 1130 1762 1173 haec
1793 1128 1929 1173 illave
1961 1141 2029 1173 so-

253 1216 394 1261 cietas
426 1215 472 1259 in
506 1218 658 1260 Const.
697 1220 844 1271 4ρο31.
883 1214 1010 1257 Sedis
1031 1212 1467 1270 comprehendatur,
1490 1211 1601 1270 quin
1634 1210 1767 1255 dubia
1804 1210 1876 1255 illa
1906 1214 2031 1255 certo

254 1298 347 1343 tolli
384 1298 573 1356 possint,
609 1297 804 1355 petenda
838 1297 941 1351 erit,
977 1295 1190 1342 omnibus
1221 1295 1501 1340 adamussim
1528 1293 1747 1352 expositis
1779 1307 1932 1338 rerum
1956 1293 2031 1338 ad-

254 1380 439 1435 iunctis,
474 1380 642 1425 decisio
677 1381 717 1424 S.
757 1378 895 1423 Sedis.

1004 1571 1182 1615 CAPI‘T
1217 1573 1289 1614 III.

632 1701 693 1736 DE
721 1700 1049 1737 IURlSlURANDI
1077 1700 1134 1736 ET
1162 1700 1222 1736 DE
1251 1699 1363 1736 VOTI
1391 1699 1660 1735 RELIGIONE.

378 1830 505 1874 1147.
543 1829 605 1873 Ad
639 1828 784 1873 officia
833 1829 996 1888 quibus
1030 1829 1166 1874 homo
1200 1843 1305 1886 erga
1343 1833 1483 1873 Deum
1519 1829 1797 1882 devincitur,
1838 1828 2036 1887 pertinet

259 1913 572 1957 iuramentum
606 1926 658 1957 ac
696 1918 853 1957 votum
887 1911 1050 1972 quibus
1096 1912 1307 1957 homines
1358 1912 1620 1970 frequenter
1672 1915 1811 1955 Deum
1861 1911 2032 1956 colunt.

261 1997 467 2042 Breviter
491 1996 679 2056 proinde
712 2001 758 2039 et
790 1996 845 2040 de
878 1995 1156 2051 iuramento,
1191 2009 1244 2039 ac
1277 1995 1331 2040 de
1368 1999 1475 2039 voto
1510 1994 1731 2039 dicemus.

1001 2207 1234 2238 Auricunus
1267 2209 1295 2236 1.

934 2315 999 2358 De
1038 2313 1365 2358 iureiurando.

386 2434 511 2478 1148.
549 2435 866 2477 [uramentum
901 2437 995 2476 est:
1046 2433 1286 2477 Invocatio
1334 2433 1487 2476 divini
1527 2434 1733 2476 'nominis
1763 2434 1814 2475 in
1849 2433 2039 2476 testimo-

264 2519 398 2560 nium
430 2518 654 2560 veritatis.
707 2519 1023 2560 [uramentum
1071 2519 1228 2559 autern
1276 2515 1424 2559 emitti
1480 2514 1615 2560 debet
1657 2514 1703 2559 in
1742 2517 1959 2569 veritate,
1994 2513 2041 2558 in

263 2603 458 2655 iustitia,
493 2599 540 2644 in
575 2600 746 2644 iudicio
770 2599 802 2654 ²,
837 2603 1065 2658 quatenus
1100 2602 1218 2643 Deus
1250 2598 1572 2643 tantummodo
1606 2597 1653 2642 in
1678 2596 1887 2642 veritatis
1917 2596 2042 2642 testi·

265 2683 473 2728 monium
522 2682 790 2738 invocetur,
827 2681 1012 2727 nonnisi
1050 2681 1097 2726 in
1139 2681 1310 2726 iustitia
1354 2681 1670 2726 iuramentum
1713 2679 1953 2741 emittatur
1986 2693 2044 2724 ne

266 2768 346 2814 fiat
376 2767 634 2827 iniquitatis
667 2767 904 2812 vinculum
923 2767 956 2821 ³,
988 2771 1035 2811 et
1057 2766 1242 2811 tandem
1267 2764 1419 2810 debita
1453 2764 1744 2810 advertentia
1777 2769 1823 2809 et
1854 2763 2043 2809 consilio

385 2923 394 2941 ¹
424 2923 516 2959 Data
541 2922 599 2959 (110
626 2922 672 2958 28
697 2922 775 2959 dec.
805 2921 907 2960 1878.

387 2992 399 3011 ¹
426 2993 553 3030 Ierein.
580 2993 642 3038 IV,
670 2992 704 3029 Ξ.

388 3065 401 3084 ³
427 3066 516 3112 Cap.
546 3065 600 3108 18,
627 3065 690 3101 lib.
715 3064 748 3108 2,
777 3065 830 3101 tit.
855 3062 901 3100 24
927 3064 967 3100 in
991 3062 1252 3100 decretalibus.
