2176 3386
499 199 629 229 Lim-:n
658 200 682 228 1.
719 199 775 227 Dr:
806 197 944 226 minus
973 196 1209 226 ECCLESIAE
1237 195 1564 224 SP1R1TUAL113US
1853 184 1930 223 117

259 309 302 353 4.
348 307 582 366 Sponsalia
629 306 970 351 dissolvuntur:
1020 305 1064 360 l)
1103 308 1265 348 Mutuo
1307 303 1458 360 sponsi
1501 307 1545 347 et
1586 317 1778 361 sponsae
1825 317 1933 348 con-

145 407 297 439 sensu.
340 395 502 436 Omnis
532 391 676 446 enim,
712 405 785 435 res
815 404 902 448 per
934 398 1248 448 quascumque
1271 401 1440 432 causas
1464 376 1691 442 nascitur,
1716 401 1801 444 per
1832 402 1931 433 eas-

143 480 246 522 dem
293 475 615 534 dissolvitur&
653 474 786 533 idque
819 474 903 544 etsi
940 472 1111 517 fuerint
1162 471 1421 516 iuramento
1470 471 1678 516 firmata:
1731 470 1836 530 quia
1881 471 1926 516 in

142 560 266 606 omni
302 559 564 603 iuramento
615 557 908 617 promissorio
945 555 1304 614 subintelligitur
1337 555 1565 610 conditio,
1607 558 1706 600 Nisi
1732 558 1930 612 promis-

141 646 301 689 sarius
331 645 553 686 remittat.
599 641 730 685 Modo
765 644 922 684 tamen
957 639 1094 684 ambo
1138 638 1232 682 sint
1266 638 1484 696 puberes,
1524 652 1632 682 nam
1678 637 1939 696 impuberes

142 731 250 771 ante
284 725 571 784 pubertatem
606 723 780 768 resilire
807 737 899 768 non
936 727 1130 781 possunt
1153 722 1184 766 2.
1221 723 1262 777 2)
1293 726 1376 766 Per
1410 721 1759 766 matrimonium
1790 720 1939 765 valide

143 812 433 854 contractum
474 822 579 852 cum
614 806 701 851 alia
737 821 964 865 persona,
1002 805 1219 866 quamvis
1251 804 1477 864 sponsalia
1513 805 1687 849 fuerint
1724 804 1873 849 iurata
1906 805 1937 828 ⁸·

143 892 185 946 5)
213 895 297 936 Per
328 890 663 948 superveniens
691 889 1078 948 impedimentum
1115 889 1466 933 matrimonium
1500 889 1738 944 dirimens,
1765 903 1838 933 ex.
1865 903 1929 947 gr.

143 973 415 1019 affinitatem
449 974 571 1018 inter
603 987 795 1032 sponsos
845 977 1167 1028 contractam,
1204 988 1260 1017 ex
1298 973 1433 1017 unius
1472 973 1778 1018 fornicatione
1826 987 1931 1018 cum

142 1070 336 1117 persona
368 1057 709 1114 consanguinea
744 1055 941 1101 alterius
974 1056 1019 1100 in
1057 1056 1202 1114 primo
1238 1057 1309 1101 vel
1342 1058 1544 1102 secundo
1579 1058 1736 1114 gradu.
1773 1059 1816 1114 4)
1857 1063 1938 1102 Per

143 1142 391 1186 discessum
427 1141 563 1185 unius
597 1141 642 1184 in
679 1140 918 1199 regionem
954 1141 1253 1200 longinquam
1287 1140 1386 1185 sine
1420 1154 1646 1186 consensu
1690 1141 1879 1186 alterius
1903 1141 1936 1195 ⁸,

145 1239 251 1269 nam
279 1225 537 1282 digrediens
570 1229 787 1268 censetur
820 1222 903 1267 iuri
942 1237 1023 1268 suo
1057 1224 1234 1269 cedere.
1278 1225 1320 1278 5)
1358 1228 1487 1268 quta
1524 1225 1707 1279 multos,
1745 1239 1825 1283 per
1859 1238 1939 1269 no·

143 1309 329 1353 tabilem
366 1322 542 1352 moram
575 1307 852 1365 culpabilem
887 1307 1039 1364 sponsi
1076 1307 1147 1352 vel
1182 1321 1374 1365 sponsae
1410 1308 1455 1352 in
1490 1309 1806 1353 contrahendo
1843 1323 1940 1353 ma-

144 1391 363 1435 trimonio
397 1391 516 1435 intra
544 1396 726 1447 tempus
759 1390 1083 1436 constitutum.
1121 1390 1234 1445 Quia
1263 1391 1339 1449 qui
1364 1396 1432 1435 est
1469 1392 1513 1435 in
1551 1392 1625 1435 tali
1662 1406 1804 1447 mora,
1831 1406 1937 1436 cen-

146 1479 273 1521 setur
303 1475 435 1520 alteri
459 1474 786 1533 obligationem
815 1475 1066 1530 remittere,
1092 1476 1307 1532 quamvis
1331 1474 1423 1532 ipse
1447 1490 1501 1519 ex
1532 1480 1656 1533 parte
1683 1489 1762 1519 sua
1787 1476 1936 1522 adhuc

145 1565 374 1614 teneatur,
411 1560 445 1603 si
484 1559 610 1603 alter·
634 1559 746 1603 velit
780 1559 1131 1603 matrimonium
1167 1558 1305 1603 inire:
1344 1573 1450 1602 nam
1485 1559 1616 1616 culpa
1652 1573 1743 1603 non
1776 1559 1936 1604 liberat

146 1658 251 1688 eum
288 1644 344 1687 ab
377 1643 652 1700 obligatione
687 1647 952 1699 contracta,
1000 1643 1111 1687 alias
1144 1642 1439 1687 commodum
1475 1656 1532 1686 ex
1567 1642 1698 1700 culpa
1733 1646 1935 1699 reporta-

149 1731 230 1771 ret.
283 1728 324 1783 6)
363 1731 444 1770 Per
478 1726 832 1770 fornicationem
878 1725 1028 1783 sponsi
1067 1726 1137 1769 vel
1188 1737 1380 1782 sponsae
1429 1738 1535 1769 cum
1570 1724 1705 1769 tertia
1740 1739 1933 1783 persona

148 1814 248 1868 post
295 1809 519 1869 sponsalia
555 1810 638 1854 elsi
673 1809 821 1853 iurata
848 1810 877 1853 ⁵.
932 1809 1029 1853 Sola
1067 1814 1222 1853 lamen
1273 1821 1376 1866 pars
1422 1808 1646 1853 innocens
1681 1808 1819 1853 libera
1853 1814 1937 1863 est,

150 1907 234 1938 nec
269 1893 476 1951 privatur
500 1893 596 1937 iure
620 1907 701 1938 suo
727 1893 785 1937 ob
809 1892 1001 1936 alterius
1034 1893 1233 1950 culpam.
1271 1894 1470 1950 Sponsus
1493 1906 1620 1946 vero,
1647 1891 1722 1950 qui
1757 1891 1940 1949 cognito

148 1991 228 2022 suo
263 1977 359 2020 iure
392 1977 640 2032 resiliendi,
676 1977 897 2034 cognovit
931 1975 1179 2020 carnaliter
1212 1990 1444 2034 sponsam,
1484 1981 1667 2020 tenetur
1701 1976 1822 2020 illam
1858 1975 1936 2020 du-

148 2075 268 2116 cere,
307 2075 413 2104 nam
449 2076 527 2119 per
561 2061 645 2105 hoc.
680 2064 897 2104 censetnr
939 2073 1020 2104 suo
1044 2059 1139 2103 iuri
1178 2060 1491 2114 renuntiasse,
1528 2065 1574 2103 et
1606 2056 1832 2117 sponsalia
1868 2073 1936 2103 re-

150 2157 359 2189 novasse.
396 2145 438 2199 7)
478 2147 560 2188 Per
593 2143 921 2201 professionem
958 2144 1095 2187 unius
1129 2142 1175 2187 in
1213 2143 1431 2200 religione
1467 2144 1733 2201 approbata,
1759 2146 1838 2186 aut
1862 2157 1942 2201 per

149 2228 487 2286 susceptionem
521 2227 703 2272 Ordinis
738 2229 871 2282 sacri,
897 2217 1002 2272 cum
1036 2232 1228 2286 utraque
1265 2227 1547 2272 matrimonii
1585 2227 1938 2285 incapacitatem

151 2313 311 2370 pariat.
347 2313 389 2367 8)
426 2315 494 2356 Ob
525 2311 783 2371 quamlibet*
814 2311 1120 2355 mutationem
1173 2310 1421 2355 notabilem
1455 2310 1502 2354 in
1536 2310 1680 2355 altero
1721 2322 1939 2367 superve-

149 2395 354 2439 nientem
389 2395 690 2454 sponsalibus,
727 2408 845 2454 qnae
877 2394 911 2438 si
949 2395 1072 2452 prius
1105 2394 1350 2451 extitisset,
1389 2408 1414 2438 a
1447 2393 1735 2451 sponsalibus
1775 2392 1940 2436 merito

151 2479 495 2535 absterruisset,
532 2483 577 2523 et
610 2481 666 2523 ob
698 2486 836 2537 quam
871 2491 1123 2522 consensus
1169 2477 1301 2521 datus
1340 2491 1432 2521 non
1472 2481 1746 2531 censeatur,
1782 2489 1943 2520 secun—

151 2563 259 2607 dum
295 2563 493 2621 prudens
516 2561 752 2617 iudicium,
779 2562 967 2606 extendi
1001 2562 1056 2606 ad
1091 2562 1229 2606 talem
1265 2574 1453 2616 casum;
1490 2565 1539 2603 nt
1572 2559 1605 2604 si
1641 2558 1942 2617 superxeniat

152 2645 367 2690 notabilis
398 2635 680 2700 deformitas,
706 2644 787 2690 aut
822 2644 1299 2701 infirmitas,'morbus
1332 2644 1640 2701 contagiosus,
1671 2641 1898 2687 mutilatio
1922 2643 1940 2666 ⁶

272 2800 281 2819 ¹
310 2801 395 2847 Cap.
425 2802 441 2836 1
470 2801 513 2837 de
541 2811 615 2846 reg.
645 2801 710 2837 iur.

271 2873 282 2891 ²
310 2873 346 2909 C.
375 2874 393 2909 7
421 2873 465 2909 de
491 2873 654 2917 spinsal.
681 2872 861 2918 impuber.

273 2944 285 2963 ³
311 2945 366 2980 Ex
393 2954 472 2990 cap.
498 2943 543 2980 22
568 2950 605 2980 et
630 2944 672 2980 51
701 2944 746 2980 de
774 2943 936 2989 sponsal.

270 3015 283 3035 ¹·
310 3015 347 3053 C.
373 3015 395 3052 5
422 3015 467 3052 de
493 3015 656 3062 sponsal.

271 3086 284 3105 ‘⁵
311 3085 348 3122 C.
375 3085 421 3122 25
446 3082 491 3123 de
518 3086 665 3123 iureiur.

272 3155 286 3177 ⁸
311 3157 367 3194 Ex
392 3168 423 3194 c.
449 3156 495 3194 25
520 3157 564 3194 de
591 3158 739 3195 iureiur.
