2176 3386
514 274 643 303 LIBER
671 274 695 302 1.
727 274 782 301 DE
814 273 951 302 REBUS
981 272 1214 301 ECCLESIAE
1243 272 1569 301 SPIRITUALIBUS
1859 261 1935 301 145

146 394 296 439 qaam
327 381 615 437 publicatum
648 379 755 437 fuit,
790 379 861 423 vel
893 391 1159 436 numquam
1197 377 1490 422 observatum
1533 375 1774 436 tquuam
1819 381 1935 423 eius-

154 465 282 509 modi
314 464 506 510 Concilii
535 466 786 517 decretum,
822 462 893 507 vel
923 463 964 506 si
993 461 1184 520 quando
1216 461 1507 505 observatum
1531 460 1638 517 suit,
1664 461 1800 518 lonyo
1826 462 1936 507 dein

148 551 373 605 temporis
406 548 654 593 mtervallo
685 549 736 590 in
769 546 1120 590 desuetudinem
1161 545 1274 589 abiit
1302 545 1331 588 ¹.
1381 544 1621 598 Quodnam
1665 557 1776 588 vero
1821 547 1936 589 tem·

153 632 277 689 poris
309 630 604 675 intervallum
647 628 907 688 requiratur
951 628 1006 672 ad
1051 629 1171 672 hanc
1210 627 1561 672 desuetudinem
1607 627 1933 683 inducendam,

146 713 334 758 deliniri
368 713 622 771 generatim
656 713 833 771 nequit,
869 712 944 756 sed
980 711 1025 755 in
1061 710 1242 756 casibus
1275 709 1626 768 particularibus
1659 709 1794 755 Sedes
1824 713 1936 767 Apo-

153 797 312 842 stolica
347 803 416 841 est
448 796 743 841 consulenda.
781 799 880 840 Non
915 794 1147 861 quaelibet
1179 798 1334 838 autem
1370 794 1679 849 consuetudo,
1721 794 1797 838 sed
1840 795 1935 839 lon-

148 880 328 938 gissimi
363 879 596 938 temporis,
631 879 806 923 scilicet
842 879 924 922 '100
956 892 1206 933 annorum,
1243 878 1462 935 abrogare
1497 882 1644 936 potest
1677 878 1932 922 decretum.

154 964 348 1018 Quando
382 962 597 1007 Parochia
632 962 676 1006 in
710 975 798 1020 qua
833 963 952 1006 facta
988 961 1074 1005 fuit
1106 961 1354 1019 publicatio
1387 961 1610 1005 dividitur
1633 961 1678 1005 in
1703 962 1835 1017 duas,
1861 977 1938 1006 ne·

149 1059 281 1091 cesse
315 1060 407 1090 non
442 1051 510 1090 est
544 1059 664 1090 nova
699 1045 944 1105 publicatio
978 1044 1023 1088 in
1051 1058 1171 1089 nova
1197 1044 1426 1102 parocbia.
1464 1045 1592 1099 Quod
1616 1045 1651 1088 si
1678 1045 1936 1102 parochiae,

156 1130 204 1174 iu
238 1144 326 1188 qua
359 1130 594 1174 decretum
631 1128 755 1185 viget
787 1127 1064 1186 adiungatur
1097 1129 1221 1172 locus
1260 1128 1303 1172 in
1338 1142 1428 1186 quo
1454 1142 1542 1172 non
1584 1128 1828 1186 obligabat,
1866 1131 1938 1175 vel

151 1213 193 1257 si
229 1213 463 1271 paroeciae
498 1212 543 1256 in
578 1226 665 1271 qua
698 1212 934 1256 decretum
973 1225 1061 1255 non
1099 1210 1267 1268 obligat
1300 1211 1580 1269 adiungatur
1612 1213 1737 1256 locus
1770 1212 1816 1256 in
1850 1227 1940 1272 quo

152 1295 416 1353 obligabat,
465 1295 509 1339 in
546 1294 682 1353 priori
717 1307 857 1350 casu,
899 1295 1023 1338 locus
1056 1294 1302 1339 adiunctus
1336 1295 1449 1338 liber
1481 1300 1548 1339 est
1581 1310 1605 1338 a
1639 1294 1854 1351 decreto,
1892 1296 1938 1340 in

160 1378 395 1437 posteriori
433 1393 541 1422 vero
578 1383 733 1422 manet
766 1378 997 1422 subiectus
1033 1378 1233 1422 decreto.
1288 1377 1460 1422 Eximit
1504 1378 1561 1421 ab
1593 1378 1691 1422 eius
1723 1378 1935 1423 observa-

158 1463 284 1507 tione
309 1461 646 1519 impossibilitas
671 1461 857 1519 pbysica
884 1461 955 1506 vel
982 1461 1179 1505 moralis.
1210 1461 1324 1505 Hinc
1348 1461 1531 1519 quando
1557 1462 1785 1506 Parochus
1807 1462 1937 1506 alius·

156 1560 247 1605 que
280 1550 548 1603 competens
579 1544 691 1589 adiri
728 1545 886 1604 nequit
920 1545 993 1589 vel
1029 1545 1212 1589 nonnisi
1246 1545 1542 1599 difficillime,
1578 1553 1624 1590 et
1657 1560 1761 1590 cum
1812 1546 1939 1604 gravi

160 1630 378 1688 periculo,
418 1630 538 1672 xalet
582 1628 931 1673 matrimonium
981 1627 1263 1673 clandestine
1313 1633 1622 1673 contractum.
1678 1630 1940 1674 Notandum

160 1727 271 1757 vero
305 1726 443 1770 grave
478 1711 822 1756 incommodum
855 1714 1207 1758 communitatis
1241 1715 1423 1756 tantum
1458 1712 1663 1757 eximere
1702 1713 1758 1757 ab
1791 1714 1940 1757 obser-

160 1796 349 1841 vatione
382 1796 570 1851 decreti,
608 1810 698 1840 non
734 1809 844 1840 vero
879 1795 1227 1840 incommodum
1263 1809 1509 1853 personae,
1546 1796 1697 1854 agitur
1729 1797 1852 1841 enim
1887 1797 1941 1841 de

157 1880 346 1924 decreto
379 1879 604 1933 irritante,
642 1879 687 1923 in
721 1893 810 1938 quo
846 1878 1042 1936 primum
1079 1883 1260 1923 tantum
1301 1879 1556 1937 respicitur.
1599 1884 1691 1925 Nec
1730 1881 1941 1938 ignoran-

160 1962 242 2017 tia,
266 1967 345 2007 aut
366 1963 568 2021 epicbeia
594 1962 829 2021 suffragari
856 1967 1060 2020 possunt.
1089 1966 1238 2008 Grave
1263 1967 1418 2008 autem
1445 1963 1790 2009 incommodum
1818 1978 1941 2008 com·

162 2046 405 2091 munitatis
438 2051 652 2091 censetur
684 2047 1011 2101 communiter,
1038 2046 1073 2091 si
1099 2061 1179 2105 per
1204 2061 1408 2091 mensem
1434 2047 1629 2092 difficilis
1650 2047 1709 2092 sit
1734 2061 1943 2093 accessus

155 2131 216 2176 ad
253 2131 522 2175 Paroclium.
563 2135 608 2175 ln
645 2131 697 2174 iis
731 2145 840 2175 vero
874 2131 1068 2186 casibus,
1104 2131 1150 2175 in
1186 2131 1349 2190 quibus
1381 2130 1558 2189 integre
1591 2131 1824 2176 observari
1866 2146 1941 2177 ne-

156 2219 301 2273 queat
332 2214 567 2258 decretum
602 2228 655 2258 eo
687 2214 807 2273 quod
845 2215 1069 2259 Parocbus
1104 2215 1177 2259 vel
1210 2214 1324 2259 alius
1357 2215 1411 2259 ad
1445 2214 1488 2258 id
1523 2214 1728 2259 muneris
1761 2216 1846 2259 rite
1869 2216 1943 2260 de·

161 2298 369 2355 signatus
401 2298 534 2353 absit,
570 2311 622 2341 ac
659 2297 839 2342 nonnisi
875 2297 1139 2343 difficillime
1173 2302 1219 2342 et
1245 2298 1626 2356 periculosissime
1650 2299 1705 2343 ad
1728 2298 1943 2343 eumdem

156 2381 314 2426 aditus
349 2385 516 2439 pateat,
553 2380 657 2424 iniri
691 2381 860 2426 debent
893 2381 1103 2439 coniugia
1138 2395 1292 2426 coram
1328 2383 1503 2427 duobus
1535 2383 1698 2427 saltem
1732 2382 1942 2438 testibus,

165 2462 308 2522 iisque
341 2467 567 2522 quantum
602 2463 798 2518 licuerit,
834 2463 1109 2510 christianis.
1147 2469 1210 2509 lta
1245 2478 1354 2509 vero
1390 2466 1740 2521 contrahentes,
1787 2479 1844 2509 ne
1877 2479 1944 2509 sa·

160 2545 390 2590 cramenti
424 2546 623 2603 dignitas
658 2546 863 2603 vilescat,
898 2547 1159 2605 obligantur
1191 2548 1287 2605 lege
1320 2547 1508 2592 sistendi
1543 2562 1589 2592 se
1622 2562 1777 2593 coram
1811 2552 1943 2593 Paro-

159 2628 269 2683 ·cbo,
307 2629 379 2673 vel
412 2628 716 2686 Missionario,
752 2630 1136 2689 quandocumque
1173 2630 1344 2686 reduci,
1381 2636 1431 2675 ut
1464 2631 1548 2675 rite
1581 2632 1638 2675 ab
1670 2645 1723 2676 eo
1762 2631 1944 2676 benedi-

161 2710 369 2755 ctionem
403 2711 644 2769 accipiant.
671 2712 987 2758 Missionarius
1019 2717 1176 2758 autem
1217 2714 1289 2758 vel
1324 2714 1552 2758 l’arocbus
1575 2715 1736 2769 redux,
1762 2714 1945 2774 quando

163 2793 250 2838 sibi
283 2794 337 2838 de
370 2807 595 2840 consensu
621 2795 868 2854 coniugum
893 2797 1169 2852 constiterit,
1194 2801 1443 2856 antequam
1467 2797 1684 2855 coniuges
1706 2798 1948 2843 benedicat

160 2888 245 2920 cos
276 2876 481 2933 edoceat,
517 2876 738 2922 eiusmodi
772 2878 1142 2925 benedictionem
1177 2879 1230 2922 ad
1269 2878 1406 2923 ritum
1442 2880 1595 2936 unice,
1633 2894 1723 2925 non
1758 2881 1812 2925 ad
1836 2881 1946 2926 vali-

290 3062 297 3080 ¹
328 3063 415 3099 Pius
441 3062 508 3099 Vll
534 3063 573 3099 in
598 3063 703 3101 Brevi
729 3063 775 3100 ad
802 3064 972 3110 Archiep.
999 3064 1272 3110 Mogontinum.

291 3145 605 3178 erELm-Soussm.
629 3165 665 3169 —
683 3146 730 3179 11.
1785 3147 1825 3178 10
