2176 3386
506 259 634 287 LIBER
665 259 688 287 1.
721 259 776 287 DE
808 259 946 288 REBUS
975 260 1209 288 ECCLESIAE
1239 261 1568 290 SPIRITUALIBUS
1880 253 1934 293 35

145 365 356 424 ceptione
403 364 568 423 dignae
611 365 891 423 videantur,
936 366 980 411 id
1030 366 1116 411 illis
1163 382 1188 412 a
1233 367 1586 426 Superioribus⁴¹
1621 368 1929 427 permittatur:

145 449 267 493 Sac⁷·.
303 451 465 506 Congr.
501 450 638 493 Cone.
679 453 806 494 Decr.
844 449 923 495 cit.
962 449 1184 495 Moniales
1220 465 1329 495 xero
1361 465 1478 510 quae
1512 452 1630 496 forte
1655 452 1809 497 minus
1842 453 1930 498 fre-

143 536 340 591 quenter
371 531 615 591 aliquando
647 533 703 576 ad
736 546 913 577 sacram
948 533 1165 592 synaxim
1213 535 1468 590 accedunt,
1506 536 1629 579 nullo
1679 535 1814 581 modo
1853 537 1927 581 ha·

144 614 342 659 beantur
374 616 502 659 velut
535 615 689 660 minus
720 615 950 661 studiosae
985 617 1297 675 perfectionis.

866 835 1098 864 ARTleULUS
1132 837 1192 865 ΙΙΙ.

426 947 490 988 De
523 946 653 989 modo
687 945 1040 991 Eucharistiam
1074 947 1282 1005 infirmis
1314 951 1640 996 ministrandi.

261 1086 358 1131 675.
396 1089 442 1129 ln
478 1084 639 1130 mortis
672 1085 873 1143 periculo
906 1090 1129 1131 tenentur
1162 1087 1315 1132 fideles
1342 1089 1675 1134 Eucharistiam
1700 1090 1925 1148 accipere,

140 1168 490 1227 communisque
528 1172 771 1214 Doctorum
806 1171 1036 1215 sententia
1061 1175 1129 1215 est
1151 1171 1476 1229 obligationem
1503 1173 1621 1218 hane
1644 1174 1790 1219 divini
1817 1175 1928 1220 iuris

140 1267 237 1298 esse
260 1253 291 1298 ².
342 1252 612 1311 Obligantur
644 1253 810 1313 'itaque
856 1255 1042 1300 parochi
1086 1255 1289 1313 graviter
1332 1258 1676 1314 aegrotantibus
1710 1273 1811 1304 eam
1848 1274 1927 1317 per

144 1335 328 1380 modum
365 1335 519 1380 viatici
567 1336 759 1380 deferre.
816 1337 990 1382 Debent
1022 1339 1163 1383 etiam
1207 1354 1258 1384 ea
1297 1339 1419 1385 refici
1457 1346 1603 1386 morte
1636 1341 1844 1386 damuati
1879 1348 1925 1386 rt

140 1418 280 1463 otiam
322 1419 573 1478 neophyti,
608 1420 858 1464 dummodo
892 1420 918 1464 ii
954 1422 1116 1466 saltem
1157 1422 1422 1468 discernant
1464 1424 1671 1469 divinam
1712 1425 1924 1470 Euchari-

139 1501 273 1546 stiam
309 1517 331 1546 a
366 1502 603 1546 communi
649 1518 788 1560 pane,
824 1506 1143 1562 cognoscendo
1185 1510 1231 1550 et
1270 1507 1498 1551 credendo
1533 1507 1578 1551 in
1613 1521 1741 1552 sacra
1777 1509 1925 1555 hostia

142 1586 445 1643 praesentiam
481 1586 643 1632 Christi
683 1588 861 1632 Domini
887 1588 917 1631 ³.

259 1669 359 1713 676.
399 1672 554 1728 Neque
587 1671 727 1715 semel
774 1674 956 1715 tantum
999 1672 1041 1715 in
1079 1672 1236 1716 eadem
1289 1672 1589 1729 infirmitate,
1626 1676 1701 1719 sed
1754 1675 1921 1721 iterum

138 1756 275 1811 atque
307 1753 446 1797 etiam
494 1755 630 1799 tertio
669 1759 1014 1800 sacrosanctum
1057 1756 1277 1801 tiaticum
1321 1757 1486 1801 deferri
1524 1762 1695 1815 potest,
1731 1763 1922 1819 tumque

139 1837 407 1893 praesertim
442 1837 581 1882 etiam
614 1838 765 1894 debet,
791 1852 897 1883 cum
933 1839 1114 1896 ipsimet
1146 1844 1439 1898 aegrotantes
1473 1842 1639 1886 iterum
1675 1843 1920 1889 caelestem

139 1919 262 1964 hunc
311 1935 474 1978 panem
524 1921 735 1966 esuriunt
758 1922 789 1966 ¹².
846 1923 945 1966 Dari
981 1923 1119 1968 etiam
1171 1926 1319 1981 potest
1353 1924 1575 1969 viaticum
1622 1930 1668 1970 et
1711 1930 1922 1971 extrema

139 2002 296 2048 unctio
329 2003 529 2059 infirmo,
565 2004 639 2063 qui
676 2004 800 2049 iuxta
838 2005 1170 2063 experientiam
1208 2006 1337 2052 vivet
1368 2007 1517 2052 adhuc
1543 2009 1695 2067 plures
1721 2024 1919 2065 menses,

138 2086 213 2130 sed
244 2087 363 2131 intra
412 2102 586 2132 annum
622 2088 876 2144 morietur,
912 2104 965 2134 eo
998 2090 1117 2148 quod
1165 2091 1348 2150 quaudo
1395 2105 1562 2150 urgens
1608 2092 1755 2137 aderit
1787 2106 1920 2138 casus

137 2181 238 2211 eam
273 2167 539 2226 recipiendi,
576 2183 667 2214 non
705 2170 871 2227 poterit
896 2185 1110 2229 praesens
1134 2172 1287 2217 haberi
1317 2173 1629 2218 Missionarius
1662 2175 1719 2218 ob
1750 2174 1923 2218 distan-

138 2248 267 2294 tiam.
309 2253 442 2294 Porro
478 2252 639 2296 Be.1e‹l.
670 2256 765 2298 XlV
791 2253 804 2276 ⁵
838 2253 931 2312 agit
964 2255 1017 2298 (le
1044 2255 1212 2300 tiatico
1246 2257 1523 2312 exhibendo,
1560 2258 1628 2301 vel
1666 2271 1756 2302 non
1794 2259 1924 2301 exhi-

257 2416 266 2435 ¹
297 2417 535 2463 Superiorum
564 2419 714 2456 nomine
742 2420 778 2455 in
806 2421 962 2457 Decreto
988 2431 1048 2458 an.
1078 2422 1168 2459 1679
1196 2423 1348 2468 intelligi
1378 2424 1630 2461 Confessarios
1650 2426 1855 2462 ordinarios
1883 2431 1918 2463 et

138 2496 214 2523 non
239 2487 440 2525 directores
469 2491 617 2535 praevia
636 2492 926 2542 participatione
953 2493 1109 2530 Praelati
1139 2495 1314 2531 ordinarii
1342 2495 1545 2533 declaravit
1571 2498 1700 2533 eadem
1732 2499 1765 2534 S.
1785 2498 1920 2543 Congr.

139 2558 250 2595 Cone.
280 2559 338 2595 die
366 2559 408 2595 14
435 2561 538 2606 april.
567 2561 667 2598 1725.

256 2630 269 2648 ’
294 2630 428 2668 Bened.
457 2632 541 2669 XIV
569 2633 610 2668 de
636 2634 730 2678 Syn„
759 2634 819 2670 lib.
848 2635 879 2678 7,
907 2645 986 2682 cap.
1014 2637 1047 2681 2,
1075 2647 1109 2672 n.
1137 2637 1172 2673 2.

257 2701 269 2720 ³
296 2703 331 2740 S.
354 2703 423 2739 Uu.
444 2704 521 2750 lnq.
542 2705 586 2741 10
604 2714 679 2751 apr.
702 2705 803 2742 1861.
831 2707 981 2745 Collect.
1001 2718 1035 2744 n.
1056 2708 1135 2744 754.

256 2774 364 2810 Pueri
391 2775 500 2811 etiam
519 2776 581 2821 qui
601 2777 766 2814 nondum
784 2778 831 2814 ad
848 2788 992 2815 sacram
1010 2781 1313 2817 communionem
1326 2782 1479 2818 admissi
1498 2783 1749 2828 corripiuntur
1766 2785 1920 2829 morbis,

137 2852 294 2888 quorum
321 2846 356 2881 vi
382 2846 430 2882 ad
457 2852 611 2883 mortem
641 2847 811 2885 videntur
833 2851 1065 2893 contendere,
1092 2852 1122 2887 si
1151 2852 1324 2889 latentem
1351 2853 1420 2890 sub
1447 2853 1643 2898 speciebus
1674 2861 1922 2892 sacramenta-

137 2913 234 2952 libus
271 2915 454 2954 Christum
482 2921 517 2955 et
544 2918 696 2955 firmiter
733 2920 883 2958 credant
909 2926 943 2958 et
971 2928 1181 2960 reverenter
1218 2923 1392 2966 adorent,
1420 2934 1524 2961 sacro
1553 2925 1691 2961 viatico
1730 2926 1918 2963 reficiendi

137 2990 236 3022 sunt.
262 2987 377 3024 Tanta
402 2988 501 3024 enim
527 2999 602 3026 non
629 2991 833 3036 requiritur
855 2996 967 3035 aetas,
996 2997 1032 3029 ut
1061 2994 1142 3039 quis
1170 2994 1207 3030 in
1227 2996 1357 3032 mortis
1382 2996 1539 3034 articulo
1559 2997 1695 3036 viatico
1723 2999 1920 3036 muniatur.

253 3055 268 3077 ⁸
294 3057 428 3095 Bened.
456 3059 542 3096 XIV
570 3061 612 3097 de
639 3061 733 3107 Syn„
761 3072 842 3108 cap.
871 3062 925 3106 12,
953 3074 988 3100 n.
1015 3063 1050 3100 2.

254 3127 268 3146 ¹⁵
293 3129 347 3166 De
372 3130 467 3176 Syn„
495 3130 558 3167 lib.
585 3132 617 3168 8.
