2176 3386
767 182 896 211 Lmen
925 182 950 211 1.
985 181 1042 210 DE
1070 181 1266 211 eL1-:R101s
1833 170 1912 210 175

124 290 433 335 instituendae
465 303 650 347 operam
682 289 792 334 dare
823 289 988 344 solent,
1023 292 1070 334 et
1102 292 1227 334 recta
1250 289 1367 333 ratio
1389 288 1605 346 postulat,
1640 293 1688 333 et
1705 291 1746 333 S.
1775 288 1911 333 Sedes

125 374 227 418 vult
257 372 387 418 firma
420 377 559 432 atque
593 371 769 430 integra
803 371 1040 430 privilegia
1092 370 1389 430 Regularibus
1435 369 1653 416 conce'ssa
1698 384 1906 426 manere,

123 456 326 515 adeoque
358 459 456 499 tum
492 455 695 512 regimen
731 468 889 499 eorum
924 453 1266 508 Institutorum,
1302 457 1401 498 tum
1439 466 1738 511 personarum
1772 452 1819 497 in
1855 451 1910 496 iis

122 538 384 594 destinatio,
419 538 475 582 ad
508 539 772 596 Superiores
804 538 1034 595 regulares
1066 541 1243 596 spectat
1285 537 1416 582 iuxta
1457 537 1697 583 Societatis
1737 537 1906 583 consti·

122 622 340 678 tutiones,
374 627 421 666 ct
452 627 681 682 quatenus
714 636 827 681 opus
859 623 918 667 sit
951 624 1072 667 facto
1111 623 1251 668 verbo
1285 637 1393 668 cum
1418 623 1740 682 Sanctissimo;
1767 624 1822 669 ad
1842 624 1904 668 5ιη

121 705 276 760 Quoad
309 706 756 751 administrationem
792 706 1021 750 redituum
1056 720 1114 751 ex
1147 706 1360 764 operibus
1396 706 1724 764 Religiosorum
1745 722 1903 766 prove-

121 788 349 834 nientium
381 790 623 834 statuitur:
664 791 701 845 l)
741 789 1090 834 Administratio
1123 789 1353 834 redituum
1387 789 1689 848 Collegiorum
1723 794 1769 835 et
1792 794 1906 836 Con-

122 870 349 928 victuum,
384 872 495 917 item
531 873 886 919 retributionum
922 888 1039 933 quae
1072 873 1262 931 singulis
1294 887 1399 919 cum
1424 873 1766 932 dispensatione
1791 876 1905 932 Apo-

120 954 279 1000 stolica
313 970 369 1000 ex
404 956 643 1014 stipendiis
677 957 938 1012 missarum,
974 961 1020 1001 et
1070 956 1242 1001 iuribus
1274 956 1417 1001 stolae
1466 956 1539 1001 vel
1573 971 1631 1002 ex
1681 956 1905 1003 industria

119 1039 343 1097 personali
379 1040 675 1098 proveniunt,
710 1040 766 1084 ad
800 1040 1063 1098 Superiores
1098 1042 1341 1098 Regulares
1374 1039 1589 1099 pertinet.
1627 1042 1668 1096 2)
1699 1040 1907 1086 Vicarius

121 1122 404 1180 Apostolicus
439 1122 721 1181 permittitur
753 1127 956 1167 statuere
998 1121 1370 1167 Catlledraticum
1408 1122 1529 1181 quod
1562 1121 1645 1166 sibi
1678 1123 1902 1178 solvatur,

118 1209 255 1250 antea
287 1220 312 1251 a
347 1208 387 1250 S.
425 1205 786 1264 congregatione
818 1205 1180 1263 approbandum.
1220 1209 1285 1249 Ex
1320 1204 1616 1262 pensionibus
1649 1219 1760 1250 vero
1794 1210 1903 1263 Cap-

120 1290 403 1345 pellanorum
440 1288 708 1333 militarium
742 1289 862 1347 quod
899 1289 1117 1333 honestae
1152 1302 1310 1333 eorum
1346 1288 1673 1333 sustentationi
1695 1292 1904 1347 superest

118 1387 143 1418 a
177 1372 415 1430 Superiore
451 1372 644 1430 regulari
679 1376 826 1417 totum
864 1373 1072 1416 tradatur
1105 1372 1287 1416 Vicario
1323 1372 1594 1430 Apostolico.
1623 1373 1664 1428 5)
1705 1376 1903 1416 Proven-

119 1460 193 1501 tus
224 1457 278 1500 de
311 1458 475 1516 quibus
507 1457 681 1501 dictum
715 1461 800 1511 est,
847 1471 938 1501 non
973 1461 1105 1501 extra
1151 1456 1434 1511 missionem,
1485 1456 1563 1501 sed
1611 1457 1656 1500 in
1691 1456 1903 1514 operibus

120 1539 349 1585 missionis
383 1540 676 1598 impendendi
711 1544 834 1595 sunt,
871 1541 927 1584 ad
963 1541 1085 1584 hunc
1119 1540 1258 1585 finem
1294 1538 1507 1598 Superior
1557 1539 1774 1597 regularis
1806 1540 1899 1584 sin·

118 1624 234 1682 gulis
265 1624 478 1668 trienniis
511 1627 551 1668 S.
589 1624 939 1682 Congregationi
976 1624 1203 1668 rationem
1238 1626 1293 1668 de
1327 1623 1380 1668 iis
1414 1623 1602 1668 reddere
1636 1626 1837 1668 tenetur.

206 1707 304 1752 228.
329 1708 530 1752 Tandem
565 1712 765 1766 potestas
790 1707 1073 1752 vicariorum
1111 1707 1472 1765 Apostolicorum
1507 1721 1564 1750 ex
1590 1705 1900 1750 Facultatibus

119 1791 440 1836 Formularum
473 1791 771 1849 dignoscitur.

210 1876 470 1920 Facultates
504 1876 861 1920 Formalaram:
902 1879 963 1919 De
989 1874 1057 1918 liis
1081 1874 1332 1918 videndum
1356 1876 1425 1918 est
1462 1874 1499 1928 l)
1531 1876 1592 1917 Dc
1613 1875 1901 1917 concessione

112 1944 432 2004 Facultatum.
456 1960 497 2015 ⁶2)
520 1961 584 2002 Dc
616 1961 933 2003 Renovatt'one
962 1958 1274 2002 Facultatum.
1303 1958 1343 2013 5)
1375 1959 1436 2000 Dc
1466 1959 1554 2000 Usa
1583 1956 1895 2001 Facultatum.

116 2043 158 2098 4)
195 2044 259 2086 Dc
295 2043 550 2086 Cessationc
585 2042 900 2087 Facultatum.

204 2126 302 2170 229.
325 2128 354 2169 Ι.
394 2128 456 2169 Dc
482 2127 772 2169 Concessionc
800 2125 1114 2169 Facultatum.
1142 2151 1199 2155 —
1223 2123 1487 2168 Notandum
1516 2127 1586 2167 est
1610 2122 1757 2180 primo
1779 2121 1899 2180 quod

116 2207 299 2252 initium
335 2207 554 2265 temporis
586 2207 825 2252 constituti
859 2221 899 2251 e.
938 2221 976 2264 g.
1011 2205 1315 2265 quinquennii
1349 2205 1498 2265 quoad
1523 2205 1767 2249 facultates
1790 2217 1898 2248 con-

117 2291 343 2336 ceduntur
375 2305 470 2334 non
504 2304 533 2335 a
566 2291 640 2335 dic
671 2291 827 2346 datae,
854 2290 932 2335 sed
956 2304 979 2334 a
1004 2290 1076 2334 die
1102 2288 1378 2347 receptionis
1399 2292 1695 2346 computatur
1722 2288 1750 2331 ¹.
1769 2286 1897 2341 Quod

117 2373 152 2418 si
184 2379 344 2433 agatur
375 2375 429 2420 de
465 2374 763 2419 missionariis
795 2375 871 2433 qui
907 2373 1158 2418 mittuntur
1190 2373 1246 2418 ad
1280 2373 1537 2427 missiones,
1565 2372 1806 2416 facultates
1829 2369 1896 2413 in·

116 2457 293 2516 cipiunt
323 2473 348 2504 a
381 2458 453 2503 die
485 2472 574 2517 quo
610 2457 888 2516 perveniunt
920 2457 975 2502 ad
1011 2458 1107 2501 loca
1137 2456 1366 2501 missionis
1400 2455 1431 2498 ².
1468 2454 1715 2509 Quaeritur
1736 2467 1796 2498 an
1820 2452 1893 2509 fa·

116 2542 307 2587 cultalcs
348 2541 671 2599 formularum
707 2541 766 2585 ita
817 2541 1132 2585 concedantur
1167 2539 1358 2584 Vicariis
1399 2537 1669 2597 Apostolicis
1722 2541 1772 2580 ut
1803 2536 1897 2579 suis

116 2624 454 2670 coadiutoribus
486 2629 566 2670 aut
601 2623 907 2683 pro-Vicariis
942 2624 1224 2681 subdelegari
1260 2622 1450 2680 possint.
1507 2626 1793 2678 Responsum
1826 2622 1895 2663 est

116 2709 405 2764 affirmative,
442 2708 528 2753 illis
559 2707 765 2767 exceptis
797 2722 914 2767 quae
957 2708 1152 2765 exigunt
1194 2707 1510 2751 characterem
1563 2703 1891 2762 Episcopalem.

117 2794 211 2836 Imo
243 2792 544 2850 subdelegatis
577 2791 918 2837 coadiutoribus
950 2795 996 2835 et
1034 2790 1224 2836 Vicariis
1265 2788 1485 2847 competit
1525 2788 1594 2832 ius
1642 2784 1896 2831 communi-

233 2969 242 2987 ¹
270 2968 418 3006 Collect.
444 2980 478 3006 n.
506 2969 585 3014 166,
614 2969 692 3006 176.

236 3040 248 3059 ¹
275 3040 424 3078 Collecl.
449 3050 486 3078 n.
512 3039 593 3077 271.
