2176 3386
236 175 314 216 114
902 186 1013 216 PARS
1042 187 1082 216 11.
1117 187 1174 216 DE
1203 186 1342 217 minus

233 294 551 352 stitutionem,
589 310 761 352 mores,
796 296 1079 352 doctrinam,
1115 301 1162 345 et
1193 295 1330 342 fidem
1372 297 1528 342 sedulo
1571 297 1837 355 expendant
1859 297 1890 342 ¹.
1943 302 2022 343 Ius

234 384 391 425 autem
425 379 695 425 instituendi
727 381 814 425 hoc
847 394 1045 425 examen
1078 380 1300 438 competit
1331 379 1473 425 etiam
1511 379 1727 439 Episcopo
1747 379 1803 425 ad
1834 379 2023 426 ordines

234 455 538 510 conferendos
568 464 791 521 delegato,
817 463 997 508 etiamsi
1031 463 1089 508 ab
1124 462 1340 522 Episcopo
1373 463 1615 521 delegante
1647 463 1786 508 fuerit
1819 465 2016 509 factum.

237 546 439 591 Tertium
474 546 670 606 denique
703 545 979 590 scrutinium
1004 545 1055 590 fit
1083 545 1128 589 in
1154 545 1248 604 ipsa
1271 545 1561 590 ordinatione
1597 544 1667 603 (de
1689 559 1779 605 quo
1811 545 2021 605 loquitur·

234 632 339 689 Cap.
375 629 499 675 unic.
535 630 589 674 de
621 633 762 674 scrut.
799 629 845 674 in
879 629 1038 674 ordine
1071 629 1318 685 faciendo),
1343 629 1527 688 quando
1563 627 1807 687 Episcopus
1840 628 1886 673 in
1920 628 2023 687 ipso

234 717 340 758 actu
374 711 676 757 ordinationis
707 712 902 771 quaerit,
938 717 1095 757 utrum
1129 711 1370 757 ordinandi
1404 711 1527 769 digni
1563 710 1655 756 sint
1678 715 1728 755 ut
1754 710 2018 767 initientur,

234 795 307 840 cui
331 794 691 840 Archidiaconus
712 794 987 853 respondere
1011 794 1145 839 debet
1169 794 1298 839 iuxta
1320 794 1564 840 scientiam
1589 794 1835 853 publicam,
1855 808 2021 854 quam—

237 879 308 924 vis
340 883 390 923 ut
423 892 615 937 persona
651 878 827 936 privata
864 878 1028 922 habeat
1061 878 1275 923 notitiam
1310 877 1365 922 de
1397 878 1577 923 occulto
1600 876 1949 936 impedimento.

967 1070 1199 1099 ‚macutus
1231 1070 1287 1099 v1.

700 1180 760 1221 De
791 1177 1147 1234 obliyationibas
1185 1176 1543 1220 ordinatorum.

354 1297 456 1341 845.
493 1297 549 1340 Ut
582 1296 703 1341 Sacri
746 1296 940 1340 Ordines
979 1294 1184 1340 sanctius
1223 1300 1269 1339 et
1300 1294 1486 1339 liberius
1528 1299 1864 1350 exerceantur,
1900 1295 2024 1340 duae·

235 1383 344 1423 sunt
376 1379 511 1436 leges,
536 1378 700 1438 quibus
723 1378 921 1423 ordinati
945 1378 1235 1436 obligantur,
1271 1377 1446 1422 scilicet
1469 1378 1540 1421 lex
1566 1376 1850 1422 recitationis
1881 1377 2025 1422 officii?

235 1461 408 1518 divini,
444 1466 490 1506 et
521 1462 595 1506 lex
629 1461 894 1506 coelibatus.
951 1466 1010 1506 De
1044 1461 1189 1520 prima
1224 1461 1336 1505 nihil
1369 1459 1537 1505 attinet
1569 1459 1745 1504 dicere:
1786 1459 1840 1504 de
1872 1459 2014 1505 altera

237 1545 456 1591 nonnulla
479 1545 739 1590 adnotanda
774 1550 882 1590 sunt
913 1545 966 1590 de
1001 1545 1206 1590 subiecto
1238 1544 1364 1602 legis,
1391 1547 1437 1588 et
1459 1544 1513 1588 de
1537 1543 1634 1588 eius
1655 1542 2020 1601 dispensatione..

355 1630 457 1675 844.
496 1634 632 1674 Porro
666 1629 711 1673 in
749 1628 947 1674 Ecclesia
995 1627 1267 1674 occidentali
1311 1626 1501 1671 omnino
1544 1625 1585 1670 id
1620 1625 1927 1684 praecipitur,
1963 1630 2013 1669 ut

236 1714 281 1759 in
317 1714 457 1759 sacris
506 1712 700 1758 ordinati
736 1712 931 1757 coelibes
964 1712 1082 1756 sint:
1135 1711 1243 1757 hinc
1275 1710 1311 1755 si
1344 1710 1446 1769 quis
1487 1708 1788 1766 coniugatus,
1826 1708 2024 1753 vivente

237 1812 398 1854 uxore,
437 1798 547 1842 velit
580 1796 727 1842 Sacris
758 1796 949 1851 initiari,
987 1794 1295 1840 necessarium
1331 1798 1400 1839 est
1424 1798 1472 1837 ut
1497 1793 1551 1837 iis
1583 1791 2025 1850 praescriptionibus.

240 1885 411 1938 pareat,
446 1893 559 1940 quas
593 1879 710 1924 infra
744 1891 1032 1937 exponemus
1069 1878 1112 1921 in
1147 1880 1359 1921 Tractatu
1395 1876 1449 1920 de
1484 1874 1794 1920 Matrimonio.

356 1964 470 2008 845„
493 1963 620 2008 Circa
656 1975 765 2006 vero
798 1960 1186 2019 dispensationem
1220 1973 1244 2003 a
1279 1959 1375 2017 lege
1407 1957 1675 2012 coelibatus,
1710 1955 1904 2001 sufficiat
1937 1969 2015 2000 no-

236 2052 372 2103 tasse,
407 2047 527 2106 quod
560 2045 825 2090 subdiaconi
863 2058 954 2089 non
987 2057 1108 2098 raro,
1143 2041 1324 2087 diaconi
1359 2041 1520 2095 rarius,
1558 2038 1838 2098 praesbyteri
1881 2037 2022 2084 raris--

236 2131 350 2175 sime
384 2128 633 2188 dispensati
667 2129 869 2173 fuerunt.
912 2132 970 2171 De
1007 2125 1233 2171 Ecclesiae
1257 2123 1491 2169 orientalis
1523 2122 1760 2181 disciplina
1793 2135 1927 2180 supra
1950 2121 2022 2166 lo-

236 2213 330 2259 cuti
366 2214 456 2258 iam
491 2226 664 2258 sumus.

972 2377 1150 2422 CAPUT
1189 2377 1280 2419 VII.

891 2494 956 2530 DE
994 2491 1370 2530 MATRIMONIO.

357 2615 459 2660 845.
499 2611 844 2659 Matrimonium
884 2610 1168 2671 sponsalibus
1215 2608 1453 2664 initiatur,
1488 2619 1716 2652 consensu
1749 2604 2016 2664 perficitur,

240 2699 399 2757 copula
432 2700 798 2752 consummatur,
833 2694 1078 2755 aliquando
1111 2693 1243 2752 plene
1279 2693 1348 2737 vel
1384 2691 1538 2736 minus
1569 2690 1701 2749 plene
1733 2688 2020 2734 dissolvitur-

243 2781 444 2827 Primum
477 2780 616 2839 igitur
646 2780 702 2825 de
733 2779 1034 2838 sponsalibus,
1070 2776 1234 2821 deinde
1266 2776 1320 2821 de
1352 2775 1406 2820 iis
1437 2788 1554 2834 quae
1586 2773 1641 2818 ad
1666 2770 2021 2818 matrimonium

239 2865 387 2924 ipsum
421 2865 686 2909 referuntur
715 2862 1032 2908 disserendum
1066 2865 1150 2905 est.

360 3063 369 3082 ¹
398 3063 509 3100 Conc.
537 3062 632 3099 Trid.
659 3061 756 3098 Sess.
782 3059 917 3103 XXIII,
943 3068 1023 3105 cap.
1050 3057 1118 3095 VII
1144 3062 1181 3093 et
1207 3055 1276 3092 XII
1303 3055 1345 3092 de
1370 3054 1532 3101 Reform.
