2176 3386
523 210 652 239 LIBER
681 210 708 238 1.
740 210 797 238 DE
827 209 965 239 nenos
994 209 1229 238 Eccmzsmr:
1258 209 1586 238 SPIRITUALIBUS
1864 199 1944 239 269

276 320 408 365 4212.
445 321 560 364 Sunt
585 317 749 363 altaria
773 317 1058 376 privilegiata
1085 331 1163 375 pro
1185 316 1438 374 defunctis;
1475 320 1522 362 et
1543 317 1657 386 haec
1684 318 1755 362 vel
1782 316 1942 362 localia

158 408 267 450 sunt
289 403 362 449 vel
395 403 684 462 personalia:
721 401 881 448 localia
914 401 1006 446 fixa
1040 414 1136 446 esse
1170 401 1389 446 debent¹.
1429 403 1581 446 Altare
1604 401 1770 460 duplici
1808 404 1942 447 modo

159 486 301 532 fixum
336 485 530 543 dicitur;
566 499 700 530 sensu
734 484 976 540 canonico,
1010 484 1194 544 quando
1229 483 1346 527 illius
1377 488 1607 529 structura
1645 484 1760 541 (sive
1793 485 1941 542 lignea

159 571 258 617 sive
290 571 481 629 lapidea)
519 570 698 629 parieti,
735 570 994 624 columnae,
1029 573 1111 614 aut
1143 568 1412 627 pavimento
1446 569 1746 614 immobiliter
1776 570 1941 615 adhae-

161 656 230 698 ret
261 652 360 698 sive
382 652 479 698 eius
503 666 660 697 mensa
694 651 753 696 sit
784 655 881 695 tota
914 650 1108 709 lapidea,
1134 649 1232 695 sive
1256 654 1439 695 tantum
1473 650 1620 708 lignea
1655 665 1761 696 cum
1794 652 1941 710 lapide

161 736 359 796 portatili
394 737 569 793 ligneae
602 748 788 787 mensae
822 734 1051 792 imposito.
1104 733 1268 778 Fixum
1302 747 1437 778 sensu
1483 734 1723 792 liturgico,
1758 736 1942 794 quando

161 820 288 879 lapiS,
323 819 480 865 altaris
513 818 800 877 superficiem
833 822 1010 875 tegens,
1047 817 1248 876 lapideae
1281 822 1541 863 structurae
1590 817 1796 862 inferiori
1835 833 1941 864 con-

160 902 365 961 iungitur
395 917 448 947 ac
481 916 585 947 cum
610 917 661 946 ea
686 916 830 946 unum
866 906 1015 946 totum
1050 901 1204 955 efficit,
1230 901 1328 947 sive
1352 901 1543 946 inferior
1565 903 1677 946 haec
1711 907 1941 948 structura

161 986 286 1032 omni
321 1001 378 1030 ex
413 990 538 1044 parte
571 986 851 1040 obstruatur,
888 986 986 1031 sive
1019 986 1172 1030 tabula
1209 986 1380 1044 lapidea
1415 986 1473 1030 ab
1504 986 1724 1031 anteriori
1764 1001 1837 1031 cx.
1874 1002 1937 1045 gr.

162 1073 289 1127 parte
321 1069 565 1124 columnis,
600 1083 716 1129 quae
750 1069 917 1127 stipitis
949 1070 1100 1114 locum
1140 1069 1339 1121 habent,
1378 1069 1631 1124 innitatur,
1670 1070 1803 1114 modo
1846 1070 1940 1129 ipsa

159 1153 312 1197 tabula
346 1153 518 1212 lapidea
553 1153 679 1197 omni
715 1167 772 1197 ex
809 1158 933 1210 parte
967 1152 1109 1209 stipiti
1143 1153 1404 1197 adhaereat.
1443 1157 1581 1197 Porro
1615 1153 1845 1197 indultum
1880 1154 1942 1198 lo-

159 1237 254 1281 cale
287 1236 442 1281 altaris
476 1236 767 1295 privilegiati,
804 1236 890 1281 nisi
923 1236 1058 1281 aliter
1088 1250 1110 1280 a
1148 1240 1189 1281 S.
1227 1238 1338 1282 Sede
1382 1237 1517 1280 fuerit
1564 1249 1834 1281 concessum
1874 1251 1942 1280 re-

160 1319 299 1378 quirit
322 1320 464 1364 altare
489 1320 625 1378 priori
651 1320 784 1365 modo
807 1333 885 1363 seu
920 1333 1055 1364 sensu
1080 1315 1306 1365 canonico
1330 1320 1493 1376 fixum,
1520 1321 1749 1364 indultum
1785 1324 1940 1364 tamen

162 1404 397 1460 personale
431 1403 586 1447 altaris
621 1403 891 1461 privilegiati
926 1403 1059 1462 quale
1093 1404 1228 1448 datur
1260 1404 1305 1448 in
1343 1408 1489 1448 Form.
1530 1407 1628 1449 Sac.
1655 1406 1816 1460 Congr.
1845 1402 1938 1447 Fid.

164 1489 291 1543 Prop.
331 1490 425 1530 Art.
462 1487 518 1530 20
553 1485 659 1530 illud
697 1501 787 1531 non
823 1486 1013 1546 requirit
1036 1487 1066 1530 ².
1109 1491 1154 1531 {n
1190 1487 1349 1531 eadem
1386 1491 1534 1531 Form.
1563 1500 1609 1530 n.
1646 1486 1673 1529 8
1706 1486 1841 1530 datur
1881 1487 1941 1530 fa-

162 1567 307 1612 cultas
344 1568 571 1626 Episcopis
604 1568 864 1613 declarandi
901 1569 1240 1627 privilegiatum
1282 1569 1327 1613 in
1362 1569 1564 1628 qualibet
1610 1568 1799 1613 ecclesia
1834 1582 1942 1613 suae

161 1648 380 1694 dioecesis
414 1664 558 1695 unum
581 1652 741 1705 altare,
766 1651 1015 1696 dummodo
1037 1652 1157 1696 aliud
1193 1666 1285 1697 non
1309 1653 1369 1696 sit
1393 1652 1748 1710 privilegiatum.
1786 1653 1943 1706 Quoad

161 1731 282 1777 hanc
314 1734 579 1777 facultatem
615 1734 763 1792 placet
797 1740 979 1780 notare:
1015 1736 1135 1795 quod
1190 1738 1226 1792 l)
1266 1735 1358 1794 ipse
1397 1735 1640 1794 Episcopus
1687 1736 1830 1781 altare
1870 1736 1942 1781 cui

161 1815 450 1873 privilegium
484 1819 670 1862 annecti
706 1819 806 1862 vult
837 1819 1075 1876 designare
1108 1819 1259 1874 debet,
1287 1834 1373 1864 nec
1410 1819 1699 1865 Missionario
1732 1834 1835 1864 eam
1868 1820 1942 1864 de·

163 1898 467 1956 signationem
502 1901 762 1961 relinquere
797 1907 959 1960 potest.
1002 1904 1044 1961 2)
1074 1908 1231 1948 Manet
1265 1903 1575 1962 privilegium,
1611 1905 1645 1949 si
1680 1906 1824 1949 altare
1861 1907 1944 1949 sub

162 1983 320 2027 eadem
358 1988 513 2028 tamen
548 1984 860 2042 invocatione,
895 1986 950 2031 de
983 2000 1107 2031 novo
1141 1987 1432 2032 aedificatum
1466 1989 1524 2032 sit
1548 1988 1593 2032 in
1627 1988 1715 2033 alio
1757 1989 1942 2048 quidem

162 2068 275 2123 loco,
311 2068 388 2112 sed
422 2066 467 2112 in
501 2068 661 2113 eadem
694 2070 910 2131 ecclesia3
948 2084 1040 2115 non
1077 2085 1186 2115 vero
1209 2070 1244 2115 si
1268 2071 1458 2116 ecclesia
1493 2072 1725 2117 destructa
1749 2073 1833 2117 sub
1855 2073 1942 2118 alio

161 2151 294 2196 titulo
327 2152 487 2196 eodem
522 2153 568 2196 in
603 2154 701 2197 loco
724 2152 1017 2211 aedificetur,
1055 2159 1213 2199 manet
1235 2154 1373 2199 etiam
1409 2155 1444 2199 si
1473 2156 1616 2199 altare
1637 2155 1712 2200 alii
1738 2157 1808 2200 vel
1843 2155 1943 2200 aliis

162 2235 334 2279 sanctis
365 2235 500 2280 simul
533 2236 747 2293 deinceps
784 2237 1019 2282 dedicetur
1042 2238 1073 2281 ⁸.
1127 2238 1168 2293 5)
1208 2238 1471 2297 Requiritur
1511 2243 1560 2282 ut
1600 2238 1720 2283 aliud
1763 2238 1941 2296 privile-

163 2317 335 2376 giatum
372 2333 461 2363 non
496 2320 629 2375 adsit,
666 2320 708 2364 id
742 2324 810 2365 est
842 2320 962 2365 aliud
998 2320 1168 2365 intuitu
1206 2322 1447 2379 parochiae
1471 2335 1548 2366 seu
1575 2322 1943 2380 congregationis

162 2399 253 2444 iam
286 2405 422 2445 antea
456 2415 753 2457 concessum,
789 2402 1014 2463 siquidem
1066 2404 1421 2462 praeexistentia
1470 2405 1626 2449 altaris
1670 2405 1940 2463 privilegiati

162 2487 287 2527 certo
322 2496 619 2541 personarum
652 2487 801 2531 coetui
826 2500 901 2531 ex.
928 2501 992 2544 gr.
1020 2487 1154 2532 alicui
1191 2488 1565 2532 confraternitati
1598 2487 1821 2542 concessi,
1850 2502 1939 2532 non

163 2565 312 2609 obstet
343 2568 628 2612 concessioni
661 2569 850 2614 alterius
881 2570 1042 2615 similis
1076 2571 1301 2629 privilegii
1346 2571 1582 2616 indefinite
1618 2585 1696 2629 pro
1729 2570 1943 2616 omnibus

163 2650 367 2694 concessi
391 2650 420 2694 ⁴.
473 2652 516 2708 4)
541 2655 635 2696 Hoc
667 2653 810 2696 altare
858 2654 1139 2699 censendum
1174 2659 1243 2699 est
1275 2654 1614 2713 privilegiatum
1650 2660 1939 2714 perpetuum,

283 2852 292 2871 ¹
322 2853 358 2890 S.
384 2854 424 2890 R.
451 2853 583 2901 Congr.
611 2855 653 2892 17
681 2856 770 2893 febr.
800 2856 902 2893 ¹845.

280 2927 293 2946 ²
320 2928 422 2964 Decr.
450 2929 548 2966 auth.
568 2929 603 2966 S.
630 2930 667 2966 C.
696 2930 839 2976 Indulg.
864 2941 899 2967 n.
927 2930 1006 2968 795.

284 2997 296 3017 ⁸
321 2999 372 3035 Cf.
399 3000 503 3036 Dect.
529 3001 629 3037 auth.
658 3001 691 3039 S.
718 3001 754 3038 C.
781 3002 925 3048 Indulg.
952 3012 987 3039 11.
1017 3003 1095 3048 195,
1122 3003 1202 3048 354,
1229 3003 1286 3047 84,
1312 3003 1369 3048 45,
1398 3002 1478 3047 524,
1508 3004 1585 3041 148.

280 3067 295 3088 ⁸
319 3069 355 3108 S.
382 3070 420 3107 C.
445 3069 590 3117 Indulg.
618 3071 706 3109 ibid.
735 3072 813 3109 154.
