2176 3386
253 192 330 232 184
685 243 688 246 .
893 203 1003 232 PARS
1031 204 1055 231 1.
1096 203 1152 231 DE
1181 202 1390 231 PEnsoms

251 309 392 353 erceri
430 315 628 368 nequeat
660 309 757 354 sine
792 309 998 367 Episcopi
1035 309 1288 368 permissu,
1326 309 1412 354 nisi
1445 308 1497 352 in*
1527 308 1636 354 locis
1669 309 1715 352 in
1749 308 1913 367 quibus
1957 309 2030 353 vel

253 405 344 435 non
368 396 478 436 sunt
503 393 724 451 Episcopi,
754 394 823 437 vel
849 392 1022 436 distant
1043 393 1155 437 duas
1177 392 1338 447 dietas,
1368 393 1438 436 vel
1462 392 1590 436 sedes
1611 391 1853 449 episcopali
1879 396 2025 437 vacat.

373 475 573 520 Aliorum
613 489 743 533 porro
780 479 1072 519 Decrctoruui
1110 475 1154 519 vi
1191 474 1482 532 restringitur
1514 475 1568 519 ad
1604 476 1754 519 forum
1795 474 2028 525 internum

254 559 446 603 facultas
478 559 768 617 dispensandi
804 560 860 602 ab
905 559 1239 616 irregularitate
1282 563 1328 603 et
1369 559 1633 603 absolvendi
1674 573 1698 603 a
1733 559 1912 603 casibus
1949 562 2030 602 Ro-

254 657 391 687 mano
429 643 631 687 Pontifici
670 643 929 687 reservatis.
968 646 1063 688 Sac.
1102 647 1263 700 Congr.
1305 642 1396 687 Fid.
1438 647 1564 701 Prop.
1606 645 1658 688 15
1699 643 1850 688 Martii
1900 643 2026 687 1857.

253 729 352 769 Νοη
388 726 493 770 licet
529 726 826 771 inissionariis
859 727 1096 771 absolvere
1129 742 1152 771 a
1187 726 1365 771 casibus
1398 741 1510 786 quos
1542 726 1624 770 sibi
1681 726 1923 784 Episcopus
1964 740 2031 770 re-

251 809 470 853 servavit.
517 811 614 853 Sac.
663 815 823 867 Congr.
875 810 965 854 Fid.
1022 814 1148 867 Prop.
1194 810 1391 854 decretis
1435 810 1536 853 latis
1575 824 1684 854 ann.
1734 810 1860 863 1664,
1901 810 2029 864 1725,

258 892 382 946 1860,
426 893 533 935 1765
567 897 612 936 et
647 893 922 937 luculentius
955 907 1030 936 an.
1072 893 1199 948 1858,
1235 907 1375 952 quum
1422 894 1650 951 proposito
1691 893 1827 937 dubio
1874 897 2031 937 utrum

252 974 526 1018 missionarii
564 975 689 1019 latini
729 975 899 1032 possint
931 975 1169 1020 absolvere
1203 975 1449 1020 orientales
1481 990 1505 1019 a
1548 976 1743 1031 casibus,
1794 990 1907 1036 quos
1947 976 2030 1021 sibi

253 1072 547 1102 reservavere
581 1060 827 1103 orientales
859 1059 1087 1103 ordinarii
1112 1060 1280 1118 absque
1304 1060 1486 1117 speciali
1512 1060 1777 1103 eorumdem
1804 1073 2030 1104 consensu

250 1144 296 1182 et
329 1145 484 1183 utrum
522 1140 795 1185 missionarii
830 1141 959 1184 latini
996 1140 1167 1198 possint
1200 1142 1436 1185 absolvere
1471 1141 1716 1185 orientales
1758 1155 1783 1185 a
1827 1142 2034 1185 censuris

252 1221 353 1265 latis
386 1223 442 1266 al)
474 1223 726 1267 ordinariis
759 1223 1082 1268 orientalibus:
1121 1228 1217 1269 Sac.
1247 1227 1407 1282 Congr.
1431 1224 1502 1268 die
1534 1226 1575 1268 ll
1610 1224 1819 1268 Decemb.
1848 1238 2031 1285 respon-

250 1305 338 1348 dit:
385 1307 613 1363 iVesJcttc'oe.
664 1307 773 1351 ,Heic
810 1321 917 1351 vero
954 1307 1227 1361 notandum,
1266 1308 1374 1352 nillil
1412 1308 1580 1351 referre
1618 1308 1673 1350 ad
1717 1307 1779 1351 rei
1821 1307 2032 1350 substan-

252 1390 362 1434 tiam
397 1394 515 1449 quod
550 1396 762 1448 ageretur
795 1392 848 1435 de
882 1391 1204 1447 orientalibus3
1243 1391 1444 1435 rationes
1476 1392 1640 1448 quippe
1674 1390 1893 1449 speciales
1924 1391 2031 1435 alla-

251 1480 324 1518 tae
361 1479 470 1518 tunc
503 1480 627 1527 sunt,
663 1489 779 1533 quac
817 1480 1021 1533 respectu
1059 1475 1259 1519 fidelium
1296 1474 1591 1518 orientalium
1629 1473 1928 1518 missionariis
1957 1488 2031 1531 po-

252 1557 341 1601 tius
377 1559 530 1601 lavere
567 1557 855 1601 videbantur.
897 1558 958 1601 Ad
994 1559 1132 1602 baec:
1172 1572 1261 1601 non
1297 1561 1484 1615 possunt
1517 1557 1686 1615 absque
1719 1556 1901 1613 speciali
1926 1570 2032 1600 con-

252 1653 388 1683 sensu
422 1640 771 1684 Ordinariorum
805 1641 1018 1698 excipere
1053 1641 1364 1684 confessiones
1399 1638 1694 1692 monialium,
1731 1639 1808 1682 scd
1858 1637 2031 1682 servari

252 1722 297 1765 in
335 1723 416 1766 lloc
451 1723 585 1766 debet
617 1723 894 1767 Constitutio
927 1727 1058 1780 Greg.
1097 1727 1188 1767 XV.
1229 1722 1544 1767 Inscrucabe'li.
1589 1722 1695 1765 Ead.
1733 1723 1829 1765 Sac.
1867 1724 2042 1777 Congr..

251 1804 371 1847 decr.
410 1804 485 1847 cit.
529 1804 729 1863 Denique
765 1805 809 1848 in
844 1805 1131 1862 generalibus
1164 1804 1364 1849 comitiis
1399 1804 1563 1849 habitis
1586 1803 1657 1848 die
1691 1804 1739 1847 21
1770 1806 1889 1859 Sept.
1925 1802 2034 1845 1840

251 1888 486 1932 decretum
523 1888 624 1943 luit,
664 1903 753 1932 non
791 1902 917 1946 posse
955 1888 1265 1933 inissionarios
1299 1888 1343 1931 in
1383 1887 1573 1946 privatis
1606 1886 1817 1930 domibus
1850 1897 2030 1928 sacrum

253 1973 419 2026 facere,
457 1971 531 2015 ubi
565 1973 783 2017 ecclesiae
818 1977 863 2017 et
897 1973 1094 2017 oratoria
1132 1971 1309 2030 publica
1343 1970 1664 2023 inveniuntur,
1704 1968 1773 2012 vel
1802 1968 1847 2011 in
1873 1967 2031 2010 iisdem

253 2058 466 2102 mulieres
498 2058 654 2102 audire
688 2058 980 2113 confitentes,
1007 2057 1213 2114 exceptis
1236 2056 1414 2100 casibus
1449 2054 1748 2108 inlirmitatis,
1775 2052 2032 2109 decrepitae

252 2141 432 2193 aetatis,
469 2143 542 2185 vel
579 2142 828 2186 surditatis.

371 2225 471 2268 245.
500 2227 709 2282 Superest
738 2225 1126 2283 inquirenduman
1153 2229 1198 2268 et
1225 2230 1452 2282 quatenus
1482 2223 1701 2267 Praefecti
1726 2225 1771 2266 et
1796 2220 2031 2265 missiona-

254 2306 305 2350 rii
340 2307 530 2351 subiecti
566 2308 658 2351 sint
695 2308 922 2365 Episcopis
945 2307 990 2351 in
1015 2307 1282 2352 earumdem
1319 2306 1588 2351 facultatum
1622 2303 1858 2348 exercitio.
1897 2306 2033 2346 Porro

252 2392 398 2450 quoad
435 2393 674 2436 facultates
704 2393 756 2436 ad
791 2406 903 2451 quas
935 2392 1217 2436 exercendas
1253 2391 1454 2448 Episcopi
1480 2402 1730 2434 consensus
1756 2387 2029 2447 exquiritur,

254 2474 381 2518 iuxta
416 2478 567 2519 Const.
605 2478 737 2531 Greg.
777 2477 867 2518 XV.
908 2474 1209 2518 Inscrzttabilc'
1241 2471 1516 2517 missionarii
1550 2471 1595 2515 in
1621 2470 1935 2515 functionibus
1959 2483 2032 2527 pa-

252 2557 527 2602 rochialibus
563 2557 815 2602 visitationi
851 2563 895 2601 et
930 2557 1204 2602 correctioni
1228 2556 1575 2601 Ordinariorum
1600 2555 1790 2600 omnino
1820 2555 2028 2598 subsunt.

252 2641 397 2685 Huius
428 2646 584 2684 autem
618 2640 950 2698 dependentiae
986 2641 1146 2699 modus
1181 2640 1324 2696 magis
1356 2638 1692 2684 determinatus
1725 2636 1963 2682 invenitur
1985 2636 2031 2680 in

253 2723 480 2768 solutione
514 2724 819 2781 quorumdam
854 2723 1096 2767 dubiorum
1131 2737 1248 2781 quae
1280 2737 1354 2766 an.
1398 2723 1508 2768 1786
1552 2722 1776 2781 proposita
1815 2726 1941 2776 sunt,
1976 2721 2032 2765 ad

252 2807 551 2852 decidendam
574 2806 889 2866 quaestionem
914 2811 1124 2851 exortam
1151 2807 1270 2850 inter
1291 2806 1643 2851 Patriarcbalem
1668 2805 1896 2849 Vicarium
1920 2810 2031 2850 Con-

252 2889 717 2948 stantinopolitanum
771 2895 815 2933 et
864 2888 1066 2934 Minores
1107 2890 1461 2933 Conventuales.
1514 2888 1830 2942 Quaerebatur
1876 2887 2028 2932 enim:
2140 2902 2157 2911 ³

257 2975 294 3018 1.
333 2976 399 3018 An
435 2978 481 3017 et
511 2973 740 3032 quomodo
778 2972 942 3016 Vicarii
982 2971 1223 3028 Apostolici
1269 2985 1349 3015 seu
1397 2971 1625 3016 ordinarii
1667 2972 1888 3026 locorum,
1924 2970 2030 3014 visi-

252 3061 350 3101 tare
400 3056 573 3115 possint
615 3055 848 3114 paroecias
890 3054 1167 3112 regularium
1217 3053 1611 3100 missionariorum
1656 3053 2028 3112 apostolicorum,
