<?xml version="1.0" encoding="UTF-8"?>
<!DOCTYPE html PUBLIC "-//W3C//DTD XHTML 1.0 Transitional//EN"
    "http://www.w3.org/TR/xhtml1/DTD/xhtml1-transitional.dtd">
<html xmlns="http://www.w3.org/1999/xhtml" xml:lang="en" lang="en">
 <head>
  <title>
</title>
<meta http-equiv="Content-Type" content="text/html;charset=utf-8" />
  <meta name='ocr-system' content='tesseract 3.04.00' />
  <meta name='ocr-capabilities' content='ocr_page ocr_carea ocr_par ocr_line ocrx_word'/>
</head>
<body>
  <div class='ocr_page' id='page_1' title='image "apparatus00ziteuoft_0282.png"; bbox 0 0 2176 3386; ppageno 0'>
   <div class='ocr_carea' id='block_1_1' title="bbox 1422 0 2176 235">
    <p class='ocr_par' dir='ltr' id='par_1_1' title="bbox 1422 0 2176 235">
     <span class='ocr_line' id='line_1_1' title="bbox 1422 0 2176 235; baseline 0 3151"><span class='ocrx_word' id='word_1_1' title='bbox 1422 0 2176 235; x_wconf 95' lang='lat' dir='ltr'> </span> 
     </span>
    </p>
   </div>
   <div class='ocr_carea' id='block_1_2' title="bbox 246 164 1389 207">
    <p class='ocr_par' dir='ltr' id='par_1_2' title="bbox 246 164 1389 207">
     <span class='ocr_line' id='line_1_2' title="bbox 246 164 1389 207; baseline 0.001 -2"><span class='ocrx_word' id='word_1_2' title='bbox 246 164 327 206; x_wconf 90' lang='lat'>270</span> <span class='ocrx_word' id='word_1_3' title='bbox 895 177 1005 206; x_wconf 81' lang='lat' dir='ltr'><strong>PARS</strong></span> <span class='ocrx_word' id='word_1_4' title='bbox 1033 178 1058 207; x_wconf 93' lang='lat'>1.</span> <span class='ocrx_word' id='word_1_5' title='bbox 1092 178 1149 206; x_wconf 86' lang='lat' dir='ltr'>DE</span> <span class='ocrx_word' id='word_1_6' title='bbox 1177 176 1389 206; x_wconf 74' lang='lat' dir='ltr'>PERsoms</span> 
     </span>
    </p>
   </div>
   <div class='ocr_carea' id='block_1_3' title="bbox 245 285 2038 1583">
    <p class='ocr_par' dir='ltr' id='par_1_3' title="bbox 247 285 2028 427">
     <span class='ocr_line' id='line_1_3' title="bbox 248 285 2028 346; baseline -0.001 -14"><span class='ocrx_word' id='word_1_7' title='bbox 248 301 307 332; x_wconf 91' lang='lat' dir='ltr'>an</span> <span class='ocrx_word' id='word_1_8' title='bbox 341 287 648 332; x_wconf 80' lang='lat' dir='ltr'>excludantur</span> <span class='ocrx_word' id='word_1_9' title='bbox 680 301 703 331; x_wconf 90' lang='lat' dir='ltr'>a</span> <span class='ocrx_word' id='word_1_10' title='bbox 737 300 1029 346; x_wconf 87' lang='lat' dir='ltr'>quacumque</span> <span class='ocrx_word' id='word_1_11' title='bbox 1062 285 1383 344; x_wconf 89' lang='lat' dir='ltr'>superioritate</span> <span class='ocrx_word' id='word_1_12' title='bbox 1416 288 1626 344; x_wconf 90' lang='lat' dir='ltr'>respectu</span> <span class='ocrx_word' id='word_1_13' title='bbox 1650 285 1814 330; x_wconf 83' lang='lat' dir='ltr'>&#39;habito</span> <span class='ocrx_word' id='word_1_14' title='bbox 1842 285 1896 331; x_wconf 89' lang='lat' dir='ltr'>ad</span> <span class='ocrx_word' id='word_1_15' title='bbox 1925 285 2028 331; x_wconf 90' lang='lat' dir='ltr'>Mis-</span> 
     </span>
     <span class='ocr_line' id='line_1_4' title="bbox 247 368 777 427; baseline 0 -14"><span class='ocrx_word' id='word_1_16' title='bbox 247 368 471 414; x_wconf 88' lang='lat' dir='ltr'>sionarios</span> <span class='ocrx_word' id='word_1_17' title='bbox 506 373 777 427; x_wconf 79' lang='lat' dir='ltr'><strong>Europaeos.</strong></span> 
     </span>
    </p>

    <p class='ocr_par' dir='ltr' id='par_1_4' title="bbox 245 449 2038 1249">
     <span class='ocr_line' id='line_1_5' title="bbox 368 449 2028 510; baseline -0.002 -14"><span class='ocrx_word' id='word_1_18' title='bbox 368 455 432 496; x_wconf 86' lang='lat' dir='ltr'>De</span> <span class='ocrx_word' id='word_1_19' title='bbox 465 455 694 496; x_wconf 62' lang='lat' dir='ltr'>Institutas</span> <span class='ocrx_word' id='word_1_20' title='bbox 726 452 1053 510; x_wconf 72' lang='lat' dir='ltr'>Beyularium.</span> <span class='ocrx_word' id='word_1_21' title='bbox 1088 476 1146 484; x_wconf 92' lang='grc'>-</span> <span class='ocrx_word' id='word_1_22' title='bbox 1194 450 1259 495; x_wconf 86' lang='grc'>10.</span> <span class='ocrx_word' id='word_1_23' title='bbox 1297 449 1453 504; x_wconf 81' lang='lat' dir='ltr'>Quoad</span> <span class='ocrx_word' id='word_1_24' title='bbox 1486 449 1702 494; x_wconf 81' lang='lat' dir='ltr'><strong>Instituta</strong></span> <span class='ocrx_word' id='word_1_25' title='bbox 1737 449 2028 507; x_wconf 83' lang='lat' dir='ltr'>Regularium</span> 
     </span>
     <span class='ocr_line' id='line_1_6' title="bbox 249 531 2029 591; baseline -0.003 -11"><span class='ocrx_word' id='word_1_26' title='bbox 249 535 495 591; x_wconf 86' lang='lat' dir='ltr'>indicetur,</span> <span class='ocrx_word' id='word_1_27' title='bbox 530 549 590 579; x_wconf 88' lang='lat' dir='ltr'>an</span> <span class='ocrx_word' id='word_1_28' title='bbox 624 534 716 579; x_wconf 91' lang='lat' dir='ltr'>sint</span> <span class='ocrx_word' id='word_1_29' title='bbox 751 535 796 578; x_wconf 93' lang='lat' dir='ltr'>in</span> <span class='ocrx_word' id='word_1_30' title='bbox 832 533 1065 579; x_wconf 86' lang='lat' dir='ltr'>Vicariatu</span> <span class='ocrx_word' id='word_1_31' title='bbox 1099 546 1178 577; x_wconf 91' lang='lat' dir='ltr'>seu</span> <span class='ocrx_word' id='word_1_32' title='bbox 1214 533 1522 587; x_wconf 81' lang='lat' dir='ltr'><strong>Praefectura,</strong></span> <span class='ocrx_word' id='word_1_33' title='bbox 1548 535 1674 576; x_wconf 88' lang='lat' dir='ltr'>etan</span> <span class='ocrx_word' id='word_1_34' title='bbox 1698 531 1958 577; x_wconf 84' lang='lat' dir='ltr'>educationi</span> <span class='ocrx_word' id='word_1_35' title='bbox 1983 534 2029 576; x_wconf 90' lang='lat' dir='ltr'>et</span> 
     </span>
     <span class='ocr_line' id='line_1_7' title="bbox 248 616 2028 676; baseline -0.002 -11"><span class='ocrx_word' id='word_1_36' title='bbox 248 620 528 665; x_wconf 80' lang='lat' dir='ltr'>institutioni</span> <span class='ocrx_word' id='word_1_37' title='bbox 565 618 821 664; x_wconf 76' lang='lat' dir='ltr'>iuventutis</span> <span class='ocrx_word' id='word_1_38' title='bbox 854 619 965 662; x_wconf 90' lang='lat' dir='ltr'>dent</span> <span class='ocrx_word' id='word_1_39' title='bbox 996 632 1200 675; x_wconf 79' lang='lat' dir='ltr'>operam,</span> <span class='ocrx_word' id='word_1_40' title='bbox 1238 617 1371 676; x_wconf 90' lang='lat' dir='ltr'>idque</span> <span class='ocrx_word' id='word_1_41' title='bbox 1411 616 1700 675; x_wconf 76' lang='lat' dir='ltr'>exprimatur</span> <span class='ocrx_word' id='word_1_42' title='bbox 1740 618 1838 662; x_wconf 93' lang='lat' dir='ltr'>sive</span> <span class='ocrx_word' id='word_1_43' title='bbox 1880 617 2028 676; x_wconf 88' lang='lat' dir='ltr'>quoad</span> 
     </span>
     <span class='ocr_line' id='line_1_8' title="bbox 248 699 2030 760; baseline -0.002 -12"><span class='ocrx_word' id='word_1_44' title='bbox 248 704 459 748; x_wconf 88' lang='lat' dir='ltr'>instituta</span> <span class='ocrx_word' id='word_1_45' title='bbox 493 703 698 747; x_wconf 77' lang='lat' dir='ltr'>virorum</span> <span class='ocrx_word' id='word_1_46' title='bbox 733 702 831 746; x_wconf 79' lang='lat' dir='ltr'>sive</span> <span class='ocrx_word' id='word_1_47' title='bbox 864 700 1013 760; x_wconf 87' lang='lat' dir='ltr'>quoad</span> <span class='ocrx_word' id='word_1_48' title='bbox 1048 699 1259 744; x_wconf 92' lang='lat' dir='ltr'>instituta</span> <span class='ocrx_word' id='word_1_49' title='bbox 1296 700 1557 744; x_wconf 82' lang='lat' dir='ltr'>mulierum.</span> <span class='ocrx_word' id='word_1_50' title='bbox 1593 726 1653 733; x_wconf 95' lang='lat'><strong>—</strong></span> <span class='ocrx_word' id='word_1_51' title='bbox 1701 701 1769 744; x_wconf 92' lang='lat'>11.</span> <span class='ocrx_word' id='word_1_52' title='bbox 1809 702 1875 744; x_wconf 77' lang='lat' dir='ltr'>An</span> <span class='ocrx_word' id='word_1_53' title='bbox 1909 700 2030 745; x_wconf 87' lang='lat' dir='ltr'>inter</span> 
     </span>
     <span class='ocr_line' id='line_1_9' title="bbox 247 783 2028 845; baseline -0.002 -13"><span class='ocrx_word' id='word_1_54' title='bbox 247 787 489 845; x_wconf 82' lang='lat' dir='ltr'>Indigenas</span> <span class='ocrx_word' id='word_1_55' title='bbox 521 788 614 831; x_wconf 88' lang='lat' dir='ltr'>sint</span> <span class='ocrx_word' id='word_1_56' title='bbox 646 786 721 845; x_wconf 81' lang='lat' dir='ltr'>qui</span> <span class='ocrx_word' id='word_1_57' title='bbox 757 784 1039 842; x_wconf 82' lang='lat' dir='ltr'>regularibus</span> <span class='ocrx_word' id='word_1_58' title='bbox 1078 783 1307 828; x_wconf 85' lang='lat' dir='ltr'>Institutis</span> <span class='ocrx_word' id='word_1_59' title='bbox 1349 783 1443 828; x_wconf 89' lang='lat' dir='ltr'>sint</span> <span class='ocrx_word' id='word_1_60' title='bbox 1483 783 1650 828; x_wconf 84' lang='lat' dir='ltr'>addicti</span> <span class='ocrx_word' id='word_1_61' title='bbox 1693 787 1739 829; x_wconf 90' lang='lat' dir='ltr'>et</span> <span class='ocrx_word' id='word_1_62' title='bbox 1776 784 1831 827; x_wconf 92' lang='lat' dir='ltr'>ad</span> <span class='ocrx_word' id='word_1_63' title='bbox 1875 784 2028 830; x_wconf 84' lang='lat' dir='ltr'>huius·</span> 
     </span>
     <span class='ocr_line' id='line_1_10' title="bbox 248 865 2029 925; baseline -0.004 -11"><span class='ocrx_word' id='word_1_64' title='bbox 248 870 367 914; x_wconf 92' lang='lat' dir='ltr'>modi</span> <span class='ocrx_word' id='word_1_65' title='bbox 403 874 573 913; x_wconf 88' lang='lat' dir='ltr'>statum</span> <span class='ocrx_word' id='word_1_66' title='bbox 608 882 655 913; x_wconf 82' lang='lat' dir='ltr'>se</span> <span class='ocrx_word' id='word_1_67' title='bbox 689 867 934 913; x_wconf 89' lang='lat' dir='ltr'>inclinatos</span> <span class='ocrx_word' id='word_1_68' title='bbox 969 867 1233 925; x_wconf 84' lang='lat' dir='ltr'>praebeant,</span> <span class='ocrx_word' id='word_1_69' title='bbox 1269 880 1357 925; x_wconf 87' lang='lat' dir='ltr'>qua</span> <span class='ocrx_word' id='word_1_70' title='bbox 1400 866 1587 910; x_wconf 89' lang='lat' dir='ltr'>demum</span> <span class='ocrx_word' id='word_1_71' title='bbox 1630 865 1901 921; x_wconf 82' lang='lat' dir='ltr'>Missionum</span> <span class='ocrx_word' id='word_1_72' title='bbox 1944 865 2029 908; x_wconf 89' lang='lat' dir='ltr'>uti-</span> 
     </span>
     <span class='ocr_line' id='line_1_11' title="bbox 246 948 2038 1013; baseline -0.002 -16"><span class='ocrx_word' id='word_1_73' title='bbox 246 953 372 998; x_wconf 82' lang='lat' dir='ltr'>litate</span> <span class='ocrx_word' id='word_1_74' title='bbox 408 953 582 1013; x_wconf 83' lang='lat' dir='ltr'>possint</span> <span class='ocrx_word' id='word_1_75' title='bbox 614 967 664 997; x_wconf 91' lang='lat' dir='ltr'>ea</span> <span class='ocrx_word' id='word_1_76' title='bbox 700 953 822 997; x_wconf 91' lang='lat' dir='ltr'>inter</span> <span class='ocrx_word' id='word_1_77' title='bbox 861 951 1099 1009; x_wconf 89' lang='lat' dir='ltr'>indigenas</span> <span class='ocrx_word' id='word_1_78' title='bbox 1137 950 1345 995; x_wconf 76' lang='lat' dir='ltr'>diffundi.</span> <span class='ocrx_word' id='word_1_79' title='bbox 1392 977 1448 982; x_wconf 93' lang='lat'>—-</span> <span class='ocrx_word' id='word_1_80' title='bbox 1493 951 1561 995; x_wconf 74' lang='lat'>12.</span> <span class='ocrx_word' id='word_1_81' title='bbox 1604 951 1766 994; x_wconf 83' lang='lat' dir='ltr'>Utrum</span> <span class='ocrx_word' id='word_1_82' title='bbox 1812 948 2038 994; x_wconf 85' lang='lat' dir='ltr'>Ecclesia·.</span> 
     </span>
     <span class='ocr_line' id='line_1_12' title="bbox 245 1031 2029 1092; baseline -0.003 -11"><span class='ocrx_word' id='word_1_83' title='bbox 245 1037 344 1081; x_wconf 90' lang='lat' dir='ltr'>stici</span> <span class='ocrx_word' id='word_1_84' title='bbox 383 1037 466 1081; x_wconf 84' lang='lat' dir='ltr'>viri</span> <span class='ocrx_word' id='word_1_85' title='bbox 502 1036 599 1081; x_wconf 77' lang='lat' dir='ltr'>sive</span> <span class='ocrx_word' id='word_1_86' title='bbox 635 1037 897 1080; x_wconf 86' lang='lat' dir='ltr'>Saeculares</span> <span class='ocrx_word' id='word_1_87' title='bbox 929 1035 1026 1079; x_wconf 86' lang='lat' dir='ltr'>sive</span> <span class='ocrx_word' id='word_1_88' title='bbox 1064 1035 1306 1092; x_wconf 82' lang='lat' dir='ltr'>Regulares</span> <span class='ocrx_word' id='word_1_89' title='bbox 1338 1033 1536 1079; x_wconf 88' lang='lat' dir='ltr'>clericali</span> <span class='ocrx_word' id='word_1_90' title='bbox 1580 1037 1660 1078; x_wconf 90' lang='lat' dir='ltr'>aut</span> <span class='ocrx_word' id='word_1_91' title='bbox 1703 1031 1910 1090; x_wconf 89' lang='lat' dir='ltr'>religioso</span> <span class='ocrx_word' id='word_1_92' title='bbox 1952 1032 2029 1075; x_wconf 88' lang='lat' dir='ltr'>ha-</span> 
     </span>
     <span class='ocr_line' id='line_1_13' title="bbox 248 1114 2029 1176; baseline -0.004 -12"><span class='ocrx_word' id='word_1_93' title='bbox 248 1121 341 1164; x_wconf 88' lang='lat' dir='ltr'>bitu</span> <span class='ocrx_word' id='word_1_94' title='bbox 378 1125 583 1175; x_wconf 86' lang='lat' dir='ltr'>utantur,</span> <span class='ocrx_word' id='word_1_95' title='bbox 622 1119 694 1163; x_wconf 80' lang='lat' dir='ltr'>vel</span> <span class='ocrx_word' id='word_1_96' title='bbox 727 1119 890 1163; x_wconf 89' lang='lat' dir='ltr'>saltem</span> <span class='ocrx_word' id='word_1_97' title='bbox 924 1118 1011 1163; x_wconf 89' lang='lat' dir='ltr'>alia</span> <span class='ocrx_word' id='word_1_98' title='bbox 1036 1122 1182 1173; x_wconf 88' lang='lat' dir='ltr'>veste,</span> <span class='ocrx_word' id='word_1_99' title='bbox 1217 1132 1334 1176; x_wconf 88' lang='lat' dir='ltr'>quae</span> <span class='ocrx_word' id='word_1_100' title='bbox 1358 1131 1516 1161; x_wconf 89' lang='lat' dir='ltr'>eorum</span> <span class='ocrx_word' id='word_1_101' title='bbox 1542 1120 1713 1160; x_wconf 87' lang='lat' dir='ltr'>statum</span> <span class='ocrx_word' id='word_1_102' title='bbox 1741 1114 1931 1159; x_wconf 91' lang='lat' dir='ltr'>minime</span> <span class='ocrx_word' id='word_1_103' title='bbox 1954 1114 2029 1158; x_wconf 90' lang='lat' dir='ltr'>de-</span> 
     </span>
     <span class='ocr_line' id='line_1_14' title="bbox 245 1208 420 1249; baseline -0.006 0"><span class='ocrx_word' id='word_1_104' title='bbox 245 1208 420 1249; x_wconf 89' lang='lat' dir='ltr'>deceat.</span> 
     </span>
    </p>

    <p class='ocr_par' dir='ltr' id='par_1_5' title="bbox 245 1283 2030 1583">
     <span class='ocr_line' id='line_1_15' title="bbox 367 1283 2028 1344; baseline -0.001 -14"><span class='ocrx_word' id='word_1_105' title='bbox 367 1291 427 1331; x_wconf 83' lang='lat' dir='ltr'>De</span> <span class='ocrx_word' id='word_1_106' title='bbox 463 1290 718 1332; x_wconf 66' lang='lat' dir='ltr'>Minister‘e’o</span> <span class='ocrx_word' id='word_1_107' title='bbox 754 1290 896 1332; x_wconf 78' lang='lat' dir='ltr'>Sacro</span> <span class='ocrx_word' id='word_1_108' title='bbox 929 1301 984 1332; x_wconf 78' lang='lat' dir='ltr'>ac</span> <span class='ocrx_word' id='word_1_109' title='bbox 1017 1288 1286 1344; x_wconf 62' lang='lat' dir='ltr'>degentium</span> <span class='ocrx_word' id='word_1_110' title='bbox 1326 1288 1638 1330; x_wconf 72' lang='lat' dir='ltr'>conversione.</span> <span class='ocrx_word' id='word_1_111' title='bbox 1688 1311 1748 1318; x_wconf 92' lang='lat'><strong>—</strong></span> <span class='ocrx_word' id='word_1_112' title='bbox 1799 1285 1865 1328; x_wconf 83' lang='lat'>15.</span> <span class='ocrx_word' id='word_1_113' title='bbox 1902 1283 2028 1329; x_wconf 90' lang='lat' dir='ltr'>Circa</span> 
     </span>
     <span class='ocr_line' id='line_1_16' title="bbox 245 1366 2028 1429; baseline -0.003 -12"><span class='ocrx_word' id='word_1_114' title='bbox 245 1386 425 1417; x_wconf 79' lang='lat' dir='ltr'>sacrum</span> <span class='ocrx_word' id='word_1_115' title='bbox 463 1371 771 1416; x_wconf 90' lang='lat' dir='ltr'>ministerium</span> <span class='ocrx_word' id='word_1_116' title='bbox 806 1372 1161 1429; x_wconf 88' lang='lat' dir='ltr'>exponendum,</span> <span class='ocrx_word' id='word_1_117' title='bbox 1205 1386 1263 1415; x_wconf 91' lang='lat' dir='ltr'>an</span> <span class='ocrx_word' id='word_1_118' title='bbox 1313 1371 1535 1415; x_wconf 86' lang='lat' dir='ltr'>habeatur</span> <span class='ocrx_word' id='word_1_119' title='bbox 1585 1368 1885 1414; x_wconf 89' lang='lat' dir='ltr'>Directorium</span> <span class='ocrx_word' id='word_1_120' title='bbox 1931 1366 2028 1412; x_wconf 88' lang='lat' dir='ltr'>sive</span> 
     </span>
     <span class='ocr_line' id='line_1_17' title="bbox 246 1450 2030 1512; baseline -0.003 -13"><span class='ocrx_word' id='word_1_121' title='bbox 246 1455 452 1499; x_wconf 64' lang='lat' dir='ltr'>collectio</span> <span class='ocrx_word' id='word_1_122' title='bbox 486 1455 746 1512; x_wconf 86' lang='lat' dir='ltr'>regularum</span> <span class='ocrx_word' id='word_1_123' title='bbox 781 1460 826 1499; x_wconf 90' lang='lat' dir='ltr'>et</span> <span class='ocrx_word' id='word_1_124' title='bbox 867 1469 1033 1499; x_wconf 91' lang='lat' dir='ltr'>usuum</span> <span class='ocrx_word' id='word_1_125' title='bbox 1084 1454 1340 1499; x_wconf 73' lang='lat' dir='ltr'>vicariatus</span> <span class='ocrx_word' id='word_1_126' title='bbox 1382 1454 1480 1498; x_wconf 89' lang='lat' dir='ltr'>sive</span> <span class='ocrx_word' id='word_1_127' title='bbox 1527 1454 1843 1497; x_wconf 88' lang='lat' dir='ltr'>Praefecturae</span> <span class='ocrx_word' id='word_1_128' title='bbox 1881 1450 2030 1510; x_wconf 87' lang='lat' dir='ltr'>quoad</span> 
     </span>
     <span class='ocr_line' id='line_1_18' title="bbox 246 1532 2028 1583; baseline -0.003 -1"><span class='ocrx_word' id='word_1_129' title='bbox 246 1539 472 1583; x_wconf 79' lang='lat' dir='ltr'>servanda</span> <span class='ocrx_word' id='word_1_130' title='bbox 506 1554 529 1583; x_wconf 89' lang='lat' dir='ltr'>a</span> <span class='ocrx_word' id='word_1_131' title='bbox 564 1538 876 1583; x_wconf 87' lang='lat' dir='ltr'>sacerdotibus</span> <span class='ocrx_word' id='word_1_132' title='bbox 909 1553 1014 1582; x_wconf 88' lang='lat' dir='ltr'>cum</span> <span class='ocrx_word' id='word_1_133' title='bbox 1050 1538 1095 1582; x_wconf 92' lang='lat' dir='ltr'>in</span> <span class='ocrx_word' id='word_1_134' title='bbox 1130 1552 1209 1582; x_wconf 89' lang='lat' dir='ltr'>sua</span> <span class='ocrx_word' id='word_1_135' title='bbox 1246 1537 1368 1582; x_wconf 87' lang='lat' dir='ltr'>vitae</span> <span class='ocrx_word' id='word_1_136' title='bbox 1402 1536 1578 1581; x_wconf 88' lang='lat' dir='ltr'>ratione</span> <span class='ocrx_word' id='word_1_137' title='bbox 1611 1540 1710 1579; x_wconf 89' lang='lat' dir='ltr'>tum</span> <span class='ocrx_word' id='word_1_138' title='bbox 1747 1535 1793 1578; x_wconf 91' lang='lat' dir='ltr'>in</span> <span class='ocrx_word' id='word_1_139' title='bbox 1827 1532 2028 1578; x_wconf 85' lang='lat' dir='ltr'>fidelium</span> 
     </span>
    </p>
   </div>
   <div class='ocr_carea' id='block_1_4' title="bbox 246 1616 2031 1847">
    <p class='ocr_par' dir='ltr' id='par_1_6' title="bbox 246 1616 2031 1847">
     <span class='ocr_line' id='line_1_19' title="bbox 246 1616 2028 1680; baseline -0.003 -15"><span class='ocrx_word' id='word_1_140' title='bbox 246 1622 484 1679; x_wconf 86' lang='lat' dir='ltr'>regimine,</span> <span class='ocrx_word' id='word_1_141' title='bbox 521 1622 719 1680; x_wconf 80' lang='lat' dir='ltr'>illudque</span> <span class='ocrx_word' id='word_1_142' title='bbox 754 1624 794 1666; x_wconf 89' lang='lat' dir='ltr'>S.</span> <span class='ocrx_word' id='word_1_143' title='bbox 831 1625 876 1667; x_wconf 90' lang='lat' dir='ltr'>C.</span> <span class='ocrx_word' id='word_1_144' title='bbox 914 1622 1200 1666; x_wconf 79' lang='lat' dir='ltr'>exhibeatur.</span> <span class='ocrx_word' id='word_1_145' title='bbox 1239 1648 1294 1652; x_wconf 89' lang='lat'>-</span> <span class='ocrx_word' id='word_1_146' title='bbox 1332 1621 1398 1664; x_wconf 66' lang='lat'>14.</span> <span class='ocrx_word' id='word_1_147' title='bbox 1437 1622 1503 1664; x_wconf 79' lang='lat' dir='ltr'>An</span> <span class='ocrx_word' id='word_1_148' title='bbox 1537 1619 1582 1663; x_wconf 91' lang='lat' dir='ltr'>in</span> <span class='ocrx_word' id='word_1_149' title='bbox 1607 1616 2028 1662; x_wconf 87' lang='lat' dir='ltr'>communicatione</span> 
     </span>
     <span class='ocr_line' id='line_1_20' title="bbox 247 1699 2027 1758; baseline -0.004 -9"><span class='ocrx_word' id='word_1_150' title='bbox 247 1707 518 1751; x_wconf 84' lang='lat' dir='ltr'>facultatum</span> <span class='ocrx_word' id='word_1_151' title='bbox 555 1706 855 1750; x_wconf 89' lang='lat' dir='ltr'>missionariis</span> <span class='ocrx_word' id='word_1_152' title='bbox 889 1705 1094 1750; x_wconf 85' lang='lat' dir='ltr'>facienda</span> <span class='ocrx_word' id='word_1_153' title='bbox 1132 1704 1313 1749; x_wconf 84' lang='lat' dir='ltr'>facilem</span> <span class='ocrx_word' id='word_1_154' title='bbox 1347 1707 1427 1748; x_wconf 89' lang='lat' dir='ltr'>aut</span> <span class='ocrx_word' id='word_1_155' title='bbox 1458 1701 1687 1746; x_wconf 86' lang='lat' dir='ltr'>difficilem</span> <span class='ocrx_word' id='word_1_156' title='bbox 1723 1714 1769 1745; x_wconf 90' lang='lat' dir='ltr'>se</span> <span class='ocrx_word' id='word_1_157' title='bbox 1814 1699 2027 1758; x_wconf 86' lang='lat' dir='ltr'>praebeat</span> 
     </span>
     <span class='ocr_line' id='line_1_21' title="bbox 248 1782 2031 1847; baseline -0.004 -15"><span class='ocrx_word' id='word_1_158' title='bbox 248 1790 474 1847; x_wconf 76' lang='lat' dir='ltr'>Superior.</span> <span class='ocrx_word' id='word_1_159' title='bbox 513 1816 570 1821; x_wconf 92' lang='lat'><strong>—</strong></span> <span class='ocrx_word' id='word_1_160' title='bbox 608 1791 671 1834; x_wconf 78' lang='lat'>15.</span> <span class='ocrx_word' id='word_1_161' title='bbox 711 1791 870 1833; x_wconf 71' lang='lat' dir='ltr'>[trum</span> <span class='ocrx_word' id='word_1_162' title='bbox 906 1802 1066 1834; x_wconf 90' lang='lat' dir='ltr'>omnes</span> <span class='ocrx_word' id='word_1_163' title='bbox 1103 1786 1377 1832; x_wconf 86' lang='lat' dir='ltr'>Missionarii</span> <span class='ocrx_word' id='word_1_164' title='bbox 1402 1786 1448 1830; x_wconf 93' lang='lat' dir='ltr'>in</span> <span class='ocrx_word' id='word_1_165' title='bbox 1482 1785 1690 1830; x_wconf 82' lang='lat' dir='ltr'>doctrina</span> <span class='ocrx_word' id='word_1_166' title='bbox 1736 1782 1895 1828; x_wconf 85' lang='lat' dir='ltr'>morali</span> <span class='ocrx_word' id='word_1_167' title='bbox 1937 1782 2031 1826; x_wconf 84' lang='lat' dir='ltr'>sint</span> 
     </span>
    </p>
   </div>
   <div class='ocr_carea' id='block_1_5' title="bbox 245 1865 2031 2682">
    <p class='ocr_par' dir='ltr' id='par_1_7' title="bbox 245 1865 2031 2682">
     <span class='ocr_line' id='line_1_22' title="bbox 246 1865 2029 1928; baseline -0.004 -12"><span class='ocrx_word' id='word_1_168' title='bbox 246 1873 510 1928; x_wconf 89' lang='lat' dir='ltr'>concordes,</span> <span class='ocrx_word' id='word_1_169' title='bbox 546 1878 592 1917; x_wconf 91' lang='lat' dir='ltr'>et</span> <span class='ocrx_word' id='word_1_170' title='bbox 626 1877 779 1917; x_wconf 84' lang='lat' dir='ltr'>utrum</span> <span class='ocrx_word' id='word_1_171' title='bbox 814 1874 868 1917; x_wconf 85' lang='lat' dir='ltr'>ad</span> <span class='ocrx_word' id='word_1_172' title='bbox 894 1871 1260 1916; x_wconf 82' lang='lat' dir='ltr'>uniformitatem</span> <span class='ocrx_word' id='word_1_173' title='bbox 1296 1870 1542 1915; x_wconf 87' lang='lat' dir='ltr'>fovendam</span> <span class='ocrx_word' id='word_1_174' title='bbox 1578 1869 1834 1912; x_wconf 86' lang='lat' dir='ltr'>habeantur</span> <span class='ocrx_word' id='word_1_175' title='bbox 1858 1866 1928 1910; x_wconf 88' lang='lat' dir='ltr'>vel</span> <span class='ocrx_word' id='word_1_176' title='bbox 1953 1865 2029 1909; x_wconf 91' lang='lat' dir='ltr'>ha-</span> 
     </span>
     <span class='ocr_line' id='line_1_23' title="bbox 248 1947 2025 2013; baseline -0.005 -14"><span class='ocrx_word' id='word_1_177' title='bbox 248 1956 340 2000; x_wconf 90' lang='lat' dir='ltr'>beri</span> <span class='ocrx_word' id='word_1_178' title='bbox 377 1957 551 2013; x_wconf 88' lang='lat' dir='ltr'>possint</span> <span class='ocrx_word' id='word_1_179' title='bbox 584 1960 845 2000; x_wconf 86' lang='lat' dir='ltr'>conventus</span> <span class='ocrx_word' id='word_1_180' title='bbox 878 1970 957 2013; x_wconf 88' lang='lat' dir='ltr'>pro</span> <span class='ocrx_word' id='word_1_181' title='bbox 991 1968 1180 1999; x_wconf 90' lang='lat' dir='ltr'>casuum</span> <span class='ocrx_word' id='word_1_182' title='bbox 1217 1953 1460 1998; x_wconf 90' lang='lat' dir='ltr'>moralium</span> <span class='ocrx_word' id='word_1_183' title='bbox 1484 1951 1699 1996; x_wconf 85' lang='lat' dir='ltr'>examine</span> <span class='ocrx_word' id='word_1_184' title='bbox 1724 1947 2025 1994; x_wconf 87' lang='lat' dir='ltr'>conficiendo.</span> 
     </span>
     <span class='ocr_line' id='line_1_24' title="bbox 248 2031 2022 2091; baseline -0.005 -8"><span class='ocrx_word' id='word_1_185' title='bbox 248 2066 300 2070; x_wconf 94' lang='lat'><strong>—</strong></span> <span class='ocrx_word' id='word_1_186' title='bbox 339 2040 405 2083; x_wconf 83' lang='lat'>16.</span> <span class='ocrx_word' id='word_1_187' title='bbox 444 2042 602 2083; x_wconf 78' lang='lat' dir='ltr'>[trum</span> <span class='ocrx_word' id='word_1_188' title='bbox 637 2039 797 2083; x_wconf 81' lang='lat' dir='ltr'>diffusa</span> <span class='ocrx_word' id='word_1_189' title='bbox 832 2039 891 2083; x_wconf 90' lang='lat' dir='ltr'>sit</span> <span class='ocrx_word' id='word_1_190' title='bbox 914 2039 1036 2083; x_wconf 82' lang='lat' dir='ltr'>inter</span> <span class='ocrx_word' id='word_1_191' title='bbox 1068 2039 1220 2082; x_wconf 77' lang='lat' dir='ltr'>fideles</span> <span class='ocrx_word' id='word_1_192' title='bbox 1254 2036 1388 2081; x_wconf 88' lang='lat' dir='ltr'>lectio</span> <span class='ocrx_word' id='word_1_193' title='bbox 1421 2035 1640 2079; x_wconf 91' lang='lat' dir='ltr'>librorum</span> <span class='ocrx_word' id='word_1_194' title='bbox 1675 2031 2022 2091; x_wconf 79' lang='lat' dir='ltr'>prohibitorum.</span> 
     </span>
     <span class='ocr_line' id='line_1_25' title="bbox 247 2115 2029 2168; baseline -0.005 -1"><span class='ocrx_word' id='word_1_195' title='bbox 247 2150 302 2154; x_wconf 83' lang='lat'>——</span> <span class='ocrx_word' id='word_1_196' title='bbox 341 2125 406 2167; x_wconf 88' lang='grc'>17.</span> <span class='ocrx_word' id='word_1_197' title='bbox 444 2124 605 2167; x_wconf 68' lang='lat' dir='ltr'>[trum</span> <span class='ocrx_word' id='word_1_198' title='bbox 642 2123 687 2168; x_wconf 95' lang='lat' dir='ltr'>in</span> <span class='ocrx_word' id='word_1_199' title='bbox 722 2122 935 2168; x_wconf 89' lang='lat' dir='ltr'>omnibus</span> <span class='ocrx_word' id='word_1_200' title='bbox 972 2121 1275 2166; x_wconf 86' lang='lat' dir='ltr'>Vicariatibus</span> <span class='ocrx_word' id='word_1_201' title='bbox 1308 2124 1354 2165; x_wconf 92' lang='lat' dir='ltr'>et</span> <span class='ocrx_word' id='word_1_202' title='bbox 1399 2117 1699 2164; x_wconf 88' lang='lat' dir='ltr'>Praefecturis</span> <span class='ocrx_word' id='word_1_203' title='bbox 1747 2115 1864 2160; x_wconf 89' lang='lat' dir='ltr'>adsit</span> <span class='ocrx_word' id='word_1_204' title='bbox 1903 2118 2029 2160; x_wconf 88' lang='lat' dir='ltr'>Cate-</span> 
     </span>
     <span class='ocr_line' id='line_1_26' title="bbox 246 2196 2031 2264; baseline -0.006 -13"><span class='ocrx_word' id='word_1_205' title='bbox 246 2206 464 2261; x_wconf 88' lang='lat' dir='ltr'>chismus‚</span> <span class='ocrx_word' id='word_1_206' title='bbox 501 2210 547 2250; x_wconf 90' lang='lat' dir='ltr'>et</span> <span class='ocrx_word' id='word_1_207' title='bbox 577 2210 805 2264; x_wconf 78' lang='lat' dir='ltr'>quatenus</span> <span class='ocrx_word' id='word_1_208' title='bbox 837 2204 1130 2258; x_wconf 83' lang='lat' dir='ltr'>affirmative,</span> <span class='ocrx_word' id='word_1_209' title='bbox 1175 2218 1234 2248; x_wconf 87' lang='lat' dir='ltr'>an</span> <span class='ocrx_word' id='word_1_210' title='bbox 1278 2204 1323 2247; x_wconf 95' lang='lat' dir='ltr'>in</span> <span class='ocrx_word' id='word_1_211' title='bbox 1366 2202 1504 2247; x_wconf 70' lang='lat' dir='ltr'>variis</span> <span class='ocrx_word' id='word_1_212' title='bbox 1548 2201 1670 2244; x_wconf 90' lang='lat' dir='ltr'>libris</span> <span class='ocrx_word' id='word_1_213' title='bbox 1710 2199 1808 2242; x_wconf 90' lang='lat' dir='ltr'>eius</span> <span class='ocrx_word' id='word_1_214' title='bbox 1853 2196 2031 2255; x_wconf 86' lang='lat' dir='ltr'>generis</span> 
     </span>
     <span class='ocr_line' id='line_1_27' title="bbox 245 2281 2027 2346; baseline -0.006 -13"><span class='ocrx_word' id='word_1_215' title='bbox 245 2293 457 2333; x_wconf 71' lang='lat' dir='ltr'>servetur</span> <span class='ocrx_word' id='word_1_216' title='bbox 491 2288 783 2332; x_wconf 84' lang='lat' dir='ltr'>uniformitas</span> <span class='ocrx_word' id='word_1_217' title='bbox 815 2287 963 2346; x_wconf 86' lang='lat' dir='ltr'>quoad</span> <span class='ocrx_word' id='word_1_218' title='bbox 997 2286 1234 2331; x_wconf 90' lang='lat' dir='ltr'>doctrinae</span> <span class='ocrx_word' id='word_1_219' title='bbox 1268 2284 1620 2342; x_wconf 80' lang='lat' dir='ltr'>expositionem.</span> <span class='ocrx_word' id='word_1_220' title='bbox 1668 2307 1726 2315; x_wconf 95' lang='lat'>—</span> <span class='ocrx_word' id='word_1_221' title='bbox 1761 2281 1828 2325; x_wconf 89' lang='lat'>18.</span> <span class='ocrx_word' id='word_1_222' title='bbox 1866 2281 2027 2323; x_wconf 80' lang='lat' dir='ltr'>Utrum</span> 
     </span>
     <span class='ocr_line' id='line_1_28' title="bbox 247 2362 2028 2430; baseline -0.005 -14"><span class='ocrx_word' id='word_1_223' title='bbox 247 2372 461 2430; x_wconf 88' lang='lat' dir='ltr'>expediat</span> <span class='ocrx_word' id='word_1_224' title='bbox 493 2372 697 2416; x_wconf 87' lang='lat' dir='ltr'>eiusdem</span> <span class='ocrx_word' id='word_1_225' title='bbox 735 2371 963 2416; x_wconf 81' lang='lat' dir='ltr'>Missionis</span> <span class='ocrx_word' id='word_1_226' title='bbox 1004 2369 1239 2414; x_wconf 90' lang='lat' dir='ltr'>districtus</span> <span class='ocrx_word' id='word_1_227' title='bbox 1280 2368 1341 2413; x_wconf 84' lang='lat' dir='ltr'>ita</span> <span class='ocrx_word' id='word_1_228' title='bbox 1382 2367 1621 2421; x_wconf 84' lang='lat' dir='ltr'>ordinare,</span> <span class='ocrx_word' id='word_1_229' title='bbox 1665 2370 1717 2410; x_wconf 90' lang='lat' dir='ltr'>ut</span> <span class='ocrx_word' id='word_1_230' title='bbox 1761 2366 1909 2424; x_wconf 89' lang='lat' dir='ltr'>plures</span> <span class='ocrx_word' id='word_1_231' title='bbox 1949 2362 2028 2408; x_wconf 93' lang='lat' dir='ltr'>uni</span> 
     </span>
     <span class='ocr_line' id='line_1_29' title="bbox 249 2447 2030 2514; baseline -0.006 -12"><span class='ocrx_word' id='word_1_232' title='bbox 249 2455 535 2502; x_wconf 87' lang='lat' dir='ltr'>Missionario</span> <span class='ocrx_word' id='word_1_233' title='bbox 572 2461 807 2514; x_wconf 88' lang='lat' dir='ltr'>tamquam</span> <span class='ocrx_word' id='word_1_234' title='bbox 841 2454 1063 2512; x_wconf 88' lang='lat' dir='ltr'>superiori</span> <span class='ocrx_word' id='word_1_235' title='bbox 1097 2452 1290 2498; x_wconf 86' lang='lat' dir='ltr'>subsint.</span> <span class='ocrx_word' id='word_1_236' title='bbox 1342 2479 1398 2484; x_wconf 81' lang='lat'>—-</span> <span class='ocrx_word' id='word_1_237' title='bbox 1444 2452 1511 2496; x_wconf 82' lang='lat'>19.</span> <span class='ocrx_word' id='word_1_238' title='bbox 1550 2453 1710 2495; x_wconf 77' lang='lat' dir='ltr'>[trum</span> <span class='ocrx_word' id='word_1_239' title='bbox 1752 2449 1798 2494; x_wconf 94' lang='lat' dir='ltr'>in</span> <span class='ocrx_word' id='word_1_240' title='bbox 1841 2447 2030 2505; x_wconf 87' lang='lat' dir='ltr'>singulis</span> 
     </span>
     <span class='ocr_line' id='line_1_30' title="bbox 246 2530 2029 2598; baseline -0.007 -13"><span class='ocrx_word' id='word_1_241' title='bbox 246 2540 544 2593; x_wconf 87' lang='lat' dir='ltr'>districtibus,</span> <span class='ocrx_word' id='word_1_242' title='bbox 580 2539 655 2598; x_wconf 90' lang='lat' dir='ltr'>qui</span> <span class='ocrx_word' id='word_1_243' title='bbox 692 2538 1011 2597; x_wconf 90' lang='lat' dir='ltr'>parochiarum</span> <span class='ocrx_word' id='word_1_244' title='bbox 1046 2538 1198 2582; x_wconf 90' lang='lat' dir='ltr'>locum</span> <span class='ocrx_word' id='word_1_245' title='bbox 1234 2541 1411 2597; x_wconf 81' lang='lat' dir='ltr'>tenent,</span> <span class='ocrx_word' id='word_1_246' title='bbox 1447 2535 1691 2592; x_wconf 86' lang='lat' dir='ltr'>diligenter</span> <span class='ocrx_word' id='word_1_247' title='bbox 1712 2536 1959 2578; x_wconf 79' lang='lat' dir='ltr'>serventur</span> <span class='ocrx_word' id='word_1_248' title='bbox 1981 2530 2029 2574; x_wconf 90' lang='lat' dir='ltr'>li-</span> 
     </span>
     <span class='ocr_line' id='line_1_31' title="bbox 248 2612 2030 2682; baseline -0.006 -14"><span class='ocrx_word' id='word_1_249' title='bbox 248 2624 314 2668; x_wconf 90' lang='lat' dir='ltr'>bri</span> <span class='ocrx_word' id='word_1_250' title='bbox 346 2623 701 2682; x_wconf 85' lang='lat' dir='ltr'>baptizatorum,</span> <span class='ocrx_word' id='word_1_251' title='bbox 728 2621 1148 2675; x_wconf 88' lang='lat' dir='ltr'>matrimoniorum,</span> <span class='ocrx_word' id='word_1_252' title='bbox 1173 2622 1515 2673; x_wconf 85' lang='lat' dir='ltr'>defunctorum,</span> <span class='ocrx_word' id='word_1_253' title='bbox 1540 2631 1626 2662; x_wconf 92' lang='lat' dir='ltr'>nec</span> <span class='ocrx_word' id='word_1_254' title='bbox 1651 2630 1742 2661; x_wconf 94' lang='lat' dir='ltr'>non</span> <span class='ocrx_word' id='word_1_255' title='bbox 1765 2619 1912 2660; x_wconf 89' lang='lat' dir='ltr'>status</span> <span class='ocrx_word' id='word_1_256' title='bbox 1933 2612 2030 2658; x_wconf 91' lang='lat' dir='ltr'>ani-</span> 
     </span>
    </p>
   </div>
   <div class='ocr_carea' id='block_1_6' title="bbox 248 2698 2176 2765">
    <p class='ocr_par' dir='ltr' id='par_1_8' title="bbox 248 2698 2176 2765">
     <span class='ocr_line' id='line_1_32' title="bbox 248 2698 2176 2765; baseline -0.007 -13"><span class='ocrx_word' id='word_1_257' title='bbox 248 2721 455 2764; x_wconf 87' lang='lat' dir='ltr'>marum;</span> <span class='ocrx_word' id='word_1_258' title='bbox 479 2721 536 2751; x_wconf 90' lang='lat' dir='ltr'>an</span> <span class='ocrx_word' id='word_1_259' title='bbox 563 2706 678 2750; x_wconf 82' lang='lat' dir='ltr'>ratio</span> <span class='ocrx_word' id='word_1_260' title='bbox 702 2705 923 2750; x_wconf 82' lang='lat' dir='ltr'>habeatur</span> <span class='ocrx_word' id='word_1_261' title='bbox 945 2703 1267 2749; x_wconf 86' lang='lat' dir='ltr'>observantiae</span> <span class='ocrx_word' id='word_1_262' title='bbox 1290 2701 1518 2761; x_wconf 89' lang='lat' dir='ltr'>praecepti</span> <span class='ocrx_word' id='word_1_263' title='bbox 1542 2698 1782 2759; x_wconf 89' lang='lat' dir='ltr'>paschalis,</span> <span class='ocrx_word' id='word_1_264' title='bbox 1806 2702 1852 2742; x_wconf 91' lang='lat' dir='ltr'>et</span> <span class='ocrx_word' id='word_1_265' title='bbox 1876 2700 2028 2741; x_wconf 87' lang='lat' dir='ltr'>utrum</span> <span class='ocrx_word' id='word_1_266' title='bbox 2057 2760 2063 2765; x_wconf 33' lang='grc' dir='ltr'>Ι</span> <span class='ocrx_word' id='word_1_267' title='bbox 2119 2701 2135 2749; x_wconf 70' lang='grc' dir='ltr'>ξ,</span> <span class='ocrx_word' id='word_1_268' title='bbox 2158 2758 2176 2760; x_wconf 31' lang='grc' dir='ltr'><strong><em>ν</em></strong></span> 
     </span>
    </p>
   </div>
   <div class='ocr_carea' id='block_1_7' title="bbox 246 2781 2030 3166">
    <p class='ocr_par' dir='ltr' id='par_1_9' title="bbox 246 2781 2029 3009">
     <span class='ocr_line' id='line_1_33' title="bbox 248 2781 2029 2845; baseline -0.006 -10"><span class='ocrx_word' id='word_1_269' title='bbox 248 2791 492 2836; x_wconf 88' lang='lat' dir='ltr'>memorati</span> <span class='ocrx_word' id='word_1_270' title='bbox 524 2789 758 2834; x_wconf 91' lang='lat' dir='ltr'>districtus</span> <span class='ocrx_word' id='word_1_271' title='bbox 790 2789 845 2833; x_wconf 91' lang='lat' dir='ltr'>ad</span> <span class='ocrx_word' id='word_1_272' title='bbox 879 2789 1074 2833; x_wconf 88' lang='lat' dir='ltr'>formam</span> <span class='ocrx_word' id='word_1_273' title='bbox 1121 2786 1357 2845; x_wconf 88' lang='lat' dir='ltr'>paroeciae</span> <span class='ocrx_word' id='word_1_274' title='bbox 1396 2800 1420 2830; x_wconf 92' lang='lat' dir='ltr'>a</span> <span class='ocrx_word' id='word_1_275' title='bbox 1463 2784 1718 2830; x_wconf 86' lang='lat' dir='ltr'>canonibus</span> <span class='ocrx_word' id='word_1_276' title='bbox 1763 2781 2029 2841; x_wconf 88' lang='lat' dir='ltr'>requisitam</span> 
     </span>
     <span class='ocr_line' id='line_1_34' title="bbox 246 2863 2025 2928; baseline -0.006 -10"><span class='ocrx_word' id='word_1_277' title='bbox 246 2874 484 2918; x_wconf 89' lang='lat' dir='ltr'>accedant.</span> <span class='ocrx_word' id='word_1_278' title='bbox 519 2898 579 2906; x_wconf 95' lang='lat'>—</span> <span class='ocrx_word' id='word_1_279' title='bbox 611 2873 683 2916; x_wconf 69' lang='grc' dir='ltr'>ΞΟ.</span> <span class='ocrx_word' id='word_1_280' title='bbox 720 2872 954 2915; x_wconf 88' lang='lat' dir='ltr'>Indicetur</span> <span class='ocrx_word' id='word_1_281' title='bbox 984 2885 1043 2915; x_wconf 91' lang='lat' dir='ltr'>an</span> <span class='ocrx_word' id='word_1_282' title='bbox 1077 2870 1226 2928; x_wconf 84' lang='lat' dir='ltr'>aliqua</span> <span class='ocrx_word' id='word_1_283' title='bbox 1250 2867 1434 2926; x_wconf 86' lang='lat' dir='ltr'>speciali</span> <span class='ocrx_word' id='word_1_284' title='bbox 1468 2867 1646 2911; x_wconf 88' lang='lat' dir='ltr'>ratione</span> <span class='ocrx_word' id='word_1_285' title='bbox 1669 2864 1844 2910; x_wconf 85' lang='lat' dir='ltr'>consuli</span> <span class='ocrx_word' id='word_1_286' title='bbox 1869 2863 2025 2922; x_wconf 89' lang='lat' dir='ltr'>possit,</span> 
     </span>
     <span class='ocr_line' id='line_1_35' title="bbox 246 2936 1870 3009; baseline -0.006 -8"><span class='ocrx_word' id='word_1_287' title='bbox 246 2960 297 3001; x_wconf 93' lang='lat' dir='ltr'>ut</span> <span class='ocrx_word' id='word_1_288' title='bbox 331 2955 507 3001; x_wconf 89' lang='lat' dir='ltr'>facilius</span> <span class='ocrx_word' id='word_1_289' title='bbox 539 2954 763 2999; x_wconf 90' lang='lat' dir='ltr'>catholica</span> <span class='ocrx_word' id='word_1_290' title='bbox 798 2953 908 2998; x_wconf 81' lang='lat' dir='ltr'>fides</span> <span class='ocrx_word' id='word_1_291' title='bbox 940 2954 1062 2997; x_wconf 88' lang='lat' dir='ltr'>inter</span> <span class='ocrx_word' id='word_1_292' title='bbox 1095 2951 1333 3009; x_wconf 89' lang='lat' dir='ltr'>indigenas</span> <span class='ocrx_word' id='word_1_293' title='bbox 1366 2953 1653 3009; x_wconf 85' lang='lat' dir='ltr'>propagetur.</span> <span class='ocrx_word' id='word_1_294' title='bbox 1867 2936 1870 2938; x_wconf 16' lang='grc' dir='ltr'><strong>Δ</strong></span> 
     </span>
    </p>

    <p class='ocr_par' dir='ltr' id='par_1_10' title="bbox 246 3029 2030 3166">
     <span class='ocr_line' id='line_1_36' title="bbox 366 3029 2028 3095; baseline -0.007 -13"><span class='ocrx_word' id='word_1_295' title='bbox 366 3041 430 3082; x_wconf 85' lang='lat' dir='ltr'>De</span> <span class='ocrx_word' id='word_1_296' title='bbox 463 3038 688 3091; x_wconf 77' lang='lat' dir='ltr'>Ecclesiis‚</span> <span class='ocrx_word' id='word_1_297' title='bbox 730 3036 970 3093; x_wconf 71' lang='lat' dir='ltr'>CappelliS‚</span> <span class='ocrx_word' id='word_1_298' title='bbox 1007 3040 1047 3079; x_wconf 80' lang='lat' dir='ltr'>et</span> <span class='ocrx_word' id='word_1_299' title='bbox 1079 3034 1394 3092; x_wconf 77' lang='lat' dir='ltr'>Presbyteriis.</span> <span class='ocrx_word' id='word_1_300' title='bbox 1429 3057 1490 3065; x_wconf 94' lang='lat'>—</span> <span class='ocrx_word' id='word_1_301' title='bbox 1533 3032 1604 3076; x_wconf 78' lang='lat'>21.</span> <span class='ocrx_word' id='word_1_302' title='bbox 1641 3029 1939 3095; x_wconf 88' lang='lat' dir='ltr'>Exprimatur</span> <span class='ocrx_word' id='word_1_303' title='bbox 1968 3040 2028 3072; x_wconf 88' lang='lat' dir='ltr'>an</span> 
     </span>
     <span class='ocr_line' id='line_1_37' title="bbox 246 3110 2030 3166; baseline -0.007 0"><span class='ocrx_word' id='word_1_304' title='bbox 246 3121 305 3166; x_wconf 91' lang='lat' dir='ltr'>sit</span> <span class='ocrx_word' id='word_1_305' title='bbox 346 3121 394 3165; x_wconf 91' lang='lat' dir='ltr'>in</span> <span class='ocrx_word' id='word_1_306' title='bbox 436 3119 654 3165; x_wconf 88' lang='lat' dir='ltr'>missione</span> <span class='ocrx_word' id='word_1_307' title='bbox 700 3131 922 3164; x_wconf 90' lang='lat' dir='ltr'>numerus</span> <span class='ocrx_word' id='word_1_308' title='bbox 962 3116 1194 3162; x_wconf 80' lang='lat' dir='ltr'>sufficiens</span> <span class='ocrx_word' id='word_1_309' title='bbox 1234 3115 1537 3160; x_wconf 88' lang='lat' dir='ltr'>Ecclesiarum</span> <span class='ocrx_word' id='word_1_310' title='bbox 1581 3117 1628 3158; x_wconf 90' lang='lat' dir='ltr'>et</span> <span class='ocrx_word' id='word_1_311' title='bbox 1665 3111 1942 3162; x_wconf 90' lang='lat' dir='ltr'>Sacellorum</span> <span class='ocrx_word' id='word_1_312' title='bbox 1983 3110 2030 3154; x_wconf 85' lang='lat' dir='ltr'>et</span> 
     </span>
    </p>
   </div>
   <div class='ocr_carea' id='block_1_8' title="bbox 2060 2783 2176 3386">
    <p class='ocr_par' dir='ltr' id='par_1_11' title="bbox 2060 2783 2176 3386">
     <span class='ocr_line' id='line_1_38' title="bbox 2060 2783 2176 3386; baseline 0 0"><span class='ocrx_word' id='word_1_313' title='bbox 2060 2783 2176 3386; x_wconf 95' lang='lat' dir='ltr'> </span> 
     </span>
    </p>
   </div>
  </div>
 </body>
</html>
