2176 3386
204 239 280 278 148
591 257 595 260 ·
874 249 983 278 PARS
1011 249 1051 277 11.
1087 249 1144 277 DE
1174 250 1312 279 mfflcs

321 356 422 400 951.
462 356 663 414 Denique
697 355 953 400 notandum
987 359 1056 400 est
1087 356 1207 415 quod
1230 355 1265 400 si
1288 355 1365 415 qui
1389 355 1657 401 domiciliati
1679 361 1788 401 sunt
1810 356 1857 401 in
1880 356 1981 401 loco

201 438 277 483 ubi
315 443 556 483 Decretum
590 439 706 483 'frid
742 440 1005 483 nullatenus
1036 438 1221 496 obligat,
1257 439 1304 484 in
1337 439 1478 484 alium
1500 439 1737 485 divertant
1758 441 1908 486 locum
1931 439 1980 486 in

200 536 290 582 quo
322 536 484 567 omnes
516 522 709 581 obligat,
755 521 956 567 invalide
1000 522 1284 567 clandestine
1329 523 1611 567 contrahunt
1652 522 1699 567 in
1734 523 1820 568 hoc
1851 522 1978 580 loco,

200 605 413 663 exceptio
446 605 571 650 enim
605 620 628 650 a
666 607 760 663 lege
794 606 1030 651 communi
1067 621 1158 650 non
1193 611 1263 651 est
1294 606 1560 664 personalis.

321 690 420 733 952.
463 694 732 734 Extremum
765 693 835 733 est
868 693 919 733 ut
950 689 1099 748 aliqua
1134 689 1235 734 heic
1270 689 1518 734 innuamus
1549 690 1603 734 de
1642 690 1978 735 haereticorum

201 773 512 818 matrimoniis
543 787 596 817 ac
628 772 683 817 de
717 772 876 816 mixtis
909 771 1151 829 coniugiis,
1190 786 1281 816 non
1316 772 1556 816 observata
1592 773 1736 816 forma
1771 772 1976 818 Concilii.

204 859 339 900 Porro
372 860 550 899 certum
584 859 652 899 est
685 854 804 913 quod
838 854 933 911 lege
966 854 1273 899 ecclesiastica
1307 867 1468 898 omnes
1501 854 1702 912 ligantur
1743 854 1978 912 baptizati,

199 951 289 996 quo
324 936 511 981 nomine
547 935 764 980 haeretici
799 936 938 979 etiam
974 937 1186 990 veniunt,
1222 935 1418 980 defectio
1451 935 1676 995 siquidem
1698 937 1756 981 ab
1780 937 1980 982 Ecclesia

200 1018 425 1065 catholica
459 1031 536 1062 eos
567 1018 624 1062 ab
657 1017 932 1076 obligatione
965 1017 1180 1062 servandi
1222 1017 1554 1062 ecclesiasticas
1599 1018 1718 1076 leges
1757 1033 1850 1064 non
1884 1019 1980 1063 exi-

201 1104 300 1149 mit.
340 1106 456 1147 Saue
490 1105 593 1160 Sup.
633 1101 766 1146 Univ.
804 1102 972 1160 1nq.¹,
1009 1102 1063 1146 ad
1108 1101 1297 1146 dubium
1344 1101 1624 1160 propositum
1669 1103 1726 1147 ab
1762 1103 1979 1161 Episcopo

200 1185 516 1232 Cameracensi
553 1190 709 1229 utrum
746 1184 789 1228 in
825 1183 1019 1229 dioecesi
1054 1189 1307 1239 camerac„
1333 1185 1408 1228 ubi
1432 1185 1601 1230 Concil.
1630 1185 1749 1230 Trid.
1781 1187 1980 1243 promul-

200 1274 356 1326 gatum
392 1268 494 1323 suit,
531 1267 686 1311 haberi
721 1267 920 1311 debeant
961 1266 1258 1311 matrimonia
1304 1267 1684 1324 protestantium,
1729 1268 1806 1326 qui
1848 1281 1980 1312 num-

198 1366 336 1411 quam
374 1350 641 1408 religionem
678 1349 954 1394 catholicam
987 1348 1187 1407 amplexi
1211 1355 1319 1393 sunt
1340 1349 1508 1408 quique
1531 1364 1685 1394 coram
1709 1349 1979 1407 magistratu

199 1436 325 1480 civili
359 1439 543 1479 tautum
578 1438 869 1487 contraxere,
908 1432 1049 1477 veluti
1087 1433 1207 1476 nulla
1241 1436 1322 1477 aut
1356 1433 1496 1476 veluti
1531 1432 1684 1488 dubia,
1720 1433 1977 1492 respondit:

201 1521 512 1564 vnatrt'monia
547 1518 607 1561 ibi
637 1520 763 1561 inter
794 1517 1047 1561 haereticos
1079 1522 1323 1561 contracta
1345 1515 1562 1561 habenda
1585 1530 1675 1560 esse
1697 1516 1754 1560 ab
1778 1517 1981 1562 Ecclesia

201 1610 444 1660 tanlquam
479 1601 714 1645 invalida.
754 1600 797 1645 [d
834 1613 943 1643 vero
976 1599 1197 1656 procedit,
1234 1598 1414 1643 etiamsi
1450 1597 1661 1655 coniugia
1695 1597 1911 1642 ineantur
1935 1599 1979 1643 in

200 1684 376 1730 sacellis
409 1699 461 1728 ac
494 1684 705 1728 domibus
747 1683 974 1740 exemptis
1022 1681 1129 1739 regii
1177 1682 1375 1726 ministri
1418 1682 1661 1726 acatholici
1704 1682 1778 1726 vel
1820 1687 1983 1740 agatur

200 1769 254 1812 de
290 1767 460 1825 nuptiis
494 1766 668 1811 mixtis.

320 1852 420 1897 955.
462 1850 765 1908 Excipiuntur
801 1854 954 1894 tamen
988 1850 1086 1893 loca
1121 1863 1237 1908 quae
1272 1848 1609 1893 foederatorum
1647 1848 1870 1893 Ordinum
1905 1848 1980 1893 do-

202 1934 344 1978 minio
379 1934 424 1977 in
461 1933 610 1990 Belgio
643 1932 1035 1987 subiiciebantur,
1087 1932 1131 1975 in
1176 1931 1340 1990 quibus
1384 1932 1598 1990 quamvis
1642 1929 1980 1989 promulgatum

201 2016 340 2061 fuerit
368 2020 610 2060 Decretum
633 2014 840 2070 Concilii,
867 2019 1023 2058 tamen
1049 2028 1127 2072 per
1149 2013 1340 2059 Constit.
1368 2013 1532 2057 Bened.
1561 2015 1658 2058 XIV
1679 2013 1708 2057 4
1726 2026 1835 2057 nov.
1870 2014 1973 2057 1741

200 2102 425 2143 statutum
462 2103 557 2143 est:
615 2100 652 2155 l)
692 2099 852 2143 Valere
886 2097 1181 2143 matrimonia
1216 2096 1328 2140 inita
1367 2097 1437 2140 vel
1472 2095 1672 2140 ineunda
1709 2095 1828 2140 inter
1870 2096 1982 2140 duos

204 2182 421 2239 coniuges
455 2181 710 2226 haereticos
741 2181 840 2224 sine
874 2178 1086 2224 catholici
1121 2179 1306 2236 parochi
1341 2179 1613 2236 praesentia.
1664 2179 1782 2235 2)1n
1821 2178 1980 2222 eadem

200 2266 453 2311 addebatur
486 2265 606 2310 idem
639 2263 886 2308 dicendum
921 2276 1017 2307 esse
1051 2265 1105 2307 de
1141 2261 1450 2307 matrimoniis
1484 2260 1641 2305 mixtis
1672 2265 1718 2305 et
1745 2261 1800 2306 de
1824 2261 1982 2305 matri-

202 2349 371 2396 moniis
405 2348 743 2412 haereticorum
777 2345 899 2390 inter
930 2358 977 2389 se
1013 2344 1085 2388 vel
1119 2343 1294 2399 mixtis,
1329 2357 1446 2402 quae
1479 2348 1611 2388 extra
1645 2343 1759 2388 fines
1790 2342 1980 2388 dominii

202 2433 541 2478 foederatorum
574 2429 799 2475 ordinum
834 2427 1174 2472 contrahuntur
1205 2426 1262 2470 ab
1294 2426 1364 2481 iis,
1399 2425 1475 2485 qui
1509 2425 1677 2470 addicti
1709 2430 1818 2471 sunt
1846 2425 1982 2483 legio-

203 2516 337 2560 nibus
368 2529 447 2560 seu
482 2513 756 2559 militaribus
788 2510 956 2570 copiis,
1004 2524 1121 2569 quae
1154 2509 1211 2554 ab
1244 2509 1404 2554 iisdem
1449 2509 1692 2554 foederatis
1735 2509 1982 2554 Ordinibus

202 2600 352 2645 solent
384 2596 638 2642 transmitti
671 2595 727 2640 ad
761 2592 1076 2639 conterminas
1107 2606 1237 2638 arces
1269 2593 1592 2638 custodiendas
1623 2598 1670 2637 et
1708 2591 1981 2637 muniendas

204 2683 340 2741 vulgo
373 2682 519 2726 dictas
550 2681 606 2724 de
638 2679 865 2734 barriere,
900 2676 1150 2721 dummodo
1185 2679 1376 2735 uterque
1408 2676 1581 2720 coniux
1612 2674 1669 2719 ad
1701 2674 1883 2719 easdem
1906 2687 1980 2719 co-

203 2765 301 2824 pias
333 2763 573 2823 pertineat.
612 2762 814 2820 Denique
847 2760 966 2804 hanc
998 2758 1356 2803 declarationem
1390 2757 1633 2816 complecti
1654 2756 1795 2802 etiam
1818 2756 1981 2802 civita-

202 2852 298 2893 tem
332 2851 486 2893 Mosae
530 2842 835 2890 Traiectensis
875 2856 901 2887 a
943 2840 1174 2900 republica
1221 2841 1563 2885 foederatorum
1611 2838 1835 2884 ordinum
1882 2838 1980 2883 iure

202 2929 594 2990 oppignorationis
626 2940 897 2986 possessam,
932 2924 1226 2985 quaestiones
1258 2937 1369 2969 vero
1400 2923 1522 2968 circa
1546 2922 1838 2968 matrimonia
1864 2921 1982 2968 inita

324 3117 333 3136 ¹
362 3116 428 3154 Die
456 3116 500 3152 18
526 3115 617 3153 iunii
647 3115 747 3152 1851.
