2176 3386
511 203 640 232 LIBER
668 203 691 231 Ι.
729 203 785 231 DE
815 203 952 232 REBUS
982 203 1218 232 ECCLESIAE
1247 203 1575 233 SPIRITUALIBUS
1862 194 1938 234 113

271 309 373 354 840.
410 310 567 364 Quoad
600 310 752 355 locum
785 309 1051 364 conferendi
1077 309 1260 355 ordines
1293 311 1548 355 notandum
1573 315 1659 366 est,
1684 311 1804 371 quod
1837 316 1937 357 ton-

148 404 257 436 sura
291 394 336 436 et
368 392 551 437 ordines
585 392 785 437 minores
820 396 1009 450 possunt
1040 392 1239 437 conferri
1276 392 1322 437 in
1355 375 1575 452 quolibet·
1593 394 1795 439 honesto
1819 394 1933 440 loco.

145 474 346 520 ‘Ordines
377 475 492 520 sacri
511 476 727 521 ‘conferri
761 476 930 521 debent
963 477 1008 521 in
1042 476 1317 532 cathedrali,
1342 476 1520 522 vocatis
1542 481 1600 521 'et
1624 472 1939 535 praesentibus

146 557 409 602 >Can'onic¹is.
447 557 487 602 Si
512 572 605 603 non
639 558 778 603 fuerit
810 559 1039 604 ordinatio
1072 558 1314 617 generalis,
1349 559 1427 604 sed
1460 564 1643 604 tantuin
1679 559 1935 620 aliquarum

150 652 468 698 personarum,
496 645 645 699 potest
675 642 844 701 ubique
872 642 1117 700 Episcopus
1150 646 1251 686 ea'm
1288 643 1472 697 habere,
1505 647 1551 686 et
1572 641 1729 687 etiam'
1749 644 1794 687 in
1828 647 1937 702 Cap-

150 723 268 780 pella
300 728 380 767 s'ua
412 724 594 781 'privata
622 725 650 768 ².
703 724 745 769 Si
779 730 936 770 autem
970 726 1029 770 sit
1061 725 1317 783 generalis,
1355 725 1400 769 in
1439 725 1637 770 Ecclesia
1686 726 1936 772 cathedrali

149 806 408 864 peragenda
443 811 510 850 est
534 808 563 851 ‘·'.
591 809 595 811 ’

885 1006 1116 1034 Aaricums
1151 1007 1190 1035 v.

761 1112 824 1153 De
858 1113 955 1154 Den
964 1126 989 1154 a
999 1112 1318 1157 inlationibus

268 1228 369 1273 841.
410 1229 472 1273 Ad
507 1228 802 1273 existentiam
841 1230 1174 1274 recensitarum
1223 1228 1498 1288 qualitatum
1548 1231 1932 1288 cognoscendam,

140 1318 195 1358 >et
227 1314 556 1372 cuiuscumque
601 1314 950 1371 irregularitatis
996 1314 1229 1370 defectus,
1265 1314 1353 1358 duo
1397 1315 1546 1359 solent
1594 1314 1933 1359 ordinationem

148 1397 435 1454 praecedere,
472 1396 647 1441 scilicet
679 1397 1063 1454 proclamationes
1095 1401 1140 1441 et
1174 1396 1467 1442 scrutinium.
1521 1398 1748 1442 parochus
1781 1397 1935 1457 itaque

147 1495 241 1525 uno
274 1485 382 1525 ante
415 1480 751 1525 ordinationem
788 1493 944 1524 mense
969 1480 1157 1525 nomina
1190 1495 1367 1535 eorum,
1394 1480 1470 1540 qui
1495 1485 1633 1525 erunt
1654 1480 1707 1525 ad
1734 1479 1935 1538 singulos

149 1564 344 1608 maiores
376 1564 558 1608 ordines
600 1564 887 1619 assumendi,
923 1578 1036 1623 quos
1071 1564 1205 1608 habet
1239 1563 1285 1608 in
1321 1577 1401 1608 sua
1438 1563 1654 1621 parochia
1687 1563 1931 1618 subiectos,

148 1649 313 1706 populo
349 1648 575 1706 frequenti
620 1647 762 1692 tribus
796 1647 973 1692 vicibus
1006 1647 1279 1704 denuntiet,
1316 1647 1560 1707 iubeatque
1606 1661 1766 1692 omnes
1798 1647 1854 1692 ad
1886 1660 1933 1691 sc

150 1732 220 1776 vel
253 1732 308 1776 ad
347 1733 615 1790 Episcopum
649 1732 924 1790 quantocius
955 1731 1150 1787 deferre,
1179 1731 1221 1776 'si
1255 1746 1393 1791 quem
1428 1745 1606 1788 eorum,
1640 1745 1754 1791 quos
1786 1732 1932 1777 nomi-

148 1814 246 1859 nari
281 1815 551 1869 audierunt,
589 1829 670 1859 nox
685 1815 806 1858 erint
857 1814 1079 1860 Ecclesiae
1116 1815 1288 1860 iuribus
1318 1815 1559 1873 ¹prohiberi
1601 1829 1658 1860 ne
1692 1816 1747 1860 ad
1781 1829 1933 1860 sacros

137 1898 328 1944 ordines
359 1900 598 1943 evehatur.

265 1977 365 2026 842.
403 1982 583 2040 Triplex
618 1997 727 2027 vero
761 1988 868 2027 ante
903 1983 1241 2028 ordinationem
1279 1983 1512 2041 praemitti
1548 1983 1823 2028 scrutinium
1858 1984 1933 2028 dess

145 2065 234 2109 bet.
273 2066 525 2110 Concilium
559 2065 877 2111 'l‘ridentinum
903 2067 916 2090 ³
951 2067 1149 2125 primum
1174 2068 1350 2122 statuit,
1377 2071 1427 2110 ut
1460 2067 1521 2111 illi
1554 2068 1630 2126 qui
1656 2067 1930 2112 adscensum

134 2149 199 2192 ad
234 2149 427 2193 maiores
460 2149 642 2194 ordines
674 2154 935 2209 quaerunt,
973 2163 1063 2194 uno
1100 2163 1258 2194 mense
1291 2155 1400 2194 ante
1434 2150 1791 2206 ordinationem,
1833 2152 1930 2210 Epi·

143 2244 332 2289 scopum
366 2231 549 2287 adeant,
584 2233 659 2291 qui
696 2233 896 2277 parocho
930 2237 1009 2276 aut
1041 2233 1171 2277 alteri
1206 2233 1497 2288 committet,
1534 2238 1585 2278 ut
1618 2235 1672 2278 de
1715 2234 1929 2279 ordinan-

144 2315 306 2359 dorum
341 2314 594 2366 natalibus,
628 2320 804 2371 aetate,
844 2316 1045 2361 moribus
1075 2321 1122 2360 et
1157 2316 1284 2371 vita,
1320 2331 1343 2361 a
1378 2316 1464 2361 tide
1498 2317 1646 2375 dignis
1689 2318 1931 2375 diligenter

138 2398 364 2457 inquirat,
400 2403 446 2443 et
479 2400 654 2444 litteras
686 2400 1020 2444 testimoniales
1053 2399 1197 2457 ipsam
1232 2399 1580 2459 inquisitionem
1616 2402 1787 2446 factam
1822 2416 1930 2447 con-

147 2481 364 2536 tinentes,
399 2482 453 2526 ad
493 2482 762 2541 Episcopum
799 2483 1099 2528 transmittat.
1142 2484 1347 2529 Alterum
1382 2485 1659 2529 scrutinium
1694 2491 1779 2540 est,
1809 2486 1928 2545 quod

144 2563 300 2621 paucis
332 2569 440 2609 ante
476 2565 617 2623 ipsam
653 2565 991 2611 ordinationem
1026 2566 1200 2623 diebuS,
1235 2566 1425 2612 arbitrio
1463 2569 1666 2626 Episcopi
1702 2574 1770 2613 est
1799 2569 1930 2615 insti·

144 2646 386 2702 tuendum,
421 2652 468 2691 et
500 2647 566 2703 fit,
602 2661 708 2692 cum
747 2648 989 2707 Episcopus
1021 2649 1179 2707 peritis
1213 2649 1325 2694 viris
1357 2649 1440 2694 sibi
1473 2651 1676 2708 adscitis,
1701 2652 1778 2711 qui
1814 2657 1928 2699 Exa-

135 2729 396 2775 minatores
429 2735 673 2786 vocantur,
708 2717 1068 2777 ordinandorum
1108 2746 1267 2790 genus,
1303 2747 1567 2791 personam,
1604 2739 1823 2792 aetatem,
1860 2736 1927 2781 in-

262 2927 271 2946 ¹
302 2927 336 2964 S.
363 2927 401 2963 C.
427 2928 537 2964 Conc.
566 2928 603 2963 in
629 2928 781 2965 Meliten.
809 2929 856 2965 20
874 2938 959 2966 nov.
989 2928 1090 2967 1592.

262 2998 274 3017 ²
302 2999 337 3036 S.
366 2998 407 3035 R.
435 2998 567 3044 Congr.
597 2998 639 3035 16
667 3004 759 3045 sept.
782 2999 884 3037 1747.

264 3071 276 3088 ³
302 3070 388 3116 Cap.
414 3070 458 3114 V,
487 3071 585 3107 Sess.
614 3071 737 3107 XXIII
766 3071 875 3109 Conc.
902 3072 999 3110 Trid.
1027 3073 1068 3109 de
1095 3073 1254 3119 Reform.

260 3151 578 3184 ,erELm-Somssm.
604 3171 639 3174 —
664 3153 712 3184 II.
1781 3158 1801 3189 8
