2176 3386
586 140 716 171 LIBER
744 141 772 170 1.
809 142 865 171 DE
894 142 1032 172 nenos
1061 143 1297 175 Eccnsssmss
1325 146 1652 178 smnrruALmus
1935 140 2014 181 149

802 196 2013 210 Ἢ

224 243 272 289 in
306 243 568 303 regionibus
599 246 931 292 catholicorum
966 249 1227 308 principum
1259 251 1317 296 ab
1351 251 1404 297 iis
1425 254 1502 312 qui
1525 253 1811 300 domicilium
1834 256 2007 302 habent

223 327 271 372 in
305 327 567 387 regionibus
598 329 938 377 foederatorum
970 333 1196 380 Ordinum
1228 335 1434 382 dominio
1477 324 1725 396 subiectis,
1777 354 1864 386 nec
1914 357 2008 388 non

222 409 314 457 illis,
340 424 458 470 quae
492 411 535 456 in
571 412 815 458 foederatis
848 414 1098 473 provinciis
1130 418 1471 464 contrahuntur
1502 420 1560 465 ab
1592 421 1662 477 iis,
1697 436 1894 482 quorum
1927 425 2004 470 do-

223 494 448 541 micilium
479 500 549 541 est
580 497 627 541 in
660 497 865 543 dominio
900 499 1158 559 principum
1182 502 1533 560 catholicorum,
1559 506 1803 552 solvendas
1826 521 1924 555 esse
1945 524 2003 555 ex

223 577 334 623 iuris
365 578 578 624 canonici
611 579 777 638 regulis
811 581 901 627 iam
936 583 1201 629 constitutis
1232 585 1287 630 de
1331 586 1563 634 domicilio
1605 594 1652 634 et
1689 591 1818 650 quasi
1861 592 2006 637 domi-

220 660 349 717 cili03
386 661 499 705 haec
532 675 643 707 vero
677 662 722 707 in
760 677 974 722 praesens
1007 680 1098 711 nou
1133 668 1330 726 amplius
1362 670 1619 716 subsistunt
1644 673 1674 716 ¹.

337 826 347 846 ¹
378 827 434 863 Ad
452 828 735 866 declarationem
755 831 1016 870 Benedictinae
1035 833 1317 872 constitutionis
1344 837 1567 882 praestiterit
1585 838 1718 875 referre
1736 839 1866 885 aliqua
1890 841 2005 878 dubia

215 898 379 936 resoluta
403 909 425 935 a
451 900 537 946 Sup.
565 901 633 938 Un.
663 903 765 948 inqu.
792 903 907 940 Porro
933 905 1033 942 circa
1070 908 1308 945 matrimonia
1344 909 1479 953 mixta,
1507 911 1716 957 quaesitum
1747 911 1836 955 fuit,
1863 923 1911 950 an
1937 924 2003 960 pro

215 967 460 1015 intelligentia
485 971 745 1010 declarationis
783 975 970 1012 Benedicti
1000 977 1087 1014 XIV
1114 988 1179 1024 pro
1206 979 1405 1017 Hollandia
1434 981 1699 1027 comprehendi
1739 989 1892 1029 possent
1930 987 2001 1024 sub

214 1040 365 1076 nomine
391 1041 589 1080 haeretici:
632 1043 665 1089 1)
691 1045 747 1081 Illi
774 1047 838 1092 qui
864 1048 1044 1085 catholice
1073 1049 1257 1096 baptizati,
1286 1061 1307 1087 a
1333 1053 1490 1097 pueritia
1526 1054 1691 1090 nondum
1726 1057 1933 1101 septennali
1961 1058 1999 1095 in

213 1113 356 1151 haeresi
383 1115 598 1160 educantur,
626 1127 669 1154 ac
693 1119 876 1156 haeresim
904 1109 1141 1167 profitenturj
1173 1123 1209 1169 2)
1238 1124 1308 1168 Qui
1334 1134 1411 1161 non
1440 1130 1512 1162 tam
1553 1126 1590 1162 in
1630 1127 1772 1164 haeresi
1813 1139 1926 1176 quam
1951 1130 1999 1167 ab

213 1186 406 1224 haereticis
432 1188 646 1234 educantur,
673 1191 776 1228 nulla
794 1192 934 1230 scilicet
962 1194 1018 1230 vel
1049 1195 1108 1230 vix
1139 1195 1212 1232 ulla
1238 1196 1444 1234 haereticae
1463 1197 1651 1235 doctrinae
1681 1200 1922 1237 instructione
1941 1211 1998 1238 ac·

213 1263 320 1303 cepta
345 1263 380 1294 et
406 1259 505 1297 cultu
534 1269 610 1297 non
635 1261 875 1309 frequentato,
903 1264 987 1301 licet
1013 1266 1209 1312 aliquoties
1237 1268 1475 1315 participato;
1511 1269 1547 1315 5)
1575 1270 1645 1314 Qui
1672 1271 1792 1308 adhuc
1829 1273 1932 1318 pueri
1959 1273 1998 1310 in

211 1338 344 1366 manus
370 1330 640 1370 haereticorum
668 1333 872 1371 incidentes
899 1336 1105 1374 haereticae
1132 1343 1253 1376 sectae
1280 1340 1553 1385 adiunguntur;
1579 1341 1617 1386 4)
1639 1342 1836 1388 Apostatae
1863 1344 1911 1380 ah
1927 1345 1997 1380 Ec-

212 1399 325 1437 clesia
350 1402 534 1439 catholica
559 1404 603 1440 ad
631 1405 857 1443 haereticam
877 1412 1015 1444 sectam
1042 1413 1293 1453 transeuntes;
1321 1411 1356 1453 5)
1376 1412 1445 1456 Qui
1464 1413 1539 1449 nati
1566 1418 1602 1449 et
1627 1414 1801 1460 baptizati
1831 1415 1879 1452 ab
1910 1416 1997 1453 hae·

210 1467 334 1509 retic'is
360 1473 609 1518 adoleverunt,
636 1477 727 1522 quin
755 1477 865 1514 ullam
893 1479 1096 1517 solemnem
1125 1481 1321 1520 haereseos
1347 1484 1615 1529 professionem
1643 1486 1844 1532 emiserint,
1864 1497 1906 1524 ac
1933 1498 1994 1525 ve-

210 1542 275 1578 luti
303 1543 440 1580 nullius
466 1545 668 1591 religionis.
706 1548 820 1585 Porro
848 1549 882 1586 S.
910 1550 949 1587 C.
978 1551 1000 1587 6
1026 1561 1102 1597 apr.
1131 1552 1221 1589 1859
1250 1555 1440 1598 respondit
1469 1556 1516 1592 ad
1545 1554 1716 1593 effectum
1756 1558 1994 1602 matrimonii,

208 1621 539 1660 supranumeratos
567 1620 833 1664 comprehendi
863 1622 899 1657 in
927 1622 1075 1660 laudata
1102 1624 1238 1661 Bened.
1266 1625 1352 1663 XIV
1379 1626 1645 1664 declaratione.
