2176 3386
1298 3 1299 6 ¹
1318 0 1343 14 .·
1355 0 1434 23 :qr-rb
1445 0 1458 11 v
1471 0 1506 8 ae-v·
1526 0 1541 14 :-
1554 0 1592 12 ’π
1619 0 1687 13 Γνν·
1698 0 1942 20 -ς-,Μ-Ὗ-,ὶς-ιν
1956 0 1964 9 1
1975 0 2021 13 qn,
2035 0 2042 7 =

1285 20 1290 28 ι
1381 20 1385 28 .=
1406 18 1410 22 -
1500 20 1503 21 ν
1551 25 1555 33 ,
1679 18 1688 24 0
1780 19 1790 27 -.
1902 20 1911 34 ξ

731 211 859 241 LIBER
887 211 928 240 11.
963 211 1019 240 DE
1050 209 1352 240 REGULARIBUS
1853 197 1932 238 435

24 371 29 382 2
160 321 332 366 Debent
376 324 612 379 propterea
649 323 759 364 ante
802 319 1130 378 professionem
1164 323 1378 364 votorum
1427 318 1704 377 simplicium
1753 318 1930 374 cedere,

157 399 237 464 pro
268 405 474 462 tempore
519 416 610 461 quo
643 402 688 447 in
722 403 883 448 eadem
917 406 1131 447 votorum
1180 401 1463 460 simplicium
1508 402 1788 460 professione
1837 415 1934 459 per-

0 434 19 539 Ξ
115 487 440 543 ’Πιειῃεθι-ἰηῐ,
475 486 954 542 administrationem,
989 487 1328 548 usumfructum
1377 490 1424 530 et
1471 498 1604 530 usum
1653 484 1817 544 quibus
1870 483 1935 529 eis

154 568 390 627 placuerit,
424 583 477 614 ac
509 568 649 614 etiam
682 582 764 614 suo
795 569 972 625 Ordini,
993 568 1030 614 si
1062 569 1125 614 ita
1160 583 1239 628 pro
1271 582 1432 613 eorum
1467 568 1598 613 libitu
1631 567 1930 612 existimave-

122 662 127 669 ‘
155 651 260 696 rint.
298 652 585 707 ‘ltl)⁷Professi
620 657 834 697 votorum
867 651 1143 710 simplicium
1178 665 1419 697 remanere
1451 651 1621 695 debent
1654 650 1697 695 in
1723 650 1932 696 domibus

155 736 414 781 Professorii
439 740 486 780 et
507 736 780 789 studiorum,
805 740 851 780 et
876 736 1021 781 vitam
1046 749 1344 781 communem
1379 736 1630 794 perfectam
1664 735 1928 781 observare.

159 819 224 875 ll)
252 818 316 863 Ad
350 818 499 864 valide
546 819 800 864 emittenda
835 823 940 863 vota
990 819 1213 864 solemnia
1264 823 1364 878 post
1412 823 1519 864 vota
1568 819 1824 878 simplicia,
1868 835 1933 864 re-

151 903 349 962 quiritur
392 902 614 962 professio
661 916 875 961 expressa
910 907 956 948 et
988 903 1087 948 ideo
1135 903 1353 962 professio
1387 903 1528 949 tacita
1562 904 1754 949 omnino
1802 904 1932 949 abro-

152 990 254 1043 gata
286 991 368 1031 est.
1553 991 1556 994 ’

0 846 13 856 ³
3 782 19 795 r-
0 541 27 772 ‘p‘wvnv-zwv·

270 1073 408 1115 Porro
436 1071 693 1116 huiusmodi
726 1071 1059 1116 declarationes
1081 1072 1213 1116 datae
1238 1086 1317 1130 pro
1344 1072 1669 1128 Dominicanis‚
1690 1073 1745 1117 ad
1769 1086 1931 1117 omnes

151 1153 264 1198 alios
293 1154 487 1199 Ordines
533 1158 752 1199 extensae
799 1160 932 1210 suut,
969 1155 1046 1200 sed
1096 1170 1174 1214 pro
1206 1156 1452 1202 Ordinibus
1502 1156 1731 1202 Minorum
1769 1158 1930 1201 Obser-

152 1236 339 1280 vantiae
386 1240 433 1281 et
466 1238 834 1282 Reformatorum
885 1252 970 1282 nec
1005 1252 1094 1282 non
1130 1239 1523 1297 Cappuccinorum
1574 1238 1619 1283 in
1653 1238 1847 1283 articulo
1881 1239 1931 1283 9ο

150 1321 325 1365 sublata
364 1325 471 1365 sunt
521 1321 657 1365 verba
702 1303 937 1366 ac'et‘e'am
981 1337 1062 1366 suo
1109 1324 1282 1368 ordini
1322 1328 1408 1367 etc.
1446 1328 1492 1367 et
1531 1326 1775 1381 subrogata
1825 1327 1933 1367 sunt

153 1403 290 1448 verba
324 1418 419 1448 non
453 1411 610 1449 tamen
643 1419 724 1449 suo
762 1407 934 1450 Oratim·
956 1407 984 1451 ¹.

270 1596 278 1614 ¹
308 1597 437 1640 Quoad
464 1601 547 1634 vota
565 1598 748 1644 simplicia
773 1598 890 1644 placet
920 1600 1001 1635 heic
1022 1600 1155 1636 referre
1182 1601 1305 1645 aliqua
1331 1601 1445 1638 «lubia
1471 1601 1632 1637 resoluta
1649 1612 1671 1638 a
1691 1602 1771 1638 Sac.
1795 1602 1927 1648 Congr.

150 1669 240 1715 Epp.
268 1673 303 1705 et
331 1670 420 1714 [teg.
444 1669 498 1705 Ae
525 1669 558 1715 1)
585 1680 667 1706 cum
694 1671 751 1707 die
781 1671 824 1707 16
851 1681 933 1717 aug.
956 1671 1046 1708 1866
1073 1673 1303 1718 propositum
1332 1673 1459 1709 fuisset
1486 1673 1641 1710 dubium
1668 1684 1689 1709 a
1715 1675 1753 1710 P.
1782 1674 1930 1711 Bonifa-

149 1741 206 1777 cio
237 1742 412 1778 Wimmer
437 1742 531 1778 Abb.
558 1742 729 1779 Praeside
757 1743 1030 1780 cassinensium
1072 1744 1107 1780 in
1133 1744 1315 1786 America,
1342 1754 1473 1790 nempe
1516 1748 1636 1781 utrum
1666 1745 1702 1780 in
1728 1755 1816 1781 casu
1855 1755 1928 1791 quo

151 1813 326 1851 Sacerdos
365 1814 562 1850 saecularis
589 1815 757 1851 habitum
796 1815 923 1861 petivit
949 1820 982 1851 et
1010 1815 1179 1858 obtinuit,
1205 1816 1267 1861 qui
1294 1825 1431 1852 annum
1459 1816 1505 1852 25
1531 1816 1641 1862 longe
1676 1821 1928 1862 transgressus

149 1883 225 1925 fuit,
253 1885 337 1921 huic
363 1883 514 1931 (emissa
552 1886 778 1931 professione
807 1892 973 1923 votorum
1005 1886 1244 1932 simplicium)
1274 1888 1450 1932 professio
1487 1889 1663 1924 solemnis
1690 1886 1838 1935 (nempe
1865 1900 1928 1925 vo-

151 1960 268 1993 torum
296 1957 531 2002 solemnium)
557 1956 691 1993 differri
722 1958 836 2003 possit
863 1968 975 2003 supra
1000 1965 1218 1996 consuetum
1247 1959 1445 1996 triennium
1472 1959 1501 1995 si
1530 1959 1670 1996 scilicet
1698 1961 1792 1996 intra
1819 1962 1927 1998 trien-

150 2027 251 2063 nium
289 2032 456 2065 votorum
495 2022 728 2074 simpliciuin'
758 2039 833 2065 non
859 2029 1079 2066 sufficientia
1116 2036 1334 2076 argumenta
1360 2032 1403 2066 tle
1431 2041 1498 2068 sua
1524 2033 1717 2069 vocatione
1757 2032 1930 2070 dederit?

149 2098 228 2134 Enii
248 2099 315 2134 PP.
330 2100 615 2145 rescripserunt:
642 2100 821 2145 Negative
847 2100 994 2146 (nempe
1022 2111 1097 2138 non
1124 2113 1232 2148 posse
1259 2102 1422 2147 differri).
1451 2104 1692 2140 Declararunt
1720 2111 1842 2142 tamen
1869 2116 1927 2142 re—

149 2170 367 2207 currendum
394 2180 475 2206 esse
502 2171 547 2207 ad
573 2172 802 2218 Sac.Congr.
818 2173 855 2208 in
874 2173 1020 2210 casibus
1048 2174 1344 2219 particularibus,
1362 2175 1397 2211 in
1416 2176 1551 2221 quibus
1578 2176 1703 2222 aliqua
1729 2177 1927 2223 peculiaris

149 2250 262 2278 causa
297 2247 506 2279 concurrat.
533 2264 575 2267 —
603 2243 637 2289 2)
664 2244 867 2290 Propositis
894 2245 1017 2282 dubiis
1045 2247 1072 2282 Ι.
1098 2247 1156 2282 An
1183 2247 1336 2292 professi
1365 2253 1531 2283 votorum
1572 2248 1810 2294 simplicium,
1833 2258 1926 2294 quae

150 2313 367 2359 professioni
406 2319 575 2352 votorum
614 2316 836 2353 solemnium
866 2318 1047 2362 praemitti
1074 2319 1205 2355 debent
1223 2323 1428 2355 ‘teneantur
1458 2320 1503 2356 ad
1530 2319 1691 2356 officium
1732 2319 1928 2358 divinum?

148 2382 192 2419 II.
213 2383 267 2420 An
297 2388 487 2422 teneantur
503 2385 550 2421 ad
569 2386 842 2423 observantiam
870 2388 1017 2433 regulae
1038 2389 1181 2425 ordinis
1208 2395 1314 2435 prout
1339 2390 1551 2427 solemniter
1578 2389 1764 2436 professi?
1791 2391 1925 2427 SSffius

149 2454 188 2490 in
213 2455 399 2493 audientia
438 2457 564 2493 habita
594 2467 616 2494 a
642 2459 776 2495 Secret.
803 2459 883 2495 Sae.
910 2460 1043 2506 Congr.
1070 2471 1181 2507 super
1218 2466 1314 2498 statu
1340 2462 1469 2507 Regul.
1497 2463 1555 2498 die
1594 2461 1615 2498 6
1641 2472 1725 2508 aug.
1756 2462 1848 2498 1858
1873 2472 1926 2498 re-

149 2525 407 2570 spondendum
434 2528 640 2565 mandavit:
668 2529 724 2565 Ad
752 2530 777 2565 I.
803 2530 887 2566 Non
922 2532 1036 2567 teneri
1064 2532 1109 2568 ad
1136 2532 1315 2578 privatam
1341 2532 1593 2569 recitationem
1635 2533 1751 2568 divini
1790 2531 1924 2575 officii;

149 2595 281 2634 debere
307 2602 430 2634 tamen
457 2599 570 2636 choro
598 2601 775 2638 interesse
801 2608 841 2639 ut
867 2603 1082 2639 solemniter
1120 2604 1284 2649 professi.
1313 2604 1369 2640 Ad
1396 2604 1439 2640 II.
1467 2604 1708 2646 Attii-mauve,
1737 2603 1841 2639 firma
1866 2604 1925 2640 de-

150 2667 347 2705 claratione
374 2670 446 2706 iam
473 2671 554 2708 data
581 2673 702 2718 quoad
728 2678 853 2710 votum
881 2676 1106 2720 paupertatis
1133 2676 1240 2722 (Vide
1267 2677 1304 2712 in
1328 2680 1428 2712 textu
1454 2687 1490 2712 n.
1507 2675 1554 2718 9).
1574 2696 1618 2701 ——
1644 2677 1681 2722 5)
1709 2676 1798 2712 Cum
1826 2676 1928 2712 iuxta

105 2780 111 2787 ,
150 2737 271 2776 Const.
297 2740 495 2778 Clementis
514 2743 598 2779 VIII
627 2745 807 2789 professio
835 2751 1003 2783 votorum
1030 2747 1251 2784 solemnium
1279 2748 1479 2784 emittenda
1505 2748 1551 2783 sit
1579 2748 1615 2783 in
1641 2747 1832 2785 Conventu
1859 2757 1926 2784 no-

152 2810 309 2854 vitiatus,
328 2813 374 2849 ad
400 2815 665 2861 praescriptum
694 2826 779 2853 vero
807 2817 899 2863 legis
926 2818 1021 2855 latae
1047 2819 1105 2855 die
1126 2818 1169 2854 19
1197 2819 1316 2855 martii
1344 2819 1434 2855 1857
1462 2819 1615 2865 professi
1644 2823 1812 2855 votorum
1839 2820 1925 2856 sim·

153 2879 300 2925 plicium
327 2881 486 2920 debeant
511 2893 658 2921 manere
688 2886 724 2921 in
742 2887 914 2925 domibus
941 2889 1158 2926 Professorii
1187 2895 1222 2926 et
1248 2890 1464 2934 studiorum,
1484 2890 1675 2936 quaeritur
1701 2899 1749 2926 an
1770 2890 1924 2946 professi

150 2957 320 2990 votorum
358 2954 593 3001 simplicium,
622 2962 658 2994 ut
686 2968 754 2995 suo
782 2963 945 3005 tempore
971 2960 1017 2996 ad
1044 2961 1310 3006 professionem
1336 2966 1504 2998 votorum
1544 2961 1766 2999 solemnium
1796 2961 1927 2998 adnut-

150 3025 283 3067 tantur,
319 3025 556 3064 transferendi
595 3028 668 3065 sint
706 3029 742 3065 in
779 3029 1011 3068 Conventum
1048 3032 1249 3068 novitiatus
1287 3032 1344 3068 vel
1383 3041 1464 3068 cain
1498 3033 1664 3069 emittere
1705 3033 1849 3078 possint
1888 3033 1925 3068 in

151 3090 341 3132 conventu
366 3096 404 3132 in
430 3106 503 3142 quo
543 3097 762 3136 morantur?
788 3100 924 3137 SSffius
962 3101 999 3137 in
1025 3102 1109 3138 aud.
1137 3102 1262 3138 habita
1292 3103 1350 3140 die
1377 3102 1399 3139 9
1425 3102 1589 3140 decemb.
1619 3102 1710 3140 1859
1742 3113 1764 3140 a
1790 3104 1925 3140 Seeret.
