2176 3386
495 229 624 258 Lmen
653 229 677 257 1.
707 223 774 257 ηε
795 227 931 257 ni-:Bus
961 227 1196 256 ECCLESIAE
1225 225 1552 255 strrUALmus
1839 214 1918 254 279

140 337 387 396 Episcopus
419 350 466 382 se
498 336 539 382 ei
572 335 854 381 immisceret
885 339 932 380 et
966 334 1193 380 rationem
1227 334 1491 391 exquireret
1523 333 1580 385 ab
1601 337 1848 378 executore
1871 337 1918 378 et

140 419 544 476 administratore;
595 419 637 474 5)
675 418 722 463 in
754 432 824 475 eo,
850 421 902 462 ut
927 417 1130 476 Episcopi
1155 417 1332 476 possint
1363 424 1576 461 coercere
1597 416 1919 476 delinquentes

139 501 232 546 suis
263 502 451 560 legibus,
486 502 653 547 abusus
686 501 860 557 tollere,
886 501 1060 546 bonum
1084 514 1372 560 promovere,
1397 505 1443 544 et
1466 499 1786 545 deficientibus
1819 514 1917 559 per-

138 583 278 640 sonis,
312 599 428 644 quae
460 589 568 629 sunt
602 584 661 643 pii
696 583 781 629 loci
814 568 1064 639 obiectum,
1090 583 1230 642 possit
1252 583 1350 628 eius
1381 584 1500 628 bona
1535 583 1582 628 in
1616 583 1758 628 alium
1794 584 1916 642 pium

139 679 272 711 usum
306 672 597 722 convertere,
632 667 709 726 qui
743 667 842 711 eius
875 666 1181 711 institutionis
1213 666 1422 733 proprius
1453 666 1529 712 sit.

863 893 1044 937 CAPUT
1076 895 1190 938 VIII.

614 1037 674 1072 DE
702 1036 990 1073 SEPULTURIS
1018 1037 1077 1072 ET
1104 1036 1431 1074 COEMETERIIS.

257 1168 383 1212 1245.
421 1171 557 1213 Sacer
589 1167 779 1212 omnino
811 1180 909 1212 esse
942 1167 1076 1212 debet
1110 1168 1234 1212 locus
1269 1167 1426 1227 inquo
1459 1168 1724 1212 conduntur
1757 1182 1916 1213 eorum

136 1264 342 1309 corpora,
377 1251 452 1310 qui
487 1255 594 1295 suut
630 1251 673 1294 in
708 1250 909 1295 fidelium
944 1250 1272 1295 communione
1305 1251 1529 1305 defuncti,
1566 1251 1626 1295 ita
1663 1255 1711 1295 ut
1749 1251 1783 1295 si
1818 1251 1918 1311 quis

137 1331 183 1376 in
218 1334 316 1378 loco
351 1334 541 1390 profano
575 1333 856 1390 sepulturam
892 1333 1044 1391 elegit,
1080 1332 1177 1377 eius
1211 1334 1372 1379 electio
1408 1339 1642 1394 tamquam
1678 1334 1916 1380 irrationa-

141 1415 241 1460 bilis
275 1421 530 1473 respuatur.
1184 1469 1192 1480 .

260 1500 385 1543 1246.
425 1504 464 1544 ls
497 1499 620 1544 locus
652 1513 709 1543 ex
742 1499 930 1558 antiqua
969 1499 1193 1544 Ecclesiae
1228 1501 1559 1545 consuetudine
1593 1506 1662 1546 est
1691 1508 1915 1547 coemete-

138 1581 272 1638 rium,
307 1596 423 1641 quae
456 1583 738 1627 consuetudo
773 1582 845 1626 ubi
883 1583 1006 1640 viget
1049 1587 1117 1627 est
1149 1585 1505 1639 conservanda,
1530 1589 1666 1644 atque
1710 1586 1784 1629 ubi
1818 1586 1915 1631 fieri

136 1671 284 1725 potest
318 1666 615 1711 restituenda.
657 1670 813 1726 Itaque
847 1666 922 1710 ubi
958 1667 1078 1711 nulla
1118 1672 1225 1711 sunt
1263 1668 1555 1725 coemeteria,
1597 1669 1834 1714 christiani
1870 1670 1915 1715 in

135 1750 228 1795 suis
259 1750 462 1796 ecclesiis
499 1750 795 1809 sepeliantur.
849 1754 949 1794 Iure
984 1749 1260 1806 novissimo,
1299 1751 1404 1795 licet
1443 1752 1607 1809 cuique
1649 1756 1915 1798 construere

135 1837 180 1879 et
212 1834 376 1892 eligere
422 1834 703 1892 sepulturam
747 1834 793 1877 in
827 1833 992 1892 quovis
1042 1835 1138 1878 loco
1187 1835 1413 1892 religioso.
1468 1837 1635 1880 Verum
1670 1836 1705 1880 si
1742 1850 1915 1881 novum

134 1918 426 1976 sepulchrum
461 1916 612 1962 extrui
646 1917 778 1961 debet
813 1916 856 1960 iu
892 1917 1095 1962 ecclesiis
1122 1918 1462 1974 saecularibus,
1498 1919 1747 1978 requiritur
1788 1920 1915 1964 Ordi-

135 2001 251 2045 narii
287 2000 470 2045 licentia
506 2001 551 2044 in
585 1999 791 2059 scriptis,
830 2005 1010 2058 praeter
1042 2015 1318 2046 consensum
1367 2003 1571 2048 Rectoris
1606 2003 1677 2048 vel
1712 2003 1911 2048 Patroni.

135 2090 183 2130 ln
218 2085 420 2130 ecclesiis
452 2099 563 2130 vero
600 2084 909 2143 Regularium,
947 2085 1018 2129 illa
1058 2085 1367 2130 proxincialis.
1422 2091 1468 2131 [n
1505 2086 1708 2132 ecclesiis
1743 2087 1914 2131 Monia-

134 2168 245 2213 lium
280 2168 463 2213 licentia
499 2170 662 2213 Sacrae
695 2168 1070 2226 Congregationis
1094 2169 1319 2229 simulque
1344 2184 1503 2214 earum
1538 2184 1804 2215 consensus.
1843 2171 1914 2215 Se-

136 2251 312 2309 pultura
353 2265 460 2296 xero
495 2250 639 2295 tribus
671 2255 728 2295 ab
759 2251 889 2296 altari
925 2252 1092 2296 cubitis
1124 2251 1293 2297 distare
1326 2252 1473 2297 debet.

256 2337 382 2381 1247.
419 2340 530 2382 Cum
565 2336 704 2394 igitur
736 2337 870 2381 modo
905 2336 1048 2381 fidelis
1073 2337 1117 2381 in
1141 2338 1305 2397 quavis
1329 2338 1518 2383 ecclesia
1556 2339 1694 2394 possit
1716 2337 1911 2396 sepeliri,

134 2421 243 2464 ordo
276 2420 489 2477 postulat,
526 2424 576 2463 ut
608 2419 853 2464 defunctus
886 2420 1133 2479 sepeliatur
1166 2421 1212 2465 in
1246 2420 1455 2475 ecclesia,
1491 2435 1628 2479 quam
1675 2420 1826 2478 elegit,
1862 2435 1914 2466 ac

134 2502 295 2548 electio
330 2504 546 2561 probatur
578 2503 675 2548 sive
710 2518 789 2562 pei·
820 2509 1184 2559 testamentum,
1221 2504 1319 2549 sixe
1352 2519 1432 2562 per
1463 2504 1737 2563 scripturam
1774 2518 1913 2549 manu

134 2585 315 2645 propria
363 2586 700 2646 subscriptam,
735 2587 832 2631 sive
867 2601 947 2646 per
978 2587 1090 2633 duos
1122 2593 1293 2644 testes,
1330 2589 1403 2632 vel
1437 2603 1516 2646 per
1548 2588 1694 2633 solum
1739 2589 1912 2633 dictum

135 2669 416 2714 confessarii.
453 2671 509 2713 At
541 2671 802 2726 sepulturae
835 2670 998 2714 electio
1030 2674 1222 2728 negatur
1257 2671 1583 2730 impuberibus,
1609 2670 1773 2730 quibus
1805 2676 1913 2716 ante

134 2765 292 2797 eorum
327 2752 501 2797 obitum
538 2756 666 2811 pater
697 2753 865 2812 poterit
896 2768 997 2799 eam
1031 2755 1215 2813 eligere,
1254 2756 1323 2800 vel
1360 2760 1540 2800 mortuo
1575 2760 1701 2813 patre
1747 2760 1909 2811 mater,

132 2848 262 2880 secus
295 2837 340 2879 in
375 2835 566 2881 ecclesia
616 2836 861 2895 parochiali
898 2836 971 2882 vel
1006 2838 1051 2882 in
1096 2838 1346 2896 sepulchris
1377 2838 1614 2896 {maiorum
1657 2839 1912 2883 tumulandi

132 2922 255 2962 sunt.
295 2921 529 2964 Praeterea
566 2923 760 2977 negatur
803 2920 1084 2979 regularibus
1118 2921 1355 2978 professis,
1394 2921 1479 2966 nisi
1522 2923 1639 2966 forte
1672 2936 1696 2966 a
1731 2922 1912 2980 proprio

134 3000 412 3045 monasterio
446 3005 540 3046 tam
574 3002 707 3059 longe
727 3002 916 3058 distent,
942 3008 992 3047 ut
1017 3007 1250 3062 nequeant
1281 3003 1522 3048 commode
1544 3003 1600 3049 ad
1624 3004 1732 3048 illud
1766 3008 1911 3049 trans-

133 3083 259 3128 ferri.
295 3083 337 3129 Si
371 3084 541 3144 absque
572 3085 798 3130 electione
831 3085 1092 3144 sepulturae
1123 3086 1225 3146 quis
1255 3086 1517 3143 decesserit,
1554 3087 1815 3132 humandus
1843 3092 1912 3132 est
