2176 3386
245 182 325 222 272
917 200 1026 231 PARS
1056 203 1096 231 11.
1132 203 1188 232 DE
1218 205 1356 234 nanus

369 303 497 348 1216.
534 302 746 349 Minister
776 307 1138 353 consecrationis
1159 313 1206 354 et
1227 310 1561 359 benedictionis
1591 319 1660 360 est
1697 316 1954 377 Episcopus,
1979 325 2026 365 et

245 386 442 432 Abbates
458 401 539 446 pro
561 387 654 433 suis
677 388 897 447 ecclesiis,
924 391 959 435 si
979 391 1180 437 habeant
1201 393 1490 453 privilegium
1516 400 1814 445 consecrandi
1837 401 2021 461 altaria;

246 484 327 529 pro
359 470 459 515 aliis
491 471 694 516 ecclesiis
727 477 916 531 possunt
941 474 1137 520 Abbates
1169 475 1212 520 id
1243 491 1458 537 peragere
1491 479 1546 524 de
1580 480 1764 527 licentia
1799 484 2020 544 Episcopi.

368 553 495 598 1217.
532 555 825 600 Consecratio
857 557 1087 603 amittitur
1121 573 1145 604 a
1179 559 1319 605 calice
1354 563 1427 607 vel
1461 568 1625 622 patena
1658 579 1739 624 per
1769 567 1908 613 talem
1936 570 2024 614 fra-

243 634 463 693 ctionem,
499 651 616 696 quae
649 638 702 682 iis
734 639 864 684 tollat
897 641 968 685 vel
1003 655 1155 698 usum,
1191 644 1264 688 vel
1298 645 1522 704 formam3
1559 648 1666 693 hinc
1699 663 1790 695 non
1815 664 2023 697 exsecra-

242 721 319 762 tur
351 719 502 776 calix,
538 720 574 765 si
607 727 846 779 separetur
877 738 901 768 a
936 726 1079 782 pede,
1115 726 1338 786 siquidem
1389 729 1461 774 hic
1508 732 1737 777 tornatilis
1776 734 1858 791 sit,
1893 748 2024 780 secus

244 803 421 861 verius,
458 806 493 849 si
528 805 601 850 hic
648 807 1039 854 adferruminatus
1074 811 1145 855 vel
1193 812 1515 870 adplumbatus
1556 815 1720 874 fuerit,
1757 831 1906 877 neque
1944 833 2025 878 per

242 885 496 944 simplicem
531 889 824 954 amissionem
850 892 1177 952 deaurationis,
1213 895 1291 940 sed
1324 896 1359 941 si
1393 898 1512 942 calix
1538 900 1609 943 vel
1642 904 1808 957 patena
1850 902 2023 947 fuerint

241 971 392 1016 denuo
425 972 661 1028 deaurata,
697 973 904 1033 indigent
938 990 1059 1021 nova
1092 980 1440 1025 consecratione
1468 981 1497 1026 ¹.

365 1057 492 1100 1218.
532 1060 808 1102 Exsecratur
853 1060 994 1104 etiam
1027 1061 1063 1105 si
1096 1061 1152 1105 ab
1186 1063 1428 1110 haereticis
1470 1067 1660 1125 profano
1694 1069 1825 1124 usui,
1863 1083 1906 1112 v.
1954 1083 2018 1127 gr.

242 1137 298 1182 ad
332 1137 580 1184 bibendum
615 1139 662 1184 in
697 1154 871 1197 mensa,
907 1142 1138 1189 adhibitus
1171 1146 1360 1191 fuerit2.

366 1223 492 1266 1219.
529 1226 655 1275 Quae
688 1223 954 1271 immediate
988 1231 1186 1285 tangunt
1218 1229 1393 1287 species
1420 1236 1728 1288 consecratas,
1755 1234 2024 1291 regulariter

241 1305 325 1349 sub
357 1306 482 1364 gravi
517 1307 858 1354 benedicendae
891 1315 1014 1354 sunt.

365 1389 491 1433 1220.
531 1394 612 1434 Per
645 1391 899 1450 simplicem
924 1393 1295 1440 benedictionem
1324 1397 1467 1441 cultui
1491 1398 1764 1444 dedicantur
1795 1414 1921 1446 sacra
1947 1415 2021 1460 pa-

240 1476 468 1525 ramenta,
494 1473 718 1529 tobaleae,
744 1476 1012 1534 corporalia,
1039 1478 1405 1535 tabernaculum,
1432 1495 1546 1526 crux
1569 1487 1614 1526 et
1639 1482 1875 1541 imagines.
1913 1484 2022 1529 Sim—

240 1554 379 1612 plices
412 1556 672 1602 sacerdotes
705 1563 895 1615 possunt
927 1560 982 1604 ad
1018 1561 1137 1605 banc
1170 1561 1366 1620 delegari
1401 1563 1457 1608 ab
1491 1565 1733 1623 Episcopo,
1769 1565 1804 1609 si
1838 1565 1910 1611 hic
1944 1581 2020 1611 ve-

241 1638 367 1684 niam
391 1639 627 1698 delegandi
651 1655 676 1685 a
701 1641 920 1687 Pontifice
953 1643 1223 1689 obtinuerit.
1261 1648 1394 1691 Sacra
1420 1646 1691 1693 indumenta
1720 1653 2022 1694 exsecrantur

239 1736 344 1767 cum
380 1724 479 1768 usui
504 1724 684 1782 proprio
707 1724 870 1771 idonea
898 1740 995 1771 esse
1019 1727 1253 1787 desierint,
1281 1743 1359 1774 seu
1383 1730 1547 1776 detrita
1577 1732 1685 1787 sint,
1711 1746 1790 1777 seu
1824 1734 2019 1778 formam

239 1806 496 1863 amiserint,
532 1822 605 1852 ex.
643 1822 708 1866 gr.
744 1809 780 1854 si
814 1824 870 1854 ex
906 1811 1089 1869 planeta
1122 1814 1236 1857 stola
1270 1813 1366 1870 fiat,
1391 1827 1449 1858 ex
1483 1815 1705 1873 corporali
1740 1816 1872 1874 palla,
1898 1816 1960 1861 ita
1984 1816 2020 1861 si

240 1890 422 1935 manica
447 1905 504 1935 ex
527 1891 626 1936 alba
653 1893 790 1937 fuerit
823 1893 1038 1952 abscissa,
1065 1895 1172 1940 licet
1195 1911 1303 1942 mox
1338 1898 1505 1942 iterum
1530 1899 1770 1944 assuenda.
1805 1902 2018 1945 Ceterum

239 1973 276 2018 si
310 1973 520 2031 planetae
553 1975 822 2021 benedictae
862 1982 1075 2023 assuatur
1122 1980 1466 2037 fragmentum,
1502 1995 1594 2026 non
1627 1982 1800 2026 amittit
1838 1982 2020 2027 benedi-

239 2057 469 2112 ctionem,
506 2072 557 2103 ea
591 2059 715 2104 enim
751 2059 813 2105 rei
859 2063 1076 2119 profanae
1126 2063 1316 2109 minoris
1347 2065 1581 2124 qualitatis
1627 2066 1912 2111 admixtione
1946 2067 2020 2112 vel

239 2140 501 2186 accessione
535 2155 606 2187 res
638 2155 766 2187 sacra
801 2158 893 2188 non
927 2145 1096 2190 desinit
1128 2159 1244 2191 esse.

363 2225 490 2269 1221.
527 2227 684 2278 Quoad
719 2240 872 2272 sacras
907 2235 1057 2274 vestes
1093 2230 1291 2276 Ecclesia
1329 2232 1479 2276 varios
1511 2233 1684 2278 colores
1718 2233 1916 2292 induxit,
1941 2235 2019 2294 qui

238 2307 432 2352 diversis
463 2310 573 2354 anni
607 2310 976 2357 solemnitatibus
1007 2317 1241 2371 aptantur.
1288 2315 1480 2359 Rubrica
1515 2316 1712 2362 Missalis
1743 2316 1857 2362 ritus
1887 2317 2018 2362 latini

237 2388 441 2449 quinque
474 2392 648 2437 colores
679 2399 939 2449 enumerat,
975 2395 1150 2441 scilicet
1182 2397 1353 2452 album,
1396 2397 1602 2455 rubrum,
1639 2397 1914 2454 violaceum,
1950 2398 2019 2443 vi-

237 2472 382 2518 ridem
417 2479 464 2519 et
497 2475 694 2533 nigrum.
730 2477 860 2522 Color
890 2477 1039 2523 ssavus
1072 2493 1164 2524 non
1187 2486 1453 2525 recensetur
1484 2480 1531 2525 in
1563 2481 1760 2526 rubrica.
1798 2482 1868 2527 Sic
1891 2495 2018 2541 para-

241 2562 397 2603 menta
431 2560 641 2605 confecta
675 2575 780 2606 cum
816 2562 955 2608 variis
987 2563 1229 2622 coloribus,
1256 2564 1531 2625 floribusque
1555 2567 1734 2612 intexta
1768 2566 1830 2612 ita
1863 2571 1915 2611 ut
1937 2567 2018 2612 vix

239 2648 543 2700 cognoscatur
573 2645 698 2690 color
738 2646 982 2704 primarius
1025 2652 1072 2693 et
1105 2649 1459 2706 praedominans
1506 2651 1714 2710 usurpari
1763 2655 2014 2711 nequeunt,

240 2724 423 2770 mixtim
457 2727 619 2772 saltem
653 2741 735 2786 pro
759 2729 910 2774 colore
932 2729 1051 2786 albo,
1078 2730 1214 2775 rubro
1247 2737 1293 2776 et
1328 2731 1459 2777 viridi
1484 2732 1514 2777 ⁸.
1554 2735 1769 2778 Attamen
1805 2746 1886 2792 pro
1907 2731 2018 2778 locis

360 2923 369 2943 ¹
399 2924 435 2961 S.
462 2925 532 2961 Rit.
561 2925 693 2972 Congr.
721 2927 764 2963 14
791 2927 866 2964 ian.
900 2927 1003 2965 1845.

356 2994 369 3013 ²
396 2995 531 3041 Congr.
559 2997 593 3033 S.
621 2997 688 3034 Off.
719 2998 823 3035 1674.

355 3067 369 3087 ³
395 3069 430 3106 S.
457 3068 526 3106 Rit.
552 3069 686 3116 Congr.
711 3070 757 3107 22
783 3076 874 3118 sept.
903 3071 1006 3109 1757.
