2176 3386
115 22 136 34 .·
155 0 281 28 ,W
292 0 543 26 ‘siff-'‘fvsffl'f
558 0 643 25 '‘W-,225
660 0 666 2 “
689 0 695 14 ¹

523 203 653 232 LIBER
681 203 710 231 1.
742 202 799 231 DE
829 201 967 231 minus
997 200 1234 230 ECCLEsmE
1263 200 1590 230 SPIRITUALIBUS
1868 189 1948 230 255

283 311 411 356 1177.
451 309 589 355 Varia
628 312 698 354 est
743 307 885 353 etiam
933 305 1237 352 Orientalium
1287 305 1527 364 disciplina
1564 306 1715 364 quoad
1755 305 1944 362 ieiunia,

161 399 261 439 tum
295 393 415 440 circa
449 393 627 438 dierum
661 404 936 446 numerum,
975 394 1070 434 tum
1116 389 1236 435 circa
1270 389 1507 436 ieiunandi
1547 378 1751 436 modum.
1802 395 1854 436 Et
1888 391 1944 438 ad

160 477 255 523 dies
286 477 404 536 quod
438 476 623 531 attinet,
661 473 955 534 Italo—graeci
979 474 1091 520 feria
1116 474 1172 520 1v
1195 475 1242 519 et
1265 476 1324 520 VI
1346 474 1394 518 in
1426 473 1630 534 qualibet
1662 467 1945 520 hebdomada

160 560 370 606 ieiunant
401 573 495 604 non
528 573 640 604 vero
672 558 719 603 in
753 557 978 613 sabbatis,
1015 561 1209 616 excepto
1249 557 1438 602 sabbato
1480 561 1656 602 sancto.
1710 561 1881 603 Rursus
1918 571 1944 603 a

160 644 273 690 feria
306 643 507 689 secunda
541 647 643 702 post
674 643 843 687 festum
876 641 1202 686 Sanctissimae
1235 640 1471 686 'l'rinitatis
1502 640 1558 685 ad
1591 641 1761 686 festum
1800 654 1944 697 usque

162 718 479 786 Apostolorum
514 725 773 781 exclusive,
808 739 834 770 a
871 724 1015 784 prima
1064 724 1135 769 die
1183 723 1364 780 augusti
1398 737 1541 783 usque
1574 723 1628 768 ad
1663 723 1944 782 Assumptio·

159 825 267 856 nem
305 815 347 855 B.
386 814 446 855 Μ.
485 813 537 854 V.
573 814 619 854 et
651 824 675 854 a
709 809 780 854 die
812 809 989 854 decima
1031 808 1192 868 quinta
1235 808 1502 854 novembris
1550 808 1605 853 ad
1647 808 1943 854 nativitatem

161 894 343 939 Domini
376 893 580 938 ieiunare
613 893 776 937 solent.
816 893 1171 951 Mengrellenses
1194 906 1273 937 seu
1297 892 1436 952 aliqui
1470 891 1715 950 Georgiani
1748 897 1945 951 quatuor

158 977 527 1038 quadragesimas
559 977 733 1032 colunt,
771 977 888 1035 Syrii
923 977 1147 1023 lacobitae
1180 976 1401 1037 quinque,
1439 977 1556 1035 Syrii
1583 976 1843 1021 Nestoi-iani
1876 990 1944 1021 se-

159 1066 302 1119 ptem.
340 1061 466 1120 Copti
490 1066 536 1105 et
560 1060 820 1119 Aethiopes,
847 1065 1027 1119 praeter
1060 1059 1283 1105 ieiunium
1310 1060 1449 1105 feriae
1472 1063 1663 1118 quartae
1687 1060 1733 1105 et
1765 1065 1941 1115 sextae,

158 1144 303 1189 tribus
335 1143 492 1188 diebus
516 1147 614 1202 post
638 1143 916 1188 dominicam
944 1143 1305 1202 septuagesimae
1329 1142 1535 1189 ieiunare
1568 1144 1716 1188 solent
1747 1149 1793 1188 et
1818 1158 1943 1202 prae-

158 1234 228 1273 ter
259 1228 657 1287 quadragesimam
691 1233 795 1272 octo
828 1228 1183 1283 hebdomadum,
1219 1242 1358 1288 quam
1392 1243 1418 1273 a
1454 1227 1566 1273 feria
1600 1230 1801 1272 secunda
1843 1231 1943 1286 post

158 1310 584 1370 quinquagesimam
618 1310 930 1369 auspicantur,
970 1310 1136 1356 ieiunia
1171 1312 1331 1356 colunt
1365 1311 1618 1366 AdventuS,
1655 1311 1939 1369 Assumptio-

158 1393 230 1439 nis
263 1398 307 1439 Β.
342 1398 403 1438 Μ.
442 1397 492 1437 V.
530 1408 554 1438 a
590 1393 735 1451 prima
768 1393 840 1437 die
874 1394 1053 1452 augusti
1086 1394 1142 1438 ad
1174 1394 1295 1438 diem
1344 1394 1571 1438 decimam
1619 1398 1861 1453 quartam,
1897 1398 1944 1438 et

162 1481 232 1523 SS.
272 1478 605 1536 Apostolorum.
662 1478 847 1523 Armeni
895 1492 984 1522 non
1035 1478 1201 1538 ubique
1250 1478 1410 1523 eadem
1453 1479 1704 1523 observant
1751 1477 1939 1523 ieiunia.

159 1566 331 1607 Omnes
366 1577 474 1608 vero
498 1577 521 1607 a
546 1564 657 1608 feria
682 1564 880 1608 secunda
915 1564 1322 1622 quinquagesimae
1346 1563 1751 1623 quadragesimalis
1783 1563 1941 1608 ieiunii

160 1645 400 1690 exordium
437 1646 627 1690 ducunt.
666 1646 730 1690 Ad
765 1646 897 1691 haec:
935 1646 1144 1691 ieiunant
1177 1647 1223 1690 in
1259 1646 1413 1704 vigilia
1448 1646 1716 1692 Nativitatis
1742 1646 1940 1702 Domini,

158 1733 267 1773 ante
304 1729 603 1787 Epiphaniam
631 1744 709 1787 per
732 1734 906 1788 septem
941 1730 1115 1786 diebus,
1143 1731 1358 1788 postridie
1382 1731 1719 1789 Assumptionis
1743 1735 1787 1775 B.
1807 1734 1866 1775 M.
1885 1733 1937 1775 V.

158 1813 213 1857 ad
246 1813 485 1858 sabbatum
522 1827 662 1873 usque
686 1828 898 1874 sequens,
924 1829 949 1860 a
974 1815 1086 1860 feria
1120 1816 1321 1860 secunda
1347 1819 1447 1874 post
1469 1818 1773 1860 Pentecosten
1800 1828 1941 1874 usque

159 1897 212 1941 ad
248 1896 407 1941 feriam
441 1902 643 1954 sextam,
680 1898 867 1942 demum
904 1898 1124 1943 ieiunium
1157 1903 1379 1943 exercent
1417 1899 1487 1944 die
1538 1899 1837 1957 praecedente
1878 1900 1940 1944 fe-

158 1986 278 2025 stum
313 1981 774 2039 Transfigurationis,
815 1982 1116 2026 Exaltationis
1150 1986 1191 2026 S.
1230 1982 1416 2038 Crucis,
1458 1984 1625 2027 festum
1662 1985 1703 2027 S.
1737 1983 1940 2040 Gregorii

160 2064 500 2121 llluminatoris,
536 2065 688 2110 Sancti
725 2065 871 2111 [acobi
911 2065 1131 2124 Episcopi,
1159 2068 1199 2110 S.
1229 2066 1369 2123 Sergii
1396 2066 1629 2124 Martyris,
1667 2068 1707 2109 S.
1736 2065 1940 2122 Gregorii

158 2161 294 2207 quem
319 2148 710 2205 Thaumaturgum
735 2148 966 2207 appellant
987 2152 1068 2194 etc.
1106 2150 1263 2203 Quoad
1297 2149 1524 2194 rationem
1551 2164 1660 2194 vero
1684 2148 1938 2204 ieiunandi,

158 2231 371 2290 quamvis
403 2232 561 2277 eadem
614 2231 728 2277 ratio
763 2233 937 2277 servari
986 2233 1150 2278 debeat
1181 2234 1239 2277 ab
1272 2233 1485 2278 omnibus
1532 2237 1739 2291 tempore
1781 2232 1939 2277 ieiunii

161 2314 345 2359 maioris
377 2320 484 2360 ante
522 2315 917 2361 Resurrectionem
958 2317 1155 2372 Domini,
1192 2320 1348 2362 tamen
1389 2317 1435 2361 in
1470 2318 1637 2362 ceteris
1677 2318 1787 2360 anni
1830 2317 1939 2360 ieiu-

162 2396 247 2442 niis
279 2397 401 2442 inter
432 2411 479 2443 se
511 2398 794 2457 discrepant3
829 2399 1053 2458 siquidem
1086 2400 1161 2444 alii
1197 2400 1405 2445 contenti
1440 2404 1548 2443 sunt
1580 2401 1672 2444 sola
1706 2399 1939 2444 abstinen-

159 2480 220 2525 tia
253 2495 278 2525 a
311 2495 450 2526 carne
482 2485 528 2525 et
561 2480 804 2528 lacticiniis
836 2487 882 2527 et
914 2483 1013 2528 ovis
1050 2485 1256 2541 (excepta
1294 2483 1404 2528 feria
1443 2486 1496 2528 [V
1530 2487 1575 2528 et
1610 2486 1665 2527 vl
1699 2482 1941 2528 cuiuslibet

160 2563 469 2608 hebdomadae
504 2563 550 2608 in
583 2563 746 2623 quibus
770 2566 864 2610 fere
887 2579 1048 2610 omnes
1080 2580 1104 2610 a
1140 2566 1338 2624 piscibus
1370 2579 1550 2625 quoque
1584 2565 1832 2619 abstinent)
1863 2563 1939 2608 alii

161 2644 383 2690 ieiunium
418 2647 694 2703 protrahunt
727 2662 869 2708 usque
891 2651 947 2693 ad
972 2663 1143 2694 nonam
1178 2654 1380 2705 tantum,
1416 2650 1491 2695 alii
1525 2650 1722 2709 denique
1750 2663 1829 2708 pro
1853 2650 1939 2694 loci

159 2729 490 2774 consuetudine
524 2730 785 2788 rigidiorem
819 2732 1102 2778 lenioremve
1138 2732 1373 2778 ieiunandi
1410 2733 1595 2777 modum
1629 2738 1835 2778 servant.

281 2813 406 2858 1178.
445 2814 509 2858 Ad
544 2814 758 2860 ultimum
781 2815 1048 2875 disciplinae
1072 2822 1209 2876 caput
1230 2818 1347 2877 quod
1383 2817 1600 2875 pertinet,
1625 2818 1736 2863 satis
1768 2817 1827 2862 sit
1858 2831 1937 2862 no-

158 2898 277 2940 tasse
311 2896 357 2940 in
391 2897 602 2942 orientali
640 2898 837 2944 Ecclesia
870 2900 1015 2958 legem
1049 2914 1165 2955 esse,
1201 2914 1289 2959 qua
1327 2900 1532 2958 Episcopi
1566 2905 1804 2959 nequeunt
1827 2914 1938 2945 uxo-

157 2993 256 3024 rem
289 2979 454 3025 ducere
488 2995 636 3040 neque
666 2996 767 3027 eam
802 2983 1002 3028 retinere
1035 2984 1071 3027 si
1109 2983 1224 3027 forle
1258 2983 1474 3038 habeant,
1510 2984 1588 3028 sed
1620 2983 1856 3028 dimissam
1892 2983 1937 3028 in

161 3063 439 3108 monasterio
485 3064 637 3123 aliquo
669 3066 790 3111 alere
822 3071 1056 3112 tenentur.
1114 3066 1231 3111 Hinc
1274 3066 1308 3110 si
1351 3067 1591 3125 presbyter
1636 3066 1848 3125 coniugio
1880 3066 1940 3111 sit
