2176 3386
236 108 262 148 8
905 124 1015 153 PARS
1045 125 1085 153 11.
1121 125 1177 153 DE
1207 125 1346 154 REBus

239 242 264 273 a
299 228 544 274 nativitate
576 235 802 288 amentes,
837 246 951 292 quos
983 234 1176 278 rationis
1199 237 1436 292 compotes
1473 235 1652 280 futuros
1674 249 1768 281 non
1791 241 2024 295 speratur,

238 309 291 355 iis
337 311 697 371 aequiparantur
744 314 820 374 qui
869 315 914 359 in
965 316 1177 374 proximo
1226 315 1387 361 mortis
1425 316 1625 375 periculo
1658 323 1931 376 versantur,
1966 334 2026 366 ac

237 395 426 453 proinde
458 397 719 456 baptizandi
752 402 874 443 sunt.
912 399 1041 453 Quod
1066 398 1267 457 pertinet
1288 399 1343 444 ad
1368 398 1484 445 filios
1518 399 1789 458 infidelium,
1823 416 2024 462 quorum

235 479 340 523 talis
374 493 466 524 non
500 484 569 524 est
600 480 803 526 amentia
837 485 887 525 ut
920 495 1013 526 non
1048 481 1198 541 aliqua
1233 482 1373 527 edant
1405 482 1598 528 rationis
1630 483 1816 540 indicia,
1851 484 2023 542 triplex

237 574 369 606 casus
400 561 616 621 distingui
649 562 798 608 debet.
836 564 916 608 Vel
947 564 1074 609 enim
1109 564 1343 610 moraliter
1375 570 1556 612 constat
1587 580 1665 611 eos
1696 566 1775 611 tali
1800 568 2026 612 facultate

238 644 421 701 pollere,
459 646 531 689 vel
566 645 800 690 moraliter
832 650 1015 690 constat
1039 660 1091 692 ea
1116 661 1209 691 non
1245 647 1430 705 pollere,
1457 648 1530 692 vel
1564 648 1762 707 denique
1797 653 1896 706 post
1927 649 2025 694 suf-

237 726 397 772 ficiens
428 742 625 773 examen
660 727 847 773 dubium
884 728 1205 789 incertumque
1237 734 1396 774 manet
1428 744 1487 775 an
1510 744 1563 775 ea
1586 731 1802 789 polleant.
1839 731 1882 776 Si
1916 745 2023 789 pru-

237 809 364 854 denti
413 810 579 856 iudicio
628 811 802 869 peccati
849 825 1041 869 capaces
1090 812 1446 868 existimantur,
1482 813 1707 858 utendum
1750 817 1820 858 est
1865 812 2021 870 regula

238 896 279 938 S.
316 894 533 950 Thomae,
569 896 595 939 5
630 909 691 953 p.,
718 910 759 954 q.
788 896 859 951 68,
894 899 979 940 art.
1022 897 1099 941 12:
1140 900 1461 954 Baptizantm·
1483 898 1695 953 volentes,
1732 911 1827 941 non
1862 902 2019 941 autem

236 979 386 1021 inviti.
439 977 480 1022 Si
516 979 728 1036 prudenti
776 979 943 1025 iudicio
993 981 1153 1039 culpae
1187 994 1378 1039 capaces
1420 995 1513 1026 non
1561 984 1838 1037 censentur,
1874 979 2021 1025 veluti

236 1059 364 1117 pueri
396 1061 473 1120 qui
506 1075 639 1107 usum
675 1062 867 1108 rationis
901 1064 1208 1109 sufficientem
1244 1079 1336 1109 non
1370 1064 1654 1122 attigerunt,
1690 1068 1802 1109 tunc
1835 1064 1871 1108 si
1905 1065 2024 1109 haec

236 1143 428 1188 rationis
460 1144 734 1203 impotentia
768 1151 987 1205 perpetua
1037 1148 1132 1192 fore
1165 1148 1415 1206 prudenter
1447 1147 1765 1204 existimatur,
1801 1152 1910 1192 sunt
1942 1148 2023 1192 ba-

237 1226 436 1283 ptizandi
470 1231 520 1271 ut
552 1228 727 1274 dictum
760 1233 830 1274 est
862 1231 1095 1289 superius;
1133 1231 1168 1276 si
1203 1235 1358 1276 autem
1392 1244 1494 1290 spes
1515 1235 1584 1276 est
1614 1236 1664 1276 ut
1696 1230 1910 1289 deinceps
1943 1246 2022 1276 eo-

235 1325 336 1356 rum
371 1311 487 1357 ratio
521 1326 618 1358 sese
652 1313 796 1372 magis
827 1319 1037 1370 exserat,
1076 1319 1189 1360 tunc
1225 1315 1260 1360 si
1296 1315 1341 1360 in
1376 1315 1587 1374 proximo
1621 1315 1823 1374 periculo
1856 1316 2023 1360 mortis

233 1399 358 1450 sunt,
394 1396 701 1454 baptizentur,
736 1397 985 1443 dummodo
1020 1398 1063 1443 id
1096 1399 1176 1443 fiat
1209 1399 1308 1443 sine
1341 1399 1580 1454 scandalo;
1616 1411 1763 1454 secus,
1798 1403 1903 1443 sunt
1938 1413 2022 1443 ex-

235 1478 458 1536 pectanda
492 1479 688 1524 certiora
722 1480 914 1525 rationis
950 1481 1137 1536 indicia,
1173 1485 1224 1525 ut
1258 1495 1385 1526 more
1418 1481 1678 1526 adultorum
1713 1481 1768 1526 ad
1801 1480 1937 1525 fidem
1971 1483 2023 1525 et.

233 1561 513 1620 baptismum
562 1563 864 1609 adducantur.
917 1566 1046 1619 Quod
1080 1564 1115 1610 si
1149 1565 1285 1610 dubia
1332 1568 1515 1610 tantum
1564 1564 1692 1623 signa
1740 1568 2020 1624 suppetant,

232 1645 359 1690 locus
390 1647 479 1691 erit
511 1647 723 1705 prudenti
757 1648 955 1706 regulae,
992 1662 1131 1707 quam
1165 1648 1463 1707 suppeditant
1495 1649 1671 1707 probati
1694 1652 1922 1704 auctores,
1948 1648 2022 1692 ni-

232 1729 429 1785 mirum,
464 1730 500 1774 si
535 1731 784 1776 necessitas
828 1745 921 1776 non
970 1736 1156 1789 urgeat,
1193 1732 1428 1790 expectari
1475 1732 1610 1777 debet
1653 1732 1939 1778 commodior
1970 1735 2019 1777 et

232 1811 379 1858 maior
410 1813 636 1871 cogniti03
673 1814 709 1858 si
733 1819 890 1860 autem
923 1819 1100 1873 urgeat,
1127 1820 1240 1860 tunc
1272 1815 1316 1859 in
1352 1815 1489 1860 dubio
1523 1816 1774 1861 favendum
1807 1815 2018 1873 religioni

231 1900 277 1939 et
308 1895 410 1941 fidei
446 1897 725 1942 christianae
758 1902 804 1942 et
836 1897 1061 1956 spirituali
1096 1898 1232 1943 saluti
1266 1898 1526 1957 baptizandi
1552 1898 1583 1943 ¹.

349 1980 449 2024 625.
487 1984 682 2025 Possunt
727 1980 887 2025 invitis
929 1980 1072 2025 etiam
1122 1980 1389 2039 parentibus
1428 1980 1647 2039 baptizari
1692 1981 1819 2040 pueri
1852 1981 2017 2037 adulti,

229 2061 306 2121 qui
339 2062 619 2121 baptismum
654 2064 914 2122 postulant;
965 2063 1107 2108 adulti
1147 2068 1305 2109 autem
1339 2068 1616 2120 censentur,
1653 2069 1704 2108 ut
1736 2064 2015 2123 plurimum,

229 2144 307 2204 qui
340 2145 634 2203 septennium
668 2147 1020 2204 compleverint.
1077 2146 1253 2192 Dicitur
1288 2151 1338 2191 ut
1370 2147 1644 2206 plurimum,
1679 2147 1785 2207 quia
1831 2152 2019 2194 Praeses

229 2227 567 2274 ecclesiasticus
599 2229 741 2274 eliam
773 2234 911 2289 atque
945 2230 1086 2275 etiam
1120 2230 1412 2276 considerare
1445 2231 1580 2276 debet
1611 2230 1823 2290 quisnam
1856 2231 1916 2276 sit
1937 2231 2015 2276 ba·

231 2312 386 2371 ptismi
422 2313 613 2370 petitor3
651 2312 700 2357 fit
733 2313 858 2358 enim
896 2317 946 2357 ut
978 2314 1079 2373 quis
1111 2313 1251 2359 etiam
1290 2319 1398 2359 ante
1432 2313 1725 2372 septennium
1767 2313 2014 2360 sufficienti

229 2395 289 2441 sit
320 2396 552 2455 praeditus
586 2396 762 2441 ratione
799 2396 992 2456 ideoque
1028 2397 1331 2456 baptizandus
1364 2396 1526 2442 invitis
1557 2397 1664 2442 licet
1687 2397 1954 2456 parentibus
1977 2397 2012 2442 ².

348 2480 449 2525 624.
484 2483 698 2526 Ceterum
748 2480 876 2539 pueri
924 2480 1179 2525 infidelium
1227 2484 1307 2526 aut
1347 2481 1684 2526 haereticorum
1728 2481 1838 2537 filii,
1880 2485 2013 2527 extra

229 2563 392 2608 mortis
425 2563 677 2622 periculum
710 2564 796 2608 etsi
829 2578 854 2608 a
889 2563 1154 2623 parentibus
1186 2563 1341 2620 oblati,
1369 2578 1460 2609 non
1494 2564 1802 2623 baptizentur,
1827 2564 2017 2624 quando

229 2660 469 2691 remanere
501 2646 670 2691 debent
701 2645 749 2691 in
783 2649 1008 2704 potestate
1047 2651 1292 2705 parentum
1335 2651 1415 2692 aut
1457 2646 1709 2692 infidelium
1743 2651 1823 2692 aut
1854 2647 2017 2692 haere-

346 2842 354 2860 ¹
385 2843 419 2879 S.
447 2843 559 2888 Cong.
587 2843 694 2889 Prop.
721 2843 824 2880 Fidei
853 2843 895 2878 17
922 2852 999 2889 apr.
1029 2843 1132 2880 1777.

346 2914 358 2932 ’
384 2913 419 2951 S.
445 2914 558 2960 Cong.
593 2915 700 2961 Prop.
740 2915 840 2952 Fidei
871 2915 892 2952 5
923 2916 1047 2952 martii
1079 2914 1187 2958 1705;
1224 2915 1358 2952 Bened.
1390 2915 1487 2960 XIV,
1525 2914 1648 2953 Const.
1679 2916 1862 2954 Postremo
1888 2925 2016 2952 mense

226 2986 271 3022 28
297 2986 389 3024 febr.
419 2986 522 3024 1747.
549 2987 698 3024 collect.
726 2997 760 3024 n.
787 2987 869 3024 550.
