2176 3386
1266 0 1421 25 (πηγῇ-βα
1438 0 1445 22 ἶ
1467 0 1475 6 “

238 125 327 165 330
891 134 1002 164 PARS
1031 135 1055 164 1.
1091 135 1148 164 DE
1176 134 1387 164 Pensoms

239 244 541 304 dispositione
577 245 659 290 fori
693 245 932 304 privilegio
966 245 1166 303 gaudent
1192 246 1230 301 l)
1267 244 1420 290 clerici
1455 244 1666 302 majores,
1692 247 1734 303 2)
1756 245 1908 292 clerici
1942 247 2026 294 mi·

245 327 418 372 nores¹
466 310 782 373 etiamsi'sola
823 333 1012 372 tonsura
1055 326 1149 372 sint
1195 326 1400 384 insigniti
1435 327 1684 373 dummodo
1731 329 1777 385 a)
1816 328 2023 375 habitum

239 411 504 456 clericalem
537 425 589 455 ac
622 414 862 456 tonsuram
895 411 1122 465 deferant,
1148 410 1188 465 b)
1225 409 1361 454 alicui
1399 409 1624 455 Ecclesiae
1667 410 1942 468 inserviant,
1966 426 2026 457 ex

247 493 452 553 Episcopi
485 490 647 539 saltem
684 497 974 551 praesumpto
1011 491 1244 547 mandato,
1282 492 1352 536 vel
1391 492 1596 551 Episcopi
1631 506 1859 538 consensu
1878 494 1925 539 in
1945 475 2024 539 ali-⁴

239 591 332 637 qua
366 577 622 622 studiorum
656 576 959 621 universitate
996 579 1253 620 versentur.
1291 576 1419 630 Quod
1452 577 1486 620 si
1532 576 1586 621 (16
1634 576 1812 622 clericis
1845 577 1892 621 in
1943 577 2025 622 mi-

245 661 434 705 noribus
465 675 518 706 ac
549 659 805 717 coniugatis
846 664 1008 717 agatur
1051 658 1184 723 tertia
1237 658 1420 703 additur
1467 658 1669 703 conditio
1700 663 1738 716 c)
1775 659 2023 705 dummodo

245 743 489 800 nupserint
522 743 598 787 uni
635 747 680 787 et
715 742 882 800 virgini
908 742 938 786 ².

362 827 462 872 411.
498 826 692 870 Nomine
725 829 880 870 autem
915 825 1186 871 clericorum
1221 825 1268 870 in
1301 839 1410 871 casu
1444 840 1535 870 non
1573 826 1705 871 modo
1737 826 1889 871 clerici
1924 840 2019 872 sae-

240 907 423 952 culares
459 907 654 951 veniunt
687 906 763 950 sed
797 911 843 950 et
876 906 1105 963 regulares
1147 920 1200 951 ac
1235 905 1397 951 novitii
1434 920 1518 951 nec
1567 920 1659 951 non
1710 905 1929 951 moniales
1971 921 2024 954 ac

242 1003 514 1044 conversae⁷
552 989 642 1034 imo
676 995 720 1034 et
754 989 1005 1033 heremitae
1038 989 1114 1048 qui
1150 989 1356 1034 habitum
1384 989 1440 1033 ab
1477 989 1693 1048 Episcopo
1740 990 2025 1048 susceperint

245 1078 292 1118 et
324 1073 380 1117 ab
412 1075 509 1118 eius
542 1073 854 1118 iurisdictione
888 1073 1191 1131 dependeant.

363 1158 465 1201 412.
503 1156 544 1200 Si
578 1160 844 1201 contractus
876 1156 1019 1201 initus
1053 1157 1191 1201 luerit
1233 1157 1305 1202 vel
1349 1156 1566 1202 delictum
1602 1162 1834 1216 patratum
1868 1159 1942 1203 vel
1974 1157 2021 1203 in

240 1254 410 1298 genere
444 1241 618 1284 lactum
654 1241 850 1298 positum
887 1240 1025 1285 fuerit
1057 1255 1081 1285 a
1116 1240 1281 1286 clerieo
1315 1245 1564 1301 antequam
1598 1241 1795 1287 clericali
1831 1241 2021 1287 militiae

238 1327 363 1368 esset
385 1324 655 1382 adscriptus,
682 1323 875 1369 clericus
910 1323 1145 1382 privilegio
1169 1324 1365 1381 gaudere
1390 1338 1482 1368 non
1507 1328 1655 1383 potest
1687 1323 1865 1384 quoties
1887 1324 1925 1382 l)
1950 1338 2023 1368 res

245 1407 450 1464 amplius
482 1410 670 1464 integra
704 1421 798 1451 'non
829 1410 887 1451 sit
918 1407 1023 1466 quia
1056 1421 1108 1451 ea
1142 1407 1196 1451 de
1232 1422 1278 1452 re
1313 1410 1409 1453 iam
1441 1408 1555 1452 vidit
1587 1408 1728 1452 iudex
1761 1409 1922 1463 laicus,
1959 1412 2024 1452 at-

244 1495 402 1534 tamen
424 1493 682 1535 senceniiae
713 1493 915 1535 eaeeciiiio
948 1492 1011 1535 acl
1038 1493 1312 1548 Episcopum
1333 1493 1535 1547 pertinet
1550 1510 1565 1545 ;
1601 1492 1642 1547 ⁹2)
1671 1492 1743 1535 vel
1766 1491 1956 1536 clericus
1979 1490 2024 1536 in

240 1573 352 1631 legis
385 1574 591 1618 fraudem
625 1573 679 1618 ad
714 1556 872 1618 laicale
906 1573 1124 1619 iudicium
1160 1572 1401 1618 vitandum
1426 1573 1684 1618 clericalem
1708 1573 1916 1618 habitum
1950 1587 2021 1618 su-

243 1657 454 1715 sceperit,
490 1656 567 1701 sed
601 1656 741 1701 etiam
776 1656 861 1700 hoc
894 1655 939 1700 in
974 1669 1081 1700 casu
1114 1658 1372 1700 senten-tiae
1403 1658 1605 1700 executio
1639 1655 1685 1700 in
1732 1655 1884 1700 clerici
1929 1669 2024 1713 per·

238 1754 404 1785 sonam
438 1740 501 1786 ad
540 1742 812 1797 Episcopum
846 1739 1044 1798 pertinet
1068 1739 1098 1782 ³.
1140 1739 1202 1783 Ad
1235 1753 1333 1783 rem
1358 1739 1559 1783 notanda
1582 1742 1652 1783 est
1684 1740 1916 1796 responsio
1941 1739 2025 1784 Sa·

241 1837 355 1868 crae
393 1824 777 1880 C07297··e9alionis
801 1824 1121 1881 Inquisitiom's
1154 1822 1254 1866 lata
1286 1821 1359 1865 die
1393 1823 1454 1865 23
1479 1823 1705 1866 Ianuarii
1722 1834 1854 1866 anno
1881 1820 2022 1875 1886,

242 1921 331 1965 qua
364 1907 623 1951 declaratur
655 1905 1191 1950 excommunicationem
1226 1905 1271 1948 in
1305 1907 1456 1949 Const.
1497 1905 1780 1962 Apostolicae
1814 1903 1938 1948 Sedis
1962 1903 2023 1948 la-

242 1994 337 2033 tam
373 2003 425 2033 ac
457 1987 640 2046 speciali
677 1989 809 2032 modo
846 1991 896 2032 R.
935 1986 1142 2031 Pontilici
1178 1990 1461 2031 reservatam
1495 1990 1655 2030 contra
1702 1986 1935 2031 trahentes
1968 1984 2024 2029 ad

239 2072 474 2116 saeculare
511 2071 708 2115 tribunal
741 2071 946 2126 clericos,
972 2084 1064 2114 non
1102 2074 1286 2127 tangere
1320 2072 1414 2114 nisi
1435 2069 1719 2127 leqislacores
1740 2071 1821 2128 qai
1849 2070 1945 2112 sais
1966 2068 2025 2112 le-

236 2156 374 2212 ¹qibiis
412 2156 635 2200 Ecclesiae
662 2155 918 2212 privileqia
936 2153 1209 2198 detrahant.
1248 2158 1427 2197 Actores
1449 2157 1606 2197 autem
1630 2152 1808 2197 etiamsi
1833 2156 2025 2210 peccent

244 2242 401 2283 tamen
448 2237 983 2282 excommunicationem
1028 2251 1120 2281 non
1155 2236 1450 2281 incurrunt⁴.
1494 2236 1536 2291 3)
1584 2235 1802 2280 Similiter
1833 2235 2024 2280 clericus

239 2321 328 2365 hoc
362 2321 598 2379 privilegio
633 2321 750 2365 haud
784 2320 950 2378 gaudet
981 2320 1159 2379 quoties
1192 2334 1216 2364 a
1251 2319 1364 2364 laico
1414 2317 1613 2377 legitime
1661 2310 2019 2363 conveniatur5.

247 2408 313 2449 Ex
346 2404 479 2449 dictis
511 2405 719 2464 sequitur
751 2404 891 2448 etiam
925 2402 1091 2449 laicum
1117 2402 1200 2447 fori
1226 2402 1463 2461 privilegio
1488 2402 1684 2460 gaudere
1705 2402 1780 2459 qui
1806 2400 1853 2445 in
1876 2401 2025 2446 causis

240 2487 457 2532 civilibus
475 2487 610 2532 simul
628 2500 733 2531 cum
751 2488 917 2532 clerico
935 2487 1215 2531 convenitur
1231 2484 1480 2530 dummodo
1498 2486 1634 2529 causa
1653 2483 1712 2529 sit
1727 2483 1977 2529 individua
1989 2484 2021 2529 ⁸.

369 2643 377 2662 ¹
407 2644 462 2679 Ex
488 2643 596 2679 Cone.
626 2642 723 2678 Trid.
754 2651 835 2688 cap.
864 2641 925 2684 VI,
953 2650 1042 2677 sess.
1071 2640 1194 2676 XXIII
1222 2640 1268 2677 de
1295 2640 1439 2676 reform.

371 2715 383 2733 ¹
410 2715 495 2760 Cap.
522 2724 583 2751 un.
611 2715 656 2751 de
677 2714 762 2751 cler.
790 2713 937 2759 coniug.
965 2713 1004 2748 in
1030 2711 1091 2748 VI.

363 2786 375 2806 ³
402 2787 683 2823 Reirreusrum.
711 2786 755 2822 de
781 2786 856 2822 toro
884 2794 1003 2831 comp.
1030 2784 1111 2821 267.
1138 2784 1273 2821 Bened.
1302 2783 1399 2820 XIV.
1426 2783 1470 2820 (16
1497 2783 1633 2830 Synod.
1653 2783 1770 2821 dioec.
1789 2782 1850 2819 lib.
1870 2782 1924 2825 12,
1942 2792 1974 2819 c.
1992 2781 2024 2819 2.

365 2858 378 2878 ³
403 2859 553 2896 Collect.
580 2858 614 2894 S.
633 2857 670 2895 C.
691 2858 747 2894 Pr.
776 2857 852 2893 Fid.
879 2867 915 2893 n.
943 2856 1026 2893 240.

364 2930 376 2950 '⁵
404 2931 686 2967 Rfflrreus‘rum.
714 2929 758 2966 de
786 2929 923 2966 mutuis
950 2927 1205 2975 petitionibus,
1231 2931 1245 2968 ἓ
1272 2927 1304 2964 2.

364 3001 377 3022 ⁶
405 3002 762 3043 SchAnzonuEnEn,
789 3001 855 3038 Tit.
884 3000 928 3037 de
955 3001 1033 3036 foro
1059 3008 1191 3045 comp,
1219 3008 1253 3036 n.
1283 2998 1363 3035 141.
