<?xml version="1.0" encoding="UTF-8"?>
<!DOCTYPE html PUBLIC "-//W3C//DTD XHTML 1.0 Transitional//EN"
    "http://www.w3.org/TR/xhtml1/DTD/xhtml1-transitional.dtd">
<html xmlns="http://www.w3.org/1999/xhtml" xml:lang="en" lang="en">
 <head>
  <title>
</title>
<meta http-equiv="Content-Type" content="text/html;charset=utf-8" />
  <meta name='ocr-system' content='tesseract 3.04.00' />
  <meta name='ocr-capabilities' content='ocr_page ocr_carea ocr_par ocr_line ocrx_word'/>
</head>
<body>
  <div class='ocr_page' id='page_1' title='image "apparatus00ziteuoft_0733.png"; bbox 0 0 2176 3386; ppageno 0'>
   <div class='ocr_carea' id='block_1_1' title="bbox 0 0 519 163">
    <p class='ocr_par' dir='ltr' id='par_1_1' title="bbox 0 0 519 163">
     <span class='ocr_line' id='line_1_1' title="bbox 0 0 519 163; baseline 0 3223"><span class='ocrx_word' id='word_1_1' title='bbox 0 0 519 163; x_wconf 95' lang='lat' dir='ltr'> </span> 
     </span>
    </p>
   </div>
   <div class='ocr_carea' id='block_1_2' title="bbox 537 184 1960 224">
    <p class='ocr_par' dir='ltr' id='par_1_2' title="bbox 537 184 1960 224">
     <span class='ocr_line' id='line_1_2' title="bbox 537 184 1960 224; baseline 0.001 -2"><span class='ocrx_word' id='word_1_2' title='bbox 537 194 667 222; x_wconf 80' lang='lat' dir='ltr'>LIBER</span> <span class='ocrx_word' id='word_1_3' title='bbox 696 194 719 222; x_wconf 76' lang='grc' dir='ltr'>ι.</span> <span class='ocrx_word' id='word_1_4' title='bbox 751 193 808 222; x_wconf 88' lang='lat' dir='ltr'>DE</span> <span class='ocrx_word' id='word_1_5' title='bbox 839 192 976 222; x_wconf 84' lang='lat' dir='ltr'>REBUS</span> <span class='ocrx_word' id='word_1_6' title='bbox 1005 191 1242 222; x_wconf 75' lang='lat' dir='ltr'>Eccm-:SIAE</span> <span class='ocrx_word' id='word_1_7' title='bbox 1271 192 1596 222; x_wconf 79' lang='lat' dir='ltr'>SPIRITUALIBUS</span> <span class='ocrx_word' id='word_1_8' title='bbox 1881 184 1960 224; x_wconf 89' lang='grc'>229</span> 
     </span>
    </p>
   </div>
   <div class='ocr_carea' id='block_1_3' title="bbox 1322 247 1958 254">
    <p class='ocr_par' dir='ltr' id='par_1_3' title="bbox 1322 247 1958 254">
     <span class='ocr_line' id='line_1_3' title="bbox 1322 247 1958 254; baseline 0 0"><span class='ocrx_word' id='word_1_9' title='bbox 1322 247 1958 254; x_wconf 95' lang='lat' dir='ltr'> </span> 
     </span>
    </p>
   </div>
   <div class='ocr_carea' id='block_1_4' title="bbox 157 301 1960 3119">
    <p class='ocr_par' dir='ltr' id='par_1_4' title="bbox 174 301 1960 442">
     <span class='ocr_line' id='line_1_4' title="bbox 176 301 1960 360; baseline 0.001 -13"><span class='ocrx_word' id='word_1_10' title='bbox 176 316 286 347; x_wconf 92' lang='lat' dir='ltr'>nere</span> <span class='ocrx_word' id='word_1_11' title='bbox 318 307 365 348; x_wconf 85' lang='lat' dir='ltr'>et</span> <span class='ocrx_word' id='word_1_12' title='bbox 396 301 570 347; x_wconf 87' lang='lat' dir='ltr'>hortari</span> <span class='ocrx_word' id='word_1_13' title='bbox 602 314 784 358; x_wconf 89' lang='lat' dir='ltr'>omnes,</span> <span class='ocrx_word' id='word_1_14' title='bbox 820 305 956 359; x_wconf 85' lang='lat' dir='ltr'>atque</span> <span class='ocrx_word' id='word_1_15' title='bbox 989 314 1068 346; x_wconf 88' lang='lat' dir='ltr'>eos</span> <span class='ocrx_word' id='word_1_16' title='bbox 1099 301 1366 360; x_wconf 87' lang='lat' dir='ltr'>praesertim</span> <span class='ocrx_word' id='word_1_17' title='bbox 1387 301 1552 360; x_wconf 85' lang='lat' dir='ltr'>quibus</span> <span class='ocrx_word' id='word_1_18' title='bbox 1584 302 1777 348; x_wconf 79' lang='lat' dir='ltr'><strong>facultas</strong></span> <span class='ocrx_word' id='word_1_19' title='bbox 1798 308 1882 359; x_wconf 87' lang='lat' dir='ltr'>est,</span> <span class='ocrx_word' id='word_1_20' title='bbox 1909 307 1960 349; x_wconf 90' lang='lat' dir='ltr'>ut</span> 
     </span>
     <span class='ocr_line' id='line_1_5' title="bbox 174 374 1925 442; baseline 0.001 -12"><span class='ocrx_word' id='word_1_21' title='bbox 174 385 338 431; x_wconf 86' lang='lat' dir='ltr'>liberos</span> <span class='ocrx_word' id='word_1_22' title='bbox 370 399 475 431; x_wconf 91' lang='lat' dir='ltr'>suos</span> <span class='ocrx_word' id='word_1_23' title='bbox 507 385 552 430; x_wconf 93' lang='lat' dir='ltr'>in</span> <span class='ocrx_word' id='word_1_24' title='bbox 587 385 700 430; x_wconf 89' lang='lat' dir='ltr'>alias</span> <span class='ocrx_word' id='word_1_25' title='bbox 733 384 945 442; x_wconf 81' lang='lat' dir='ltr'><strong>regiones</strong></span> <span class='ocrx_word' id='word_1_26' title='bbox 978 384 1182 439; x_wconf 88' lang='lat' dir='ltr'>mittant,</span> <span class='ocrx_word' id='word_1_27' title='bbox 1208 383 1284 428; x_wconf 93' lang='lat' dir='ltr'>ubi</span> <span class='ocrx_word' id='word_1_28' title='bbox 1318 384 1542 437; x_wconf 73' lang='lat' dir='ltr'>catholice</span> <span class='ocrx_word' id='word_1_29' title='bbox 1575 374 1831 430; x_wconf 75' lang='lat' dir='ltr'>educentur</span> <span class='ocrx_word' id='word_1_30' title='bbox 1856 404 1894 431; x_wconf 82' lang='lat' dir='ltr'>n.</span> <span class='ocrx_word' id='word_1_31' title='bbox 1921 428 1925 432; x_wconf 84' lang='lat'>.</span> 
     </span>
    </p>

    <p class='ocr_par' dir='ltr' id='par_1_5' title="bbox 167 448 1958 1362">
     <span class='ocr_line' id='line_1_6' title="bbox 293 448 1958 527; baseline 0.001 -16"><span class='ocrx_word' id='word_1_32' title='bbox 293 467 580 526; x_wconf 79' lang='lat' dir='ltr'>Propositum</span> <span class='ocrx_word' id='word_1_33' title='bbox 615 466 702 512; x_wconf 85' lang='lat' dir='ltr'>fuit</span> <span class='ocrx_word' id='word_1_34' title='bbox 734 468 924 512; x_wconf 88' lang='lat' dir='ltr'>dubium</span> <span class='ocrx_word' id='word_1_35' title='bbox 959 469 1008 511; x_wconf 73' lang='lat'>2:</span> <span class='ocrx_word' id='word_1_36' title='bbox 1058 487 1076 507; x_wconf 80' lang='grc' dir='ltr'><em>α</em></span> <span class='ocrx_word' id='word_1_37' title='bbox 1104 448 1172 511; x_wconf 73' lang='lat' dir='ltr'>An</span> <span class='ocrx_word' id='word_1_38' title='bbox 1207 466 1342 512; x_wconf 88' lang='lat' dir='ltr'>liceat</span> <span class='ocrx_word' id='word_1_39' title='bbox 1374 467 1599 511; x_wconf 88' lang='lat' dir='ltr'>sacerdoti</span> <span class='ocrx_word' id='word_1_40' title='bbox 1634 467 1679 511; x_wconf 93' lang='lat' dir='ltr'>in</span> <span class='ocrx_word' id='word_1_41' title='bbox 1715 469 1958 527; x_wconf 86' lang='lat' dir='ltr'>praedictis</span> 
     </span>
     <span class='ocr_line' id='line_1_7' title="bbox 171 550 1956 608; baseline -0.001 -11"><span class='ocrx_word' id='word_1_42' title='bbox 171 551 336 597; x_wconf 89' lang='lat' dir='ltr'>scholis</span> <span class='ocrx_word' id='word_1_43' title='bbox 368 550 471 596; x_wconf 88' lang='lat' dir='ltr'>fidei</span> <span class='ocrx_word' id='word_1_44' title='bbox 505 551 786 596; x_wconf 80' lang='lat' dir='ltr'>christianae</span> <span class='ocrx_word' id='word_1_45' title='bbox 821 550 1099 595; x_wconf 91' lang='lat' dir='ltr'>documenta</span> <span class='ocrx_word' id='word_1_46' title='bbox 1131 550 1310 594; x_wconf 81' lang='lat' dir='ltr'>tradere</span> <span class='ocrx_word' id='word_1_47' title='bbox 1344 554 1424 594; x_wconf 86' lang='lat' dir='ltr'>aut</span> <span class='ocrx_word' id='word_1_48' title='bbox 1455 550 1715 608; x_wconf 86' lang='lat' dir='ltr'>Cappellani</span> <span class='ocrx_word' id='word_1_49' title='bbox 1765 565 1956 596; x_wconf 89' lang='lat' dir='ltr'>munere</span> 
     </span>
     <span class='ocr_line' id='line_1_8' title="bbox 172 633 1955 693; baseline 0 -14"><span class='ocrx_word' id='word_1_50' title='bbox 172 635 298 693; x_wconf 83' lang='lat' dir='ltr'>fungi</span> <span class='ocrx_word' id='word_1_51' title='bbox 327 653 365 693; x_wconf 73' lang='lat'>»3</span> <span class='ocrx_word' id='word_1_52' title='bbox 402 635 473 680; x_wconf 90' lang='lat' dir='ltr'>cui</span> <span class='ocrx_word' id='word_1_53' title='bbox 510 634 882 693; x_wconf 88' lang='lat' dir='ltr'>respondendum</span> <span class='ocrx_word' id='word_1_54' title='bbox 933 637 1239 678; x_wconf 90' lang='lat' dir='ltr'>censuerunt:</span> <span class='ocrx_word' id='word_1_55' title='bbox 1294 653 1313 673; x_wconf 80' lang='lat' dir='ltr'>a</span> <span class='ocrx_word' id='word_1_56' title='bbox 1341 633 1628 678; x_wconf 84' lang='lat' dir='ltr'>Affirmative</span> <span class='ocrx_word' id='word_1_57' title='bbox 1661 638 1707 678; x_wconf 92' lang='lat' dir='ltr'>et</span> <span class='ocrx_word' id='word_1_58' title='bbox 1739 634 1795 678; x_wconf 90' lang='lat' dir='ltr'>ad</span> <span class='ocrx_word' id='word_1_59' title='bbox 1829 649 1955 679; x_wconf 91' lang='lat' dir='ltr'>men-</span> 
     </span>
     <span class='ocr_line' id='line_1_9' title="bbox 171 716 1953 775; baseline 0 -14"><span class='ocrx_word' id='word_1_60' title='bbox 171 721 289 775; x_wconf 90' lang='lat' dir='ltr'>tem;</span> <span class='ocrx_word' id='word_1_61' title='bbox 340 731 471 762; x_wconf 91' lang='lat' dir='ltr'>mens</span> <span class='ocrx_word' id='word_1_62' title='bbox 502 722 572 762; x_wconf 89' lang='lat' dir='ltr'>est</span> <span class='ocrx_word' id='word_1_63' title='bbox 605 722 655 762; x_wconf 91' lang='lat' dir='ltr'>ut</span> <span class='ocrx_word' id='word_1_64' title='bbox 692 730 785 762; x_wconf 92' lang='lat' dir='ltr'>non</span> <span class='ocrx_word' id='word_1_65' title='bbox 834 716 966 762; x_wconf 92' lang='lat' dir='ltr'>modo</span> <span class='ocrx_word' id='word_1_66' title='bbox 1013 716 1115 761; x_wconf 84' lang='lat' dir='ltr'>fidei</span> <span class='ocrx_word' id='word_1_67' title='bbox 1154 716 1431 761; x_wconf 77' lang='lat' dir='ltr'>christianae</span> <span class='ocrx_word' id='word_1_68' title='bbox 1479 716 1755 771; x_wconf 83' lang='lat' dir='ltr'>tradendae,</span> <span class='ocrx_word' id='word_1_69' title='bbox 1796 731 1953 761; x_wconf 85' lang='lat' dir='ltr'>verum</span> 
     </span>
     <span class='ocr_line' id='line_1_10' title="bbox 170 800 1954 861; baseline -0.001 -15"><span class='ocrx_word' id='word_1_70' title='bbox 170 802 309 846; x_wconf 90' lang='lat' dir='ltr'>etiam</span> <span class='ocrx_word' id='word_1_71' title='bbox 343 801 535 847; x_wconf 89' lang='lat' dir='ltr'>aliarum</span> <span class='ocrx_word' id='word_1_72' title='bbox 569 801 915 860; x_wconf 90' lang='lat' dir='ltr'>disciplinarum</span> <span class='ocrx_word' id='word_1_73' title='bbox 965 800 1131 847; x_wconf 89' lang='lat' dir='ltr'>scholis</span> <span class='ocrx_word' id='word_1_74' title='bbox 1177 804 1403 861; x_wconf 85' lang='lat' dir='ltr'>quotquot</span> <span class='ocrx_word' id='word_1_75' title='bbox 1443 800 1541 844; x_wconf 80' lang='lat' dir='ltr'>lieri</span> <span class='ocrx_word' id='word_1_76' title='bbox 1574 804 1724 858; x_wconf 82' lang='lat' dir='ltr'>potest</span> <span class='ocrx_word' id='word_1_77' title='bbox 1773 800 1954 858; x_wconf 85' lang='lat' dir='ltr'>praefici</span> 
     </span>
     <span class='ocr_line' id='line_1_11' title="bbox 169 883 1954 944; baseline -0.002 -14"><span class='ocrx_word' id='word_1_78' title='bbox 169 886 444 940; x_wconf 89' lang='lat' dir='ltr'>sacerdotes,</span> <span class='ocrx_word' id='word_1_79' title='bbox 479 888 559 930; x_wconf 90' lang='lat' dir='ltr'>aut</span> <span class='ocrx_word' id='word_1_80' title='bbox 593 885 812 930; x_wconf 92' lang='lat' dir='ltr'>honestos</span> <span class='ocrx_word' id='word_1_81' title='bbox 846 890 1199 944; x_wconf 89' lang='lat' dir='ltr'>perspectaeque</span> <span class='ocrx_word' id='word_1_82' title='bbox 1247 883 1479 941; x_wconf 83' lang='lat' dir='ltr'>religionis</span> <span class='ocrx_word' id='word_1_83' title='bbox 1512 883 1650 928; x_wconf 90' lang='lat' dir='ltr'>laicos</span> <span class='ocrx_word' id='word_1_84' title='bbox 1699 883 1954 928; x_wconf 92' lang='lat' dir='ltr'>curandum</span> 
     </span>
     <span class='ocr_line' id='line_1_12' title="bbox 169 968 1952 1029; baseline -0.001 -16"><span class='ocrx_word' id='word_1_85' title='bbox 169 968 253 1026; x_wconf 87' lang='lat' dir='ltr'>sit;</span> <span class='ocrx_word' id='word_1_86' title='bbox 289 983 378 1029; x_wconf 89' lang='lat' dir='ltr'>quo</span> <span class='ocrx_word' id='word_1_87' title='bbox 403 983 513 1014; x_wconf 87' lang='lat' dir='ltr'>vero</span> <span class='ocrx_word' id='word_1_88' title='bbox 545 969 697 1014; x_wconf 90' lang='lat' dir='ltr'>omnis</span> <span class='ocrx_word' id='word_1_89' title='bbox 747 974 895 1014; x_wconf 88' lang='lat' dir='ltr'>cesset</span> <span class='ocrx_word' id='word_1_90' title='bbox 927 969 1128 1014; x_wconf 84' lang='lat' dir='ltr'>scandali</span> <span class='ocrx_word' id='word_1_91' title='bbox 1164 969 1390 1025; x_wconf 87' lang='lat' dir='ltr'>formido,</span> <span class='ocrx_word' id='word_1_92' title='bbox 1428 968 1710 1014; x_wconf 91' lang='lat' dir='ltr'>monendum</span> <span class='ocrx_word' id='word_1_93' title='bbox 1751 982 1848 1013; x_wconf 85' lang='lat' dir='ltr'>esse</span> <span class='ocrx_word' id='word_1_94' title='bbox 1882 983 1952 1024; x_wconf 84' lang='lat' dir='ltr'>po-</span> 
     </span>
     <span class='ocr_line' id='line_1_13' title="bbox 168 1052 1953 1112; baseline -0.001 -15"><span class='ocrx_word' id='word_1_95' title='bbox 168 1053 326 1111; x_wconf 89' lang='lat' dir='ltr'>pulum</span> <span class='ocrx_word' id='word_1_96' title='bbox 350 1052 393 1097; x_wconf 90' lang='lat' dir='ltr'>id</span> <span class='ocrx_word' id='word_1_97' title='bbox 428 1053 540 1108; x_wconf 80' lang='lat' dir='ltr'>fieri,</span> <span class='ocrx_word' id='word_1_98' title='bbox 578 1057 628 1097; x_wconf 87' lang='lat' dir='ltr'>ut</span> <span class='ocrx_word' id='word_1_99' title='bbox 665 1053 783 1097; x_wconf 90' lang='lat' dir='ltr'>mala</span> <span class='ocrx_word' id='word_1_100' title='bbox 809 1067 926 1112; x_wconf 90' lang='lat' dir='ltr'>quae</span> <span class='ocrx_word' id='word_1_101' title='bbox 959 1068 1016 1098; x_wconf 88' lang='lat' dir='ltr'>ex</span> <span class='ocrx_word' id='word_1_102' title='bbox 1050 1053 1309 1098; x_wconf 89' lang='lat' dir='ltr'>huiusmodi</span> <span class='ocrx_word' id='word_1_103' title='bbox 1333 1053 1499 1098; x_wconf 88' lang='lat' dir='ltr'>scholis</span> <span class='ocrx_word' id='word_1_104' title='bbox 1529 1052 1787 1108; x_wconf 87' lang='lat' dir='ltr'>dimanant,</span> <span class='ocrx_word' id='word_1_105' title='bbox 1812 1067 1953 1111; x_wconf 91' lang='lat' dir='ltr'>quan-</span> 
     </span>
     <span class='ocr_line' id='line_1_14' title="bbox 167 1136 1954 1196; baseline 0.002 -17"><span class='ocrx_word' id='word_1_106' title='bbox 167 1139 265 1180; x_wconf 92' lang='lat' dir='ltr'>tum</span> <span class='ocrx_word' id='word_1_107' title='bbox 302 1136 396 1180; x_wconf 87' lang='lat' dir='ltr'>lieri</span> <span class='ocrx_word' id='word_1_108' title='bbox 431 1139 580 1194; x_wconf 88' lang='lat' dir='ltr'>potest</span> <span class='ocrx_word' id='word_1_109' title='bbox 614 1141 917 1194; x_wconf 79' lang='lat' dir='ltr'>avertantur3</span> <span class='ocrx_word' id='word_1_110' title='bbox 955 1137 1088 1196; x_wconf 90' lang='lat' dir='ltr'>idque</span> <span class='ocrx_word' id='word_1_111' title='bbox 1114 1137 1301 1195; x_wconf 85' lang='lat' dir='ltr'>proinde</span> <span class='ocrx_word' id='word_1_112' title='bbox 1326 1136 1501 1181; x_wconf 89' lang='lat' dir='ltr'>nemini</span> <span class='ocrx_word' id='word_1_113' title='bbox 1535 1136 1822 1180; x_wconf 84' lang='lat' dir='ltr'>excusationi</span> <span class='ocrx_word' id='word_1_114' title='bbox 1856 1150 1954 1182; x_wconf 88' lang='lat' dir='ltr'>esse</span> 
     </span>
     <span class='ocr_line' id='line_1_15' title="bbox 167 1219 1951 1278; baseline 0.001 -15"><span class='ocrx_word' id='word_1_115' title='bbox 167 1219 347 1274; x_wconf 90' lang='lat' dir='ltr'>debere,</span> <span class='ocrx_word' id='word_1_116' title='bbox 384 1219 631 1278; x_wconf 86' lang='lat' dir='ltr'>quominus</span> <span class='ocrx_word' id='word_1_117' title='bbox 665 1219 832 1265; x_wconf 89' lang='lat' dir='ltr'>liberos</span> <span class='ocrx_word' id='word_1_118' title='bbox 865 1233 970 1265; x_wconf 89' lang='lat' dir='ltr'>suos</span> <span class='ocrx_word' id='word_1_119' title='bbox 1005 1220 1194 1265; x_wconf 85' lang='lat' dir='ltr'>mittant</span> <span class='ocrx_word' id='word_1_120' title='bbox 1225 1221 1279 1264; x_wconf 91' lang='lat' dir='ltr'>ad</span> <span class='ocrx_word' id='word_1_121' title='bbox 1314 1221 1491 1265; x_wconf 89' lang='lat' dir='ltr'>scholas</span> <span class='ocrx_word' id='word_1_122' title='bbox 1524 1234 1648 1264; x_wconf 90' lang='lat' dir='ltr'>mere</span> <span class='ocrx_word' id='word_1_123' title='bbox 1686 1221 1951 1277; x_wconf 89' lang='lat' dir='ltr'>catholicas,</span> 
     </span>
     <span class='ocr_line' id='line_1_16' title="bbox 168 1302 1762 1362; baseline 0.004 -17"><span class='ocrx_word' id='word_1_124' title='bbox 168 1302 213 1345; x_wconf 89' lang='lat' dir='ltr'>in</span> <span class='ocrx_word' id='word_1_125' title='bbox 247 1302 411 1361; x_wconf 87' lang='lat' dir='ltr'>quibus</span> <span class='ocrx_word' id='word_1_126' title='bbox 443 1316 601 1347; x_wconf 88' lang='lat' dir='ltr'>eorum</span> <span class='ocrx_word' id='word_1_127' title='bbox 641 1302 751 1347; x_wconf 84' lang='lat' dir='ltr'>fides</span> <span class='ocrx_word' id='word_1_128' title='bbox 783 1317 836 1347; x_wconf 91' lang='lat' dir='ltr'>ac</span> <span class='ocrx_word' id='word_1_129' title='bbox 873 1317 1022 1348; x_wconf 92' lang='lat' dir='ltr'>mores</span> <span class='ocrx_word' id='word_1_130' title='bbox 1056 1304 1179 1347; x_wconf 92' lang='lat' dir='ltr'>nullo</span> <span class='ocrx_word' id='word_1_131' title='bbox 1214 1304 1348 1349; x_wconf 91' lang='lat' dir='ltr'>modo</span> <span class='ocrx_word' id='word_1_132' title='bbox 1382 1305 1699 1362; x_wconf 84' lang='lat' dir='ltr'>periclitentur</span> <span class='ocrx_word' id='word_1_133' title='bbox 1725 1326 1762 1351; x_wconf 76' lang='lat' dir='ltr'>n.</span> 
     </span>
    </p>

    <p class='ocr_par' dir='ltr' id='par_1_6' title="bbox 159 1386 1953 2599">
     <span class='ocr_line' id='line_1_17' title="bbox 290 1386 1951 1446; baseline 0.005 -16"><span class='ocrx_word' id='word_1_134' title='bbox 290 1387 490 1445; x_wconf 86' lang='lat' dir='ltr'>Denique</span> <span class='ocrx_word' id='word_1_135' title='bbox 524 1386 715 1431; x_wconf 91' lang='lat' dir='ltr'>dubium</span> <span class='ocrx_word' id='word_1_136' title='bbox 753 1387 796 1441; x_wconf 81' lang='lat'>5,</span> <span class='ocrx_word' id='word_1_137' title='bbox 832 1387 949 1446; x_wconf 88' lang='lat' dir='ltr'>quod</span> <span class='ocrx_word' id='word_1_138' title='bbox 987 1387 1187 1446; x_wconf 89' lang='lat' dir='ltr'>pertinet</span> <span class='ocrx_word' id='word_1_139' title='bbox 1210 1389 1263 1432; x_wconf 91' lang='lat' dir='ltr'>ad</span> <span class='ocrx_word' id='word_1_140' title='bbox 1289 1388 1461 1434; x_wconf 90' lang='lat' dir='ltr'>incolas</span> <span class='ocrx_word' id='word_1_141' title='bbox 1486 1391 1655 1436; x_wconf 88' lang='lat' dir='ltr'>montis</span> <span class='ocrx_word' id='word_1_142' title='bbox 1691 1396 1817 1438; x_wconf 90' lang='lat' dir='ltr'>lurae</span> <span class='ocrx_word' id='word_1_143' title='bbox 1854 1397 1951 1439; x_wconf 86' lang='lat' dir='ltr'>Ber-</span> 
     </span>
     <span class='ocr_line' id='line_1_18' title="bbox 166 1469 1951 1534; baseline 0.004 -21"><span class='ocrx_word' id='word_1_144' title='bbox 166 1469 297 1514; x_wconf 91' lang='lat' dir='ltr'>nensi</span> <span class='ocrx_word' id='word_1_145' title='bbox 323 1469 595 1528; x_wconf 89' lang='lat' dir='ltr'>reipublicae</span> <span class='ocrx_word' id='word_1_146' title='bbox 634 1471 855 1526; x_wconf 88' lang='lat' dir='ltr'>addictos,</span> <span class='ocrx_word' id='word_1_147' title='bbox 883 1470 944 1515; x_wconf 90' lang='lat' dir='ltr'>ita</span> <span class='ocrx_word' id='word_1_148' title='bbox 971 1471 1252 1529; x_wconf 84' lang='lat' dir='ltr'>propositum</span> <span class='ocrx_word' id='word_1_149' title='bbox 1278 1472 1379 1516; x_wconf 86' lang='lat' dir='ltr'>fuit:</span> <span class='ocrx_word' id='word_1_150' title='bbox 1419 1493 1437 1512; x_wconf 67' lang='lat' dir='ltr'>a</span> <span class='ocrx_word' id='word_1_151' title='bbox 1467 1474 1655 1518; x_wconf 87' lang='lat' dir='ltr'>Etiamsi</span> <span class='ocrx_word' id='word_1_152' title='bbox 1679 1475 1781 1519; x_wconf 86' lang='lat' dir='ltr'>illae</span> <span class='ocrx_word' id='word_1_153' title='bbox 1808 1477 1951 1534; x_wconf 90' lang='lat' dir='ltr'>(scho-</span> 
     </span>
     <span class='ocr_line' id='line_1_19' title="bbox 165 1553 1953 1613; baseline 0.004 -17"><span class='ocrx_word' id='word_1_154' title='bbox 165 1553 233 1597; x_wconf 89' lang='lat' dir='ltr'>lae</span> <span class='ocrx_word' id='word_1_155' title='bbox 268 1554 457 1609; x_wconf 84' lang='lat' dir='ltr'>mixtae)</span> <span class='ocrx_word' id='word_1_156' title='bbox 496 1557 749 1613; x_wconf 92' lang='lat' dir='ltr'>utcumque</span> <span class='ocrx_word' id='word_1_157' title='bbox 786 1553 960 1610; x_wconf 89' lang='lat' dir='ltr'>possint</span> <span class='ocrx_word' id='word_1_158' title='bbox 991 1554 1202 1610; x_wconf 83' lang='lat' dir='ltr'>tolerari,</span> <span class='ocrx_word' id='word_1_159' title='bbox 1239 1569 1296 1599; x_wconf 91' lang='lat' dir='ltr'>an</span> <span class='ocrx_word' id='word_1_160' title='bbox 1331 1557 1575 1601; x_wconf 86' lang='lat' dir='ltr'>Catholicis</span> <span class='ocrx_word' id='word_1_161' title='bbox 1617 1559 1953 1605; x_wconf 85' lang='lat' dir='ltr'>Iurassensibus</span> 
     </span>
     <span class='ocr_line' id='line_1_20' title="bbox 166 1635 1951 1699; baseline 0.004 -20"><span class='ocrx_word' id='word_1_162' title='bbox 166 1635 316 1690; x_wconf 88' lang='lat' dir='ltr'>liceat,</span> <span class='ocrx_word' id='word_1_163' title='bbox 354 1637 569 1680; x_wconf 91' lang='lat' dir='ltr'>nuntium</span> <span class='ocrx_word' id='word_1_164' title='bbox 606 1637 841 1682; x_wconf 86' lang='lat' dir='ltr'>remittere</span> <span class='ocrx_word' id='word_1_165' title='bbox 875 1638 961 1682; x_wconf 92' lang='lat' dir='ltr'>iuri</span> <span class='ocrx_word' id='word_1_166' title='bbox 995 1652 1075 1683; x_wconf 93' lang='lat' dir='ltr'>suo</span> <span class='ocrx_word' id='word_1_167' title='bbox 1111 1638 1253 1696; x_wconf 87' lang='lat' dir='ltr'>pactis</span> <span class='ocrx_word' id='word_1_168' title='bbox 1287 1639 1477 1699; x_wconf 85' lang='lat' dir='ltr'>publicis</span> <span class='ocrx_word' id='word_1_169' title='bbox 1512 1641 1706 1697; x_wconf 80' lang='lat' dir='ltr'>innixo,</span> <span class='ocrx_word' id='word_1_170' title='bbox 1743 1643 1788 1687; x_wconf 65' lang='lat' dir='ltr'>vi</span> <span class='ocrx_word' id='word_1_171' title='bbox 1822 1643 1951 1688; x_wconf 88' lang='lat' dir='ltr'>cuius</span> 
     </span>
     <span class='ocr_line' id='line_1_21' title="bbox 165 1719 1947 1783; baseline 0.004 -21"><span class='ocrx_word' id='word_1_172' title='bbox 165 1719 295 1763; x_wconf 85' lang='lat' dir='ltr'>nefas</span> <span class='ocrx_word' id='word_1_173' title='bbox 317 1724 400 1774; x_wconf 88' lang='lat' dir='ltr'>est,</span> <span class='ocrx_word' id='word_1_174' title='bbox 426 1734 708 1779; x_wconf 86' lang='lat' dir='ltr'>quemquam</span> <span class='ocrx_word' id='word_1_175' title='bbox 737 1720 780 1764; x_wconf 93' lang='lat' dir='ltr'>in</span> <span class='ocrx_word' id='word_1_176' title='bbox 808 1720 997 1779; x_wconf 89' lang='lat' dir='ltr'>publicis</span> <span class='ocrx_word' id='word_1_177' title='bbox 1019 1736 1176 1766; x_wconf 88' lang='lat' dir='ltr'>eorum</span> <span class='ocrx_word' id='word_1_178' title='bbox 1211 1723 1377 1768; x_wconf 89' lang='lat' dir='ltr'>scholis</span> <span class='ocrx_word' id='word_1_179' title='bbox 1399 1724 1590 1768; x_wconf 83' lang='lat' dir='ltr'>docendi</span> <span class='ocrx_word' id='word_1_180' title='bbox 1616 1740 1784 1770; x_wconf 90' lang='lat' dir='ltr'>munus</span> <span class='ocrx_word' id='word_1_181' title='bbox 1806 1726 1947 1783; x_wconf 90' lang='lat' dir='ltr'>obire,</span> 
     </span>
     <span class='ocr_line' id='line_1_22' title="bbox 162 1802 1949 1869; baseline 0.005 -23"><span class='ocrx_word' id='word_1_182' title='bbox 162 1802 238 1861; x_wconf 89' lang='lat' dir='ltr'>qui</span> <span class='ocrx_word' id='word_1_183' title='bbox 272 1802 539 1860; x_wconf 78' lang='lat' dir='ltr'>religionem</span> <span class='ocrx_word' id='word_1_184' title='bbox 576 1804 852 1849; x_wconf 86' lang='lat' dir='ltr'>catholicam</span> <span class='ocrx_word' id='word_1_185' title='bbox 888 1819 979 1850; x_wconf 90' lang='lat' dir='ltr'>non</span> <span class='ocrx_word' id='word_1_186' title='bbox 1017 1806 1284 1864; x_wconf 84' lang='lat' dir='ltr'>profiteatur</span> <span class='ocrx_word' id='word_1_187' title='bbox 1310 1826 1347 1851; x_wconf 70' lang='grc' dir='ltr'>υ.</span> <span class='ocrx_word' id='word_1_188' title='bbox 1385 1808 1463 1853; x_wconf 90' lang='lat' dir='ltr'>Cui</span> <span class='ocrx_word' id='word_1_189' title='bbox 1498 1809 1634 1853; x_wconf 90' lang='lat' dir='ltr'>dubio</span> <span class='ocrx_word' id='word_1_190' title='bbox 1657 1810 1826 1869; x_wconf 82' lang='lat' dir='ltr'>absque</span> <span class='ocrx_word' id='word_1_191' title='bbox 1861 1811 1949 1856; x_wconf 91' lang='lat' dir='ltr'>ulla</span> 
     </span>
     <span class='ocr_line' id='line_1_23' title="bbox 164 1887 1945 1949; baseline 0.005 -19"><span class='ocrx_word' id='word_1_192' title='bbox 164 1887 466 1932; x_wconf 86' lang='lat' dir='ltr'>haesitatione</span> <span class='ocrx_word' id='word_1_193' title='bbox 504 1888 871 1933; x_wconf 88' lang='lat' dir='ltr'>Eminentissimi</span> <span class='ocrx_word' id='word_1_194' title='bbox 908 1893 1063 1935; x_wconf 88' lang='lat' dir='ltr'>Patres</span> <span class='ocrx_word' id='word_1_195' title='bbox 1096 1891 1465 1949; x_wconf 89' lang='lat' dir='ltr'>respondendum</span> <span class='ocrx_word' id='word_1_196' title='bbox 1500 1906 1596 1937; x_wconf 89' lang='lat' dir='ltr'>esse</span> <span class='ocrx_word' id='word_1_197' title='bbox 1642 1900 1945 1939; x_wconf 85' lang='lat' dir='ltr'>censuerunt:</span> 
     </span>
     <span class='ocr_line' id='line_1_24' title="bbox 167 1971 1948 2032; baseline 0.007 -22"><span class='ocrx_word' id='word_1_198' title='bbox 167 1989 185 2010; x_wconf 69' lang='lat' dir='ltr'>a</span> <span class='ocrx_word' id='word_1_199' title='bbox 214 1971 451 2028; x_wconf 82' lang='lat' dir='ltr'>Negative‚</span> <span class='ocrx_word' id='word_1_200' title='bbox 487 1971 585 2016; x_wconf 84' lang='lat' dir='ltr'>sive</span> <span class='ocrx_word' id='word_1_201' title='bbox 619 1975 784 2029; x_wconf 81' lang='lat' dir='ltr'>agatur</span> <span class='ocrx_word' id='word_1_202' title='bbox 818 1973 871 2017; x_wconf 92' lang='lat' dir='ltr'>de</span> <span class='ocrx_word' id='word_1_203' title='bbox 906 1987 1136 2032; x_wconf 83' lang='lat' dir='ltr'>expressa,</span> <span class='ocrx_word' id='word_1_204' title='bbox 1173 1974 1270 2019; x_wconf 89' lang='lat' dir='ltr'>sive</span> <span class='ocrx_word' id='word_1_205' title='bbox 1303 1976 1442 2020; x_wconf 88' lang='lat' dir='ltr'>etiam</span> <span class='ocrx_word' id='word_1_206' title='bbox 1477 1977 1531 2021; x_wconf 90' lang='lat' dir='ltr'>de</span> <span class='ocrx_word' id='word_1_207' title='bbox 1565 1976 1702 2022; x_wconf 90' lang='lat' dir='ltr'>tacita</span> <span class='ocrx_word' id='word_1_208' title='bbox 1745 1979 1948 2023; x_wconf 83' lang='lat' dir='ltr'>cessione</span> 
     </span>
     <span class='ocr_line' id='line_1_25' title="bbox 162 2054 1947 2119; baseline 0.004 -20"><span class='ocrx_word' id='word_1_209' title='bbox 162 2068 220 2099; x_wconf 88' lang='lat' dir='ltr'>ex</span> <span class='ocrx_word' id='word_1_210' title='bbox 254 2054 434 2099; x_wconf 90' lang='lat' dir='ltr'>silentio</span> <span class='ocrx_word' id='word_1_211' title='bbox 468 2069 520 2099; x_wconf 89' lang='lat' dir='ltr'>ac</span> <span class='ocrx_word' id='word_1_212' title='bbox 553 2056 799 2102; x_wconf 84' lang='lat' dir='ltr'>tolerantia</span> <span class='ocrx_word' id='word_1_213' title='bbox 835 2057 1062 2116; x_wconf 89' lang='lat' dir='ltr'>culpabili.</span> <span class='ocrx_word' id='word_1_214' title='bbox 1112 2064 1296 2119; x_wconf 88' lang='lat' dir='ltr'>Itaque,</span> <span class='ocrx_word' id='word_1_215' title='bbox 1333 2059 1438 2105; x_wconf 86' lang='lat' dir='ltr'>licet</span> <span class='ocrx_word' id='word_1_216' title='bbox 1471 2062 1730 2106; x_wconf 73' lang='lat' dir='ltr'>cavendum</span> <span class='ocrx_word' id='word_1_217' title='bbox 1765 2063 1854 2118; x_wconf 88' lang='lat' dir='ltr'>sit,</span> <span class='ocrx_word' id='word_1_218' title='bbox 1892 2078 1947 2108; x_wconf 92' lang='lat' dir='ltr'>ne</span> 
     </span>
     <span class='ocr_line' id='line_1_26' title="bbox 161 2137 1947 2200; baseline 0.004 -19"><span class='ocrx_word' id='word_1_219' title='bbox 161 2137 269 2196; x_wconf 86' lang='lat' dir='ltr'>quid</span> <span class='ocrx_word' id='word_1_220' title='bbox 302 2137 618 2196; x_wconf 85' lang='lat' dir='ltr'>imprudenter</span> <span class='ocrx_word' id='word_1_221' title='bbox 653 2145 815 2197; x_wconf 89' lang='lat' dir='ltr'>agatur</span> <span class='ocrx_word' id='word_1_222' title='bbox 850 2155 939 2200; x_wconf 88' lang='lat' dir='ltr'>quo</span> <span class='ocrx_word' id='word_1_223' title='bbox 972 2142 1028 2186; x_wconf 92' lang='lat' dir='ltr'>ad</span> <span class='ocrx_word' id='word_1_224' title='bbox 1061 2141 1271 2199; x_wconf 87' lang='lat' dir='ltr'>graviora</span> <span class='ocrx_word' id='word_1_225' title='bbox 1306 2145 1424 2188; x_wconf 90' lang='lat' dir='ltr'>mala</span> <span class='ocrx_word' id='word_1_226' title='bbox 1460 2144 1697 2189; x_wconf 82' lang='lat' dir='ltr'>inferenda</span> <span class='ocrx_word' id='word_1_227' title='bbox 1736 2145 1947 2190; x_wconf 84' lang='lat' dir='ltr'>adversa·</span> 
     </span>
     <span class='ocr_line' id='line_1_27' title="bbox 160 2221 1946 2286; baseline 0.005 -21"><span class='ocrx_word' id='word_1_228' title='bbox 160 2221 333 2266; x_wconf 89' lang='lat' dir='ltr'>riorum</span> <span class='ocrx_word' id='word_1_229' title='bbox 358 2221 588 2267; x_wconf 85' lang='lat' dir='ltr'>excitetur</span> <span class='ocrx_word' id='word_1_230' title='bbox 616 2223 850 2278; x_wconf 83' lang='lat' dir='ltr'>ferocitas,</span> <span class='ocrx_word' id='word_1_231' title='bbox 877 2224 987 2268; x_wconf 93' lang='lat' dir='ltr'>nihil</span> <span class='ocrx_word' id='word_1_232' title='bbox 1011 2228 1167 2270; x_wconf 83' lang='lat' dir='ltr'>lamen</span> <span class='ocrx_word' id='word_1_233' title='bbox 1192 2226 1246 2271; x_wconf 92' lang='lat' dir='ltr'>de</span> <span class='ocrx_word' id='word_1_234' title='bbox 1270 2225 1492 2271; x_wconf 85' lang='lat' dir='ltr'>industria</span> <span class='ocrx_word' id='word_1_235' title='bbox 1518 2228 1662 2286; x_wconf 83' lang='lat' dir='ltr'>deque</span> <span class='ocrx_word' id='word_1_236' title='bbox 1686 2229 1946 2274; x_wconf 79' lang='lat' dir='ltr'>constantia</span> 
     </span>
     <span class='ocr_line' id='line_1_28' title="bbox 163 2305 1946 2370; baseline 0.005 -21"><span class='ocrx_word' id='word_1_237' title='bbox 163 2305 492 2350; x_wconf 88' lang='lat' dir='ltr'>remittendum</span> <span class='ocrx_word' id='word_1_238' title='bbox 526 2311 611 2361; x_wconf 83' lang='lat' dir='ltr'>est,</span> <span class='ocrx_word' id='word_1_239' title='bbox 647 2320 735 2366; x_wconf 88' lang='lat' dir='ltr'>quo</span> <span class='ocrx_word' id='word_1_240' title='bbox 774 2307 926 2352; x_wconf 91' lang='lat' dir='ltr'>minus</span> <span class='ocrx_word' id='word_1_241' title='bbox 961 2308 1109 2353; x_wconf 90' lang='lat' dir='ltr'>media</span> <span class='ocrx_word' id='word_1_242' title='bbox 1144 2309 1299 2354; x_wconf 91' lang='lat' dir='ltr'>omnia</span> <span class='ocrx_word' id='word_1_243' title='bbox 1334 2310 1534 2367; x_wconf 88' lang='lat' dir='ltr'>legitima</span> <span class='ocrx_word' id='word_1_244' title='bbox 1567 2325 1683 2370; x_wconf 87' lang='lat' dir='ltr'>quae</span> <span class='ocrx_word' id='word_1_245' title='bbox 1717 2312 1760 2356; x_wconf 93' lang='lat' dir='ltr'>in</span> <span class='ocrx_word' id='word_1_246' title='bbox 1786 2313 1946 2358; x_wconf 88' lang='lat' dir='ltr'>Catho-</span> 
     </span>
     <span class='ocr_line' id='line_1_29' title="bbox 160 2386 1945 2451; baseline 0.006 -20"><span class='ocrx_word' id='word_1_247' title='bbox 160 2386 353 2432; x_wconf 88' lang='lat' dir='ltr'>licorum</span> <span class='ocrx_word' id='word_1_248' title='bbox 402 2392 626 2446; x_wconf 87' lang='lat' dir='ltr'>potestate</span> <span class='ocrx_word' id='word_1_249' title='bbox 670 2388 762 2434; x_wconf 90' lang='lat' dir='ltr'>sint</span> <span class='ocrx_word' id='word_1_250' title='bbox 812 2390 1150 2446; x_wconf 87' lang='lat' dir='ltr'>adhibeantur,</span> <span class='ocrx_word' id='word_1_251' title='bbox 1187 2392 1242 2436; x_wconf 91' lang='lat' dir='ltr'>ad</span> <span class='ocrx_word' id='word_1_252' title='bbox 1275 2394 1558 2451; x_wconf 82' lang='lat' dir='ltr'>praedictum</span> <span class='ocrx_word' id='word_1_253' title='bbox 1606 2394 1674 2438; x_wconf 89' lang='lat' dir='ltr'>ius</span> <span class='ocrx_word' id='word_1_254' title='bbox 1715 2409 1804 2440; x_wconf 92' lang='lat' dir='ltr'>una</span> <span class='ocrx_word' id='word_1_255' title='bbox 1840 2410 1945 2441; x_wconf 85' lang='lat' dir='ltr'>eum</span> 
     </span>
     <span class='ocr_line' id='line_1_30' title="bbox 160 2471 1945 2537; baseline 0.006 -23"><span class='ocrx_word' id='word_1_256' title='bbox 160 2471 355 2516; x_wconf 89' lang='lat' dir='ltr'>foederis</span> <span class='ocrx_word' id='word_1_257' title='bbox 402 2473 648 2518; x_wconf 88' lang='lat' dir='ltr'>sanctitate</span> <span class='ocrx_word' id='word_1_258' title='bbox 699 2477 745 2518; x_wconf 90' lang='lat' dir='ltr'>et</span> <span class='ocrx_word' id='word_1_259' title='bbox 795 2474 1052 2520; x_wconf 88' lang='lat' dir='ltr'>Catholicae</span> <span class='ocrx_word' id='word_1_260' title='bbox 1112 2475 1355 2534; x_wconf 85' lang='lat' dir='ltr'>Religionis</span> <span class='ocrx_word' id='word_1_261' title='bbox 1403 2477 1706 2522; x_wconf 90' lang='lat' dir='ltr'>indemnitate</span> <span class='ocrx_word' id='word_1_262' title='bbox 1761 2493 1945 2537; x_wconf 86' lang='lat' dir='ltr'>recupe—</span> 
     </span>
     <span class='ocr_line' id='line_1_31' title="bbox 159 2554 420 2599; baseline 0 -1"><span class='ocrx_word' id='word_1_263' title='bbox 159 2554 355 2599; x_wconf 89' lang='lat' dir='ltr'>randum</span> <span class='ocrx_word' id='word_1_264' title='bbox 382 2574 420 2598; x_wconf 77' lang='lat' dir='ltr'>n.</span> 
     </span>
    </p>

    <p class='ocr_par' dir='ltr' id='par_1_7' title="bbox 157 2638 1945 3119">
     <span class='ocr_line' id='line_1_32' title="bbox 283 2638 1944 2702; baseline 0.005 -21"><span class='ocrx_word' id='word_1_265' title='bbox 283 2638 407 2682; x_wconf 85' lang='lat'><strong>1119.</strong></span> <span class='ocrx_word' id='word_1_266' title='bbox 459 2639 585 2685; x_wconf 88' lang='lat' dir='ltr'>Circa</span> <span class='ocrx_word' id='word_1_267' title='bbox 636 2641 700 2685; x_wconf 75' lang='lat'>2111</span> <span class='ocrx_word' id='word_1_268' title='bbox 749 2646 916 2700; x_wconf 87' lang='lat' dir='ltr'>caput,</span> <span class='ocrx_word' id='word_1_269' title='bbox 961 2643 1236 2688; x_wconf 86' lang='lat' dir='ltr'>dissimulari</span> <span class='ocrx_word' id='word_1_270' title='bbox 1287 2658 1378 2688; x_wconf 92' lang='lat' dir='ltr'>non</span> <span class='ocrx_word' id='word_1_271' title='bbox 1429 2649 1577 2702; x_wconf 88' lang='lat' dir='ltr'>potest</span> <span class='ocrx_word' id='word_1_272' title='bbox 1618 2645 1664 2689; x_wconf 90' lang='lat' dir='ltr'>in</span> <span class='ocrx_word' id='word_1_273' title='bbox 1698 2646 1944 2691; x_wconf 89' lang='lat' dir='ltr'>admitten-</span> 
     </span>
     <span class='ocr_line' id='line_1_33' title="bbox 158 2720 1944 2788; baseline 0.006 -23"><span class='ocrx_word' id='word_1_274' title='bbox 158 2720 227 2766; x_wconf 91' lang='lat' dir='ltr'>dis</span> <span class='ocrx_word' id='word_1_275' title='bbox 258 2722 524 2767; x_wconf 87' lang='lat' dir='ltr'>acatholicis</span> <span class='ocrx_word' id='word_1_276' title='bbox 546 2723 602 2767; x_wconf 94' lang='lat' dir='ltr'>ad</span> <span class='ocrx_word' id='word_1_277' title='bbox 626 2724 806 2769; x_wconf 86' lang='lat' dir='ltr'>scholas</span> <span class='ocrx_word' id='word_1_278' title='bbox 839 2726 1088 2771; x_wconf 89' lang='lat' dir='ltr'>catholicas</span> <span class='ocrx_word' id='word_1_279' title='bbox 1121 2741 1213 2771; x_wconf 91' lang='lat' dir='ltr'>non</span> <span class='ocrx_word' id='word_1_280' title='bbox 1238 2741 1290 2772; x_wconf 93' lang='lat' dir='ltr'>ea</span> <span class='ocrx_word' id='word_1_281' title='bbox 1316 2728 1512 2786; x_wconf 89' lang='lat' dir='ltr'>pericula</span> <span class='ocrx_word' id='word_1_282' title='bbox 1545 2728 1803 2784; x_wconf 90' lang='lat' dir='ltr'>imminere,</span> <span class='ocrx_word' id='word_1_283' title='bbox 1829 2743 1944 2788; x_wconf 88' lang='lat' dir='ltr'>quae</span> 
     </span>
     <span class='ocr_line' id='line_1_34' title="bbox 158 2804 1945 2869; baseline 0.005 -21"><span class='ocrx_word' id='word_1_284' title='bbox 158 2804 204 2849; x_wconf 93' lang='lat' dir='ltr'>in</span> <span class='ocrx_word' id='word_1_285' title='bbox 240 2806 380 2850; x_wconf 88' lang='lat' dir='ltr'>relata</span> <span class='ocrx_word' id='word_1_286' title='bbox 415 2808 724 2852; x_wconf 77' lang='lat' dir='ltr'>instructione</span> <span class='ocrx_word' id='word_1_287' title='bbox 760 2810 984 2854; x_wconf 89' lang='lat' dir='ltr'>recensita</span> <span class='ocrx_word' id='word_1_288' title='bbox 1018 2815 1147 2867; x_wconf 79' lang='lat' dir='ltr'>sunt3</span> <span class='ocrx_word' id='word_1_289' title='bbox 1188 2810 1412 2869; x_wconf 87' lang='lat' dir='ltr'>siquidem</span> <span class='ocrx_word' id='word_1_290' title='bbox 1447 2812 1675 2856; x_wconf 89' lang='lat' dir='ltr'>institutio</span> <span class='ocrx_word' id='word_1_291' title='bbox 1709 2813 1945 2857; x_wconf 86' lang='lat' dir='ltr'>catholicis</span> 
     </span>
     <span class='ocr_line' id='line_1_35' title="bbox 158 2888 1944 2954; baseline 0.004 -21"><span class='ocrx_word' id='word_1_292' title='bbox 158 2888 385 2945; x_wconf 86' lang='lat' dir='ltr'>magistris</span> <span class='ocrx_word' id='word_1_293' title='bbox 416 2889 691 2935; x_wconf 88' lang='lat' dir='ltr'>demandata</span> <span class='ocrx_word' id='word_1_294' title='bbox 729 2895 799 2936; x_wconf 91' lang='lat' dir='ltr'>est</span> <span class='ocrx_word' id='word_1_295' title='bbox 833 2897 880 2937; x_wconf 90' lang='lat' dir='ltr'>et</span> <span class='ocrx_word' id='word_1_296' title='bbox 912 2893 969 2937; x_wconf 88' lang='lat' dir='ltr'>ab</span> <span class='ocrx_word' id='word_1_297' title='bbox 1002 2893 1070 2937; x_wconf 92' lang='lat' dir='ltr'>his</span> <span class='ocrx_word' id='word_1_298' title='bbox 1117 2894 1272 2939; x_wconf 87' lang='lat' dir='ltr'>selecti</span> <span class='ocrx_word' id='word_1_299' title='bbox 1306 2900 1414 2939; x_wconf 90' lang='lat' dir='ltr'>sunt</span> <span class='ocrx_word' id='word_1_300' title='bbox 1447 2894 1546 2939; x_wconf 90' lang='lat' dir='ltr'>libri</span> <span class='ocrx_word' id='word_1_301' title='bbox 1589 2895 1666 2954; x_wconf 90' lang='lat' dir='ltr'>qui</span> <span class='ocrx_word' id='word_1_302' title='bbox 1699 2895 1944 2941; x_wconf 84' lang='lat' dir='ltr'>iuvenibus</span> 
     </span>
     <span class='ocr_line' id='line_1_36' title="bbox 157 2974 1941 3030; baseline 0.006 -15"><span class='ocrx_word' id='word_1_303' title='bbox 157 2976 490 3030; x_wconf 86' lang='lat' dir='ltr'>proponuntur.</span> <span class='ocrx_word' id='word_1_304' title='bbox 542 2974 765 3027; x_wconf 87' lang='lat' dir='ltr'>Quocirca</span> <span class='ocrx_word' id='word_1_305' title='bbox 801 2980 847 3020; x_wconf 88' lang='lat' dir='ltr'>et</span> <span class='ocrx_word' id='word_1_306' title='bbox 882 2976 1059 3021; x_wconf 84' lang='lat' dir='ltr'>facilius</span> <span class='ocrx_word' id='word_1_307' title='bbox 1101 2977 1360 3022; x_wconf 88' lang='lat' dir='ltr'>huiusmodi</span> <span class='ocrx_word' id='word_1_308' title='bbox 1402 2978 1583 3023; x_wconf 89' lang='lat' dir='ltr'>scholae</span> <span class='ocrx_word' id='word_1_309' title='bbox 1627 2978 1799 3024; x_wconf 86' lang='lat' dir='ltr'>mixtae</span> <span class='ocrx_word' id='word_1_310' title='bbox 1833 2980 1941 3025; x_wconf 89' lang='lat' dir='ltr'>tole-</span> 
     </span>
     <span class='ocr_line' id='line_1_37' title="bbox 157 3056 1944 3119; baseline 0.006 -22"><span class='ocrx_word' id='word_1_311' title='bbox 157 3060 320 3099; x_wconf 87' lang='lat' dir='ltr'>rantur</span> <span class='ocrx_word' id='word_1_312' title='bbox 367 3060 414 3100; x_wconf 90' lang='lat' dir='ltr'>et</span> <span class='ocrx_word' id='word_1_313' title='bbox 459 3056 746 3116; x_wconf 82' lang='lat' dir='ltr'>frequentius</span> <span class='ocrx_word' id='word_1_314' title='bbox 795 3061 836 3103; x_wconf 92' lang='lat' dir='ltr'>S.</span> <span class='ocrx_word' id='word_1_315' title='bbox 876 3063 1038 3118; x_wconf 87' lang='lat' dir='ltr'>Congr.</span> <span class='ocrx_word' id='word_1_316' title='bbox 1076 3060 1171 3105; x_wconf 89' lang='lat' dir='ltr'>Fid.</span> <span class='ocrx_word' id='word_1_317' title='bbox 1209 3064 1337 3118; x_wconf 78' lang='lat' dir='ltr'>Prop,</span> <span class='ocrx_word' id='word_1_318' title='bbox 1393 3061 1615 3119; x_wconf 90' lang='lat' dir='ltr'>permittit</span> <span class='ocrx_word' id='word_1_319' title='bbox 1663 3067 1714 3106; x_wconf 84' lang='lat' dir='ltr'>ut</span> <span class='ocrx_word' id='word_1_320' title='bbox 1749 3062 1795 3106; x_wconf 93' lang='lat' dir='ltr'>in</span> <span class='ocrx_word' id='word_1_321' title='bbox 1835 3063 1944 3108; x_wconf 89' lang='lat' dir='ltr'>locis</span> 
     </span>
    </p>
   </div>
  </div>
 </body>
</html>
