2176 3386
194 213 256 253 32
881 222 991 251 PARS
1020 223 1060 250 11.
1097 222 1152 250 nr:
1183 221 1320 250 niseus

323 330 424 376 675.
462 329 540 374 His
574 328 810 388 principiis
832 328 1121 387 generalibus
1145 327 1210 372 uti
1238 327 1402 386 poterit
1426 327 1625 384 prudens
1656 326 1986 382 confessarius,

196 413 280 460 cui
315 415 374 458 ab
406 412 574 458 auditis
606 411 972 457 confessionibus
1004 410 1288 468 singulorum
1313 410 1459 455 animi
1492 414 1600 454 sunt
1631 409 1871 468 explorati.
1906 409 1991 454 Ad-

202 497 482 542 vertendum
516 501 674 541 tamen
697 501 784 551 est,
824 494 1072 540 Ecclesiam
1111 494 1254 551 magis
1289 493 1569 552 propendere
1607 493 1663 537 ad
1707 492 1990 538 suadendam

196 583 250 623 et
281 578 419 624 enixe
453 578 873 624 commendandam
909 568 1218 637 frequentiam
1252 575 1623 632 communionis,
1659 589 1797 635 quam
1833 575 1891 620 ad
1922 590 1991 620 ar-

322 733 364 769 20
391 734 504 769 Recta
530 738 652 768 autem
680 741 786 769 mens
814 732 851 767 in
878 742 922 768 eo
948 737 1015 775 est,
1042 736 1081 768 ut
1106 732 1169 777 qui
1196 731 1240 767 ad
1268 739 1413 766 sacram
1440 739 1608 766 mensam
1634 729 1776 766 accedit
1801 739 1878 766 non
1895 729 1991 771 usui,

199 810 267 842 aut
293 806 457 848 vanitati,
485 809 546 841 aut
573 804 746 840 humanis
773 804 982 840 rationibus
1010 804 1210 849 indulgeat,
1237 803 1302 839 sed
1329 803 1393 839 Dei
1430 802 1566 848 placito
1594 802 1804 839 satisfacere
1830 801 1932 844 velit,
1958 801 1991 837 ei

201 877 340 914 arctius
366 877 516 913 caritate
543 876 731 920 coniungi,
759 885 801 911 ac
827 875 955 911 divino
983 875 1045 911 illo
1075 875 1274 920 pharmaco
1305 874 1383 910 suis
1415 873 1692 910 infirmitatibus
1718 883 1760 910 ac
1788 872 1992 910 defectibus

206 957 414 984 occurrere.

325 1020 367 1056 50
393 1020 470 1055 Etsi
497 1029 608 1064 quarn
638 1019 796 1055 maxime
823 1018 996 1064 expediat
1016 1022 1053 1054 ut
1073 1017 1254 1062 frequenti
1273 1021 1309 1052 et
1327 1016 1544 1063 quotidiana
1559 1016 1829 1052 communione
1849 1020 1994 1053 utentes

205 1090 413 1128 venialibus
441 1091 613 1136 peccatis,
633 1090 762 1126 saltem
789 1089 897 1134 plene
921 1088 1144 1130 deliberatis,
1164 1097 1367 1134 eorumque
1393 1087 1524 1124 affectu
1551 1087 1624 1123 sint
1650 1090 1832 1133 expertes,
1858 1085 1994 1124 suflicit

204 1161 448 1198 nihilominus
476 1165 514 1197 ut
542 1160 661 1206 culpis
687 1159 905 1196 mortalibus
932 1163 1086 1202 vacent,
1113 1168 1197 1195 cum
1220 1158 1410 1204 proposito
1438 1168 1476 1194 sc
1504 1167 1706 1203 numquam
1741 1157 1780 1192 in
1808 1161 1994 1203 posterum

203 1240 440 1281 peccaturos;
469 1244 541 1280 quo
573 1234 719 1269 sincero
745 1232 857 1268 animi
886 1231 1087 1277 proposito,
1116 1230 1192 1266 lieri
1221 1239 1297 1266 non
1325 1233 1445 1275 potest
1471 1229 1562 1274 quin
1587 1228 1751 1274 quotidie
1787 1227 1994 1281 communi-

202 1310 330 1343 cantes
359 1316 379 1342 a
406 1306 568 1352 peccatis
595 1306 705 1342 etiam
734 1304 953 1346 venialibus,
981 1304 1028 1340 ab
1054 1312 1259 1349 eorumque
1286 1301 1417 1338 affectu
1446 1301 1585 1338 sensim
1612 1311 1650 1337 se
1677 1301 1886 1346 expediant.

324 1379 366 1414 4⁰
393 1380 483 1415 Cum
513 1389 597 1414 vero
626 1377 862 1415 Sacramenta
895 1376 1020 1413 Novae
1049 1376 1165 1421 legis,
1192 1375 1261 1411 etsi
1289 1374 1460 1411 eflectum
1481 1384 1595 1411 suum
1627 1383 1673 1410 ex
1700 1383 1810 1419 opere
1841 1376 1993 1418 operato

203 1451 415 1493 sortiantur,
443 1450 620 1486 maiorem
648 1453 771 1484 tamen
798 1448 1004 1494 producant
1031 1446 1201 1483 effectum
1230 1456 1303 1492 quo
1331 1445 1489 1481 maiores
1516 1444 1778 1490 dispositiones
1807 1443 1908 1479 iniis
1934 1453 1995 1479 su-

204 1522 407 1567 scipiendis
432 1522 698 1562 adhibeantur,
729 1520 866 1557 ideirco
901 1519 1104 1556 curandum
1130 1523 1185 1555 est
1210 1524 1249 1555 ut
1275 1518 1404 1555 sedula
1429 1518 1475 1554 ad
1501 1527 1646 1554 sacram
1686 1516 1993 1553 Communionem

206 1594 438 1639 praeparatio
465 1593 677 1635 antecedat,
704 1597 740 1627 et
765 1601 934 1637 congrua
971 1591 1175 1637 gratiarum
1213 1590 1308 1627 actio
1350 1590 1433 1626 inde
1465 1593 1658 1636 sequatur,
1687 1589 1789 1624 iuxta
1819 1587 1993 1625 uniuscu-

204 1665 338 1710 iusque
366 1665 474 1707 vires,
501 1664 752 1700 conditionem
780 1673 822 1699 ac
849 1662 987 1699 officia.

325 1737 367 1773 50
396 1738 441 1773 Ut
468 1737 641 1783 frequens
667 1741 703 1773 et
728 1737 944 1782 quotidiana
969 1735 1189 1772 Communio
1217 1735 1344 1771 maiori
1373 1734 1567 1780 prudentia
1582 1733 1643 1769 fiat
1665 1732 1900 1777 uberiorique
1919 1740 1996 1767 me-

204 1809 275 1845 rito
303 1813 491 1854 augeatur,
513 1813 655 1855 oportet
675 1814 714 1845 ut
730 1808 951 1844 Confessarii
969 1808 1166 1844 consilium
1196 1806 1410 1843 intercedat.
1437 1806 1596 1842 Caveant
1622 1809 1747 1841 tamen
1773 1797 1995 1840 Confessarii

205 1890 254 1916 ne
280 1890 302 1916 a
326 1880 507 1926 frequenti
528 1890 592 1916 seu
611 1880 827 1926 quotidiana
845 1879 1114 1931 Communi-one
1137 1887 1361 1924 quemquam
1388 1881 1565 1922 avertant,
1585 1877 1647 1922 qui
1676 1876 1714 1911 in
1740 1879 1836 1911 statu
1855 1874 1995 1920 gratiae

204 1952 410 1998 reperiatur
435 1956 470 1988 et
496 1957 596 1989 recta
624 1956 745 1989 mente
772 1951 934 1988 accedat.

327 2023 369 2059 60
395 2023 487 2059 Cum
525 2027 647 2060 autem
687 2023 922 2068 perspicuum
965 2022 1011 2057 sit
1037 2031 1083 2057 ex
1109 2021 1291 2066 frequenti
1330 2030 1393 2057 seu
1425 2019 1642 2065 quotidiana
1678 2018 1711 2054 S.
1739 2017 1995 2054 Eucharistiae

205 2094 417 2139 sumptione
444 2094 618 2130 unionem
645 2103 728 2130 cum
748 2093 891 2130 Christo
919 2093 1059 2137 augeri,
1077 2091 1309 2137 spiritualem
1337 2091 1448 2127 vitam
1477 2090 1630 2127 uberius
1657 2088 1718 2132 ali,
1735 2088 1895 2124 animam
1924 2088 1995 2123 vir-

204 2165 347 2202 tutibus
385 2163 538 2202 effusius
565 2164 718 2206 instrui,
745 2168 781 2199 et
806 2169 977 2200 aeternae
1016 2162 1200 2198 felicitatis
1234 2162 1370 2208 pignus
1399 2161 1454 2197 vel
1487 2160 1628 2196 firmius
1663 2158 1825 2196 sumenti
1851 2158 1992 2200 donari,

205 2237 345 2273 idcirco
372 2236 551 2279 Pal-ochi,
579 2235 799 2272 Confessarii
826 2239 862 2271 et
888 2234 1187 2275 concionatores,
1217 2234 1318 2269 iuxta
1345 2232 1534 2278 probatam
1574 2230 1796 2267 Catechismi
1837 2228 1993 2265 Romani

205 2308 413 2345 doctrinam
440 2309 555 2352 (Part.
581 2307 629 2345 II,
657 2318 685 2344 c.
715 2307 794 2350 63),
820 2306 1064 2342 christianum
1092 2304 1269 2351 populum
1297 2303 1341 2340 ad
1370 2305 1467 2340 bunc
1494 2306 1567 2338 tam
1595 2301 1697 2347 pium
1723 2309 1766 2336 ac
1797 2305 1869 2336 tam
1896 2298 1994 2335 salu—

201 2382 324 2414 tarem
350 2388 459 2415 usum
486 2378 627 2414 crebris
653 2376 971 2414 admonitionibus
998 2376 1188 2421 multoque
1214 2375 1335 2411 studio
1363 2375 1618 2410 cohortentur.

327 2450 368 2485 7ο
393 2449 615 2486 Cotnmunio
642 2449 814 2494 frequens
832 2452 868 2484 et
886 2447 1102 2494 quotidiana
1128 2446 1342 2492 praesertim
1363 2446 1401 2481 'm
1418 2444 1603 2490 religiosis
1631 2442 1810 2480 institutis
1828 2440 1993 2479 cuiusvis

198 2520 355 2566 ,generis
381 2524 659 2566 promoveam-3
700 2530 765 2566 pro
791 2520 928 2566 quibus
954 2523 1079 2555 tamen
1106 2518 1252 2554 firmum
1278 2517 1324 2554 sit
1350 2517 1538 2553 decretum
1582 2514 1894 2559 Quemadmodum
1919 2512 1991 2549 diei

207 2591 249 2626 17
279 2592 417 2629 mensis
452 2592 658 2628 decembris
688 2591 779 2628 1890
803 2601 825 2627 a
851 2590 886 2627 S.
913 2590 1048 2636 Congr.
1075 2589 1346 2635 Episcoporum
1372 2591 1408 2623 et
1435 2586 1672 2633 Regularium
1711 2585 1837 2622 latum.
1875 2585 1993 2628 Quam

205 2662 369 2698 maxime
387 2672 535 2709 quoque
556 2666 815 2708 promoveatur
834 2662 871 2698 in
890 2661 1108 2698 clericorum
1123 2659 1348 2702 Seminariis,
1369 2667 1527 2704 quorum
1545 2656 1686 2693 alumni
1706 2655 1832 2692 altaris
1851 2654 1994 2691 inhiant

205 2733 366 2778 servitio;
396 2734 484 2770 item
511 2734 549 2769 in
575 2733 656 2769 aliis
684 2733 895 2769 christianis
922 2741 1032 2768 omne
1059 2740 1178 2775 genus
1205 2729 1395 2775 ephebeis.

327 2805 369 2841 8⁰
396 2805 433 2841 Si
459 2814 553 2850 quae
579 2804 653 2840 sint
679 2804 865 2848 Instituta,
893 2803 970 2839 sive
997 2806 1166 2838 votorum
1193 2800 1414 2837 solemnium
1454 2799 1532 2836 sive
1558 2796 1784 2843 simplicium
1801 2824 1810 2839 ,
1837 2803 1996 2841 quorum

210 2879 250 2915 in
276 2877 413 2923 regulis
439 2881 502 2914 aut
528 2875 870 2918 constitutionibus,
898 2875 956 2911 vel
980 2875 1093 2911 etiam
1119 2872 1351 2917 calendariis,
1383 2870 1673 2908 Communiones
1706 2867 1894 2913 aliquibus
1921 2866 2000 2902 die-

211 2949 280 2986 bus
307 2947 440 2986 affixae
469 2952 505 2985 et
530 2947 568 2984 in
593 2947 638 2984 iis
664 2948 786 2984 iussae
812 2947 1051 2993 reperiantur,
1077 2945 1148 2982 hae
1173 2953 1327 2988 normae
1352 2948 1541 2989 tamquam
1566 2951 1664 2978 mere
1690 2940 1886 2978 directivae
1922 2947 1999 2975 non

208 3025 397 3066 tamquam
425 3019 673 3066 praeceptivae
711 3018 893 3065 putandae
925 3022 1022 3054 sunt.
1061 3015 1312 3062 Praescriptus
1339 3024 1424 3051 vero
1463 3012 1778 3050 communionum
1815 3019 1996 3048 numerus

203 3091 339 3128 haberi
366 3091 477 3128 debet
502 3094 542 3128 ut
568 3090 659 3136 quid
685 3090 881 3126 minimum
917 3099 983 3135 pro
1018 3087 1290 3134 Religiosorum
1326 3086 1471 3134 pietate.
1509 3085 1650 3123 Idcirco
1686 3083 1914 3130 frequentior
1941 3082 2001 3120 vel
