2176 3386
241 185 320 226 242
914 200 1024 230 PARS
1054 201 1095 229 11.
1125 201 1182 230 DE
1213 201 1350 231 minus

245 326 265 346 a
293 309 471 351 Nomen
503 305 667 351 dantes
699 311 852 353 sectae
887 309 1170 355 Massonicae
1202 314 1284 355 aut
1315 309 1636 367 Carbonariae,
1660 316 1742 357 aut
1772 312 1872 358 aliis
1902 313 2018 359 eius-

241 390 345 435 dem
379 390 558 448 generis
589 390 741 446 sectis,
776 405 893 450 quae
925 397 1085 437 contra
1123 392 1371 438 Ecclesiam
1395 393 1468 438 vel
1490 393 1719 452 legitimas
1749 398 2016 454 potestates,

240 486 318 519 seu
353 474 521 532 palam,
558 487 636 519 seu
671 474 955 520 clandestine
990 475 1344 534 machinantur3
1379 489 1561 522 necnon
1594 475 1754 522 iisdem
1787 478 1924 524 sectis
1955 480 2018 525 fa-

239 571 399 602 vorem
433 557 816 617 qualemcumque
850 562 1154 616 praestantes,
1179 573 1401 604 earumve
1434 559 1637 604 occultos
1659 562 1943 619 coryphaeos
1962 575 2017 608 ac

237 642 376 686 duces
407 654 501 686 non
535 640 879 696 denuntiantes,
914 641 1060 686 donec
1092 642 1475 687 denuntiaverint
1499 661 1538 688 n.

362 724 486 769 1156.
520 728 668 777 Quare
703 738 840 769 nemo
871 728 1022 783 potest
1053 725 1339 770 absolutione
1372 725 1696 771 sacramentali
1725 725 1884 771 donari
1911 726 2015 772 ulti-

238 807 413 867 misque
446 807 750 853 sacramentis
782 808 970 863 muniri,
1005 809 1092 853 nisi
1124 811 1182 855 ab
1214 809 1438 855 eiusmodi
1466 810 1761 856 societatibus
1786 811 2016 858 damnatis

237 891 360 950 prius
381 891 572 936 omnino
595 904 642 935 se
660 891 960 949 separaverit,
981 891 1124 952 iisque
1142 893 1572 952 quomodocumque
1599 894 1753 939 favere
1777 894 1961 940 desierit
1981 896 2010 940 ².

360 977 485 1020 1157.
523 975 719 1020 Nomine
767 980 924 1020 autem
977 979 1214 1020 Sectarum
1262 975 1402 1021 citato
1434 976 1628 1021 articulo
1669 976 2010 1035 damnatarum,

234 1059 690 1117 comprehenduntur
725 1058 967 1104 societates
1004 1059 1316 1114 Massonicae,
1351 1060 1654 1105 carbonariae
1687 1066 1733 1105 et
1765 1061 2010 1117 Fenianae,

233 1156 483 1202 omnesque
510 1142 625 1187 aliae
658 1142 861 1187 eiusdem
897 1146 1090 1188 naturae
1123 1147 1169 1187 et
1202 1142 1366 1188 indolis
1397 1147 1565 1198 sectae,
1601 1157 1891 1203 quocumque
1932 1158 2012 1190 no-

234 1225 357 1270 mine
390 1225 606 1283 appellari
641 1229 686 1269 et
718 1225 1008 1270 cohonestari
1042 1226 1206 1281 solent,
1243 1240 1359 1285 quae
1393 1225 1490 1271 sive
1522 1226 1744 1271 adversus
1770 1227 2010 1273 ecclesiam

232 1314 433 1364 tantum,
468 1309 565 1353 sive
598 1309 744 1353 solum
778 1308 1000 1352 adversus
1037 1307 1263 1365 legitimas
1304 1312 1552 1366 potestates
1591 1322 1669 1354 seu
1715 1309 2006 1366 gubernium,

231 1392 328 1437 sive
364 1392 513 1450 palam
547 1391 644 1436 sive
678 1391 961 1436 clandestine
997 1390 1339 1446 machinantur,
1375 1391 1564 1449 exigant
1597 1392 1670 1436 vel
1703 1405 1797 1436 non
1821 1391 2010 1449 exigant

230 1489 255 1520 a
290 1475 382 1520 suis
414 1474 598 1520 asseclis
630 1474 943 1519 iuramentum
978 1474 1032 1518 de
1066 1478 1242 1519 secreto
1276 1474 1503 1519 servando
1527 1475 1558 1518 ².

355 1559 480 1603 1158.
519 1562 675 1618 Neque
708 1558 895 1602 dubium
945 1571 1043 1603 esse
1090 1562 1238 1616 potest
1271 1557 1381 1616 quin
1432 1561 1588 1603 Sectae
1633 1572 1750 1617 quae
1791 1558 2009 1603 dicuntur

229 1642 683 1697 Communistarum‚
721 1641 1083 1696 Socialistarum,
1121 1641 1463 1696 Nihilistarum‚
1500 1641 1584 1686 sub
1616 1655 1832 1687 censuras
1864 1642 2006 1687 eccle-

229 1726 434 1771 siasticas
467 1726 650 1770 cadant.

351 1809 476 1853 1159.
513 1808 800 1867 Quicumque
834 1808 971 1866 igitur
1004 1807 1203 1852 scienter
1236 1807 1317 1859 uni
1349 1821 1407 1852 ex
1442 1806 1741 1852 Societatibus
1763 1820 2004 1851 enumera-

227 1892 315 1946 tis,
350 1895 431 1937 aut
471 1891 546 1935 alii
582 1891 796 1936 Societati
846 1891 934 1935 iam
969 1890 1187 1935 existenti
1234 1890 1340 1935 licet
1385 1903 1476 1934 non
1517 1889 1810 1943 nominatae,
1845 1893 1924 1932 aut
1955 1887 2002 1932 in

226 1980 459 2034 posterum
494 1974 712 2029 oriturae,
738 1987 855 2033 quae
879 1973 1268 2031 organizationem
1305 1977 1456 2018 sectae
1490 1971 1774 2017 massonicae
1807 1971 2002 2016 similem

227 2058 380 2113 habet,
416 2058 641 2116 simulque
667 2072 725 2101 ex
750 2057 960 2101 instituto
994 2070 1191 2115 semper,
1217 2060 1264 2101 et
1285 2060 1392 2100 actu
1426 2056 1608 2115 quando
1640 2058 1806 2113 potest,
1841 2058 2000 2098 contra

230 2141 474 2186 Ecclesiam
512 2141 583 2186 vel
618 2140 843 2198 legitimas
878 2143 1124 2196 potestates
1158 2139 1305 2198 palam
1330 2143 1412 2183 aut
1434 2138 1716 2184 clandestine
1750 2137 1998 2195 conspirat,

343 2284 352 2303 ¹
381 2284 575 2330 Proposito
602 2284 734 2320 dubio:
763 2287 884 2320 utrum
914 2283 950 2318 in
977 2292 1211 2328 quacumque
1231 2282 1333 2318 orbis
1360 2281 1524 2327 regione,
1543 2280 1758 2316 hominibus
1784 2278 2000 2315 Liberorum

223 2357 447 2392 Muratorum
475 2355 640 2392 societati
669 2354 890 2400 aggregatis,
910 2354 972 2399 qui
993 2353 1187 2390 iuramenti
1214 2353 1258 2389 de
1285 2356 1426 2389 secreto
1452 2351 1631 2389 servando
1661 2350 1814 2387 vinculis
1842 2350 2000 2385 invicem

223 2427 425 2464 consociati
453 2427 491 2462 in
518 2436 631 2463 unum
659 2435 791 2471 corpus
818 2425 1033 2462 coalescunt
1060 2425 1255 2461 iuramenti
1283 2423 1454 2469 exigendi
1481 2432 1582 2459 more
1608 2422 1705 2468 apud
1742 2420 1907 2457 eamdem
1943 2429 2000 2456 se-

222 2504 318 2535 ctam
345 2498 464 2535 adhuc
490 2498 660 2542 vigente,
688 2497 989 2534 sacramentalem
1015 2496 1275 2532 absolutionem
1301 2494 1398 2530 licite
1430 2503 1472 2530 ac
1505 2493 1621 2529 valide
1659 2491 1905 2529 confessarius
1933 2490 1998 2525 im-

221 2571 398 2617 pertiatur
423 2570 638 2616 priusquam
666 2569 736 2615 ipsi
763 2569 925 2605 absolute
963 2573 999 2604 61
1026 2568 1178 2614 positive
1213 2566 1436 2612 praedictam
1470 2565 1681 2601 damnatam
1720 2562 1932 2599 societatem
1958 2561 1996 2597 in

223 2648 439 2689 perpetuum
468 2639 704 2688 relinquant?
733 2641 842 2677 Sacra
871 2640 977 2676 Univ.
1009 2639 1204 2685 Inquisitio
1233 2638 1292 2674 die
1324 2638 1346 2674 5
1373 2637 1450 2674 iulii
1479 2636 1567 2673 1837
1607 2635 1814 2681 respondit:
1857 2647 1871 2665 ι
1890 2634 1998 2670 quta

221 2716 389 2762 exposita
414 2725 489 2751 non
515 2715 625 2751 licere
644 2728 676 2750 ι.

339 2785 428 2821 Cum
456 2790 579 2821 autem
607 2790 726 2821 ortum
753 2788 850 2821 esset
875 2783 1047 2826 dubium,
1077 2787 1202 2819 utrum
1228 2781 1341 2819 verba
1370 2780 1432 2816 illa
1468 2790 1540 2816 non
1565 2779 1669 2815 licere
1702 2776 1932 2813 includerent
1958 2776 1996 2812 in

219 2866 308 2893 casu
332 2856 501 2902 exposito
527 2856 636 2892 etiam
665 2855 929 2892 invaliditatem
967 2852 1242 2890 absolutionis?
1279 2852 1415 2889 Eadem
1448 2851 1546 2888 Sacr.
1572 2849 1706 2895 Congr.
1731 2848 1837 2885 Fet-ia
1863 2847 1923 2889 tv,
1949 2846 1992 2883 27

220 2928 311 2965 iunii
341 2927 666 2973 1838‚1·esp0ndit:
694 2926 922 2963 Affirmative
949 2926 1051 2962 iuxta
1075 2924 1367 2961 Constitutiones
1393 2921 1627 2968 apostolicas.
1655 2920 1756 2956 Hanc
1783 2928 1869 2955 vcro
1893 2926 1995 2954 reso-

219 2999 398 3036 lutionem
426 2998 575 3044 Gregor.
603 2998 689 3035 XVI
716 2997 937 3044 approbavit
961 2995 1091 3034 eadem
1117 2994 1174 3031 die
1202 3003 1245 3030 ac
1271 2993 1372 3030 feria.

337 3071 348 3089 ²
377 3070 411 3107 S.
439 3070 572 3116 Congr.
598 3069 703 3115 Inqu.
730 3069 789 3106 die
815 3067 838 3104 5
864 3077 947 3114 aug.
977 3066 1069 3104 1846
1085 3070 1122 3103 et
1146 3066 1204 3103 die
1233 3065 1275 3102 12
1302 3064 1457 3102 ianuarii
1489 3062 1592 3100 1870.
