2176 3386
753 240 881 269 LIBER
910 240 935 268 1.
964 240 1023 268 DE
1054 239 1250 268 CLERICIS

226 348 298 393 79.
336 346 642 392 Renunciatio
675 351 745 392 est
767 361 984 407 eoepgessa
1016 360 1134 406 quae
1167 345 1218 390 fit
1261 345 1412 391 verbis
1454 347 1584 394 iuxta
1627 348 1826 392 formam
1866 361 1898 392 a

109 432 207 476 iure
240 431 598 490 praescriptam;
636 433 779 494 tacita
813 444 931 490 quae
964 431 1087 475 facto
1110 429 1261 489 aliquo
1295 429 1346 474 lit
1377 431 1498 490 quod
1530 445 1588 476 ex
1624 435 1788 476 natura
1811 444 1892 476 sua

95 515 182 571 ‚vel
213 528 273 560 ex
304 515 600 573 dispositione
635 515 747 559 iuris
778 513 957 559 inducit
989 517 1246 560 cessionem
1279 514 1509 571 beneficii,
1546 515 1689 560 veluti
1728 516 1766 561 si
1803 517 1892 560 cle-

105 596 228 641 ricus
260 596 307 640 in
341 596 595 641 minoribus
627 596 906 642 constitutus
939 596 1292 642 matrimonium
1325 599 1572 642 contrahat
1598 599 1628 654 ¹,
1661 599 1735 643 vel
1767 599 1890 644 aliud

106 678 380 724 beneficium
415 679 759 737 incompatibile
793 683 1104 739 consequatur
1137 680 1167 724 ².
1216 680 1523 725 Renunciatio
1565 694 1780 739 expressa
1825 687 1893 725 est

106 762 180 807 vel
199 776 342 820 pura,
371 764 443 807 vel
466 763 795 808 conditionalis
817 777 863 807 v.
883 777 947 820 gr.
975 763 1416 808 cumreservatione
1440 763 1688 822 pensionis.
1713 763 1891 821 Episco-

107 859 189 903 pus
235 850 391 890 autem
433 846 503 890 vel
548 845 791 890 renunciat
839 846 938 890 loco
986 850 1168 891 tantum
1216 847 1286 890 vel
1331 846 1473 890 etiam
1522 845 1733 903 dignitati
1792 845 1891 903 Epi·

103 927 288 986 scopaH.

223 1012 294 1056 80.
330 1012 497 1057 Omnia
531 1012 751 1058 beneficia
785 1012 883 1058 sive
919 1013 1109 1068 maiora,
1145 1014 1243 1059 sive
1280 1014 1459 1059 minora
1494 1014 1756 1059 renunciari
1794 1028 1890 1072 pos·

105 1099 213 1139 sunt
242 1093 327 1139 nisi
361 1095 619 1153 specialiter
651 1101 845 1155 excepta
886 1096 994 1141 sint.
1050 1097 1170 1141 'salia
1204 1101 1362 1142 autem
1397 1102 1505 1142 sunt
1543 1099 1578 1153 1)
1614 1097 1888 1142 beneficium

104 1178 223 1237 quod
256 1178 357 1237 quis
395 1179 555 1223 habuit
599 1179 730 1224 titulo
770 1180 1100 1237 ordinationis,
1136 1183 1177 1237 2)
1215 1181 1491 1226 beneficium
1541 1183 1793 1239 litigiosam
1844 1182 1889 1226 in

106 1259 313 1304 favorem
346 1261 535 1305 alterius
571 1276 660 1306 non
697 1262 918 1321 litigantis
951 1264 1213 1308 renunciari
1240 1278 1333 1308 non
1358 1268 1507 1322 potest
1530 1264 1562 1319 ³,
1589 1266 1630 1319 5)
1669 1264 1890 1309 beneficia

105 1341 215 1387 item
250 1350 526 1403 patr-onata,
571 1346 781 1409 elergivm
824 1350 976 1406 unita,
1021 1348 1209 1393 obtenta
1253 1363 1331 1406 per
1374 1349 1680 1394 intrusionem
1722 1350 1890 1409 absque

105 1429 328 1474 canonico
361 1429 494 1475 titulo
527 1430 573 1475 in
610 1434 815 1477 fax-orem
849 1433 973 1477 tertii
1007 1434 1273 1478 renunciari
1308 1449 1400 1480 non
1436 1440 1642 1493 possunt.

223 1513 293 1558 81.
331 1518 503 1559 Omnes
547 1516 767 1560 beneficia
813 1517 1045 1574 resignare
1079 1523 1270 1576 possunt
1315 1519 1392 1578 qui
1439 1533 1531 1564 non
1578 1519 1889 1578 prohibentur.

106 1596 411 1642 Prohibentur
457 1603 612 1644 autem
666 1602 699 1655 l)
747 1601 936 1657 furiosi,
973 1602 1255 1662 mentecapti
1291 1603 1332 1658 ⁶,
1374 1605 1416 1659 2)
1455 1604 1500 1648 in
1545 1603 1686 1648 sacris
1724 1604 1892 1649 consti-

106 1679 191 1723 tuti
230 1681 264 1724 si
305 1681 506 1740 alioquin
551 1682 699 1727 debita
749 1689 939 1728 careant
980 1686 1320 1730 sustentatione
1346 1688 1378 1741 ⁵,
1415 1688 1457 1741 5)
1494 1686 1755 1745 impuberes
1792 1687 1891 1732 sine

104 1764 379 1808 auctoritate
417 1766 594 1810 tutoris.
661 1793 688 1798 —
723 1767 924 1813 Clericu÷
956 1773 1112 1813 autem
1148 1769 1437 1815 minorennis
1464 1771 1611 1816 valide
1646 1773 1891 1817 renunciat

104 1845 339 1891 beneficiis
369 1847 475 1907 quia
509 1848 555 1893 in
590 1849 933 1896 beneficialibus
977 1853 1173 1897 habetur
1212 1869 1292 1912 pro
1346 1855 1603 1901 maiorenni
1639 1857 1671 1910 ὃ,
1707 1857 1890 1902 etiamsi

104 1929 140 1974 si
174 1931 321 1975 laesus
355 1931 400 1976 in
435 1931 665 1990 integrum
702 1934 933 1980 restitutio
967 1935 1007 1980 ei
1041 1938 1337 1982 concedatur.
1384 1940 1426 1995 4)
1466 1939 1678 1984 Novitius
1721 1955 1891 2000 renun-

104 2013 226 2082 ciare
259 2015 493 2060 beneficiis
525 2031 617 2061 non
653 2022 802 2075 potest
835 2019 1021 2063 nonnisi
1056 2020 1177 2065 intra
1210 2020 1323 2065 duos
1362 2035 1544 2067 menses
1587 2023 1663 2081 qui
1707 2037 1887 2081 praece-

105 2082 221 2142 dunt
252 2099 506 2144 solemnem
542 2102 875 2159 professionem
910 2103 1189 2160 religiosam,
1224 2118 1341 2164 quae
1373 2104 1557 2164 quidem
1600 2105 1890 2151 renunciatio

105 2184 174 2224 est
206 2182 301 2239 ipso
336 2183 432 2226 iure
465 2183 779 2229 conditionata
805 2186 834 2228 ⁷.
888 2186 928 2239 5)
960 2185 1171 2230 Infirmus
1195 2187 1344 2232 valide
1375 2201 1467 2231 non
1493 2187 1790 2232 renunciavit
1815 2188 1890 2232 be·

105 2264 270 2310 neficio
301 2266 375 2324 qui
411 2265 533 2311 intra
567 2269 623 2312 20
654 2267 751 2313 dies
793 2283 818 2313 a
852 2270 972 2314 facta
1023 2269 1377 2315 renunciatione
1422 2271 1617 2315 moritur
1655 2271 1783 2316 iuxta
1822 2286 1888 2315 re-

106 2347 256 2404 gulam
295 2368 311 2387 a
340 2349 396 2392 de
435 2351 602 2406 viginti
627 2369 663 2394 n.
719 2353 934 2396 Attamen
983 2353 1136 2410 praxis
1179 2353 1334 2398 curiae
1381 2354 1499 2398 hanc
1540 2354 1888 2412 dispositionem

107 2430 248 2475 etiam
283 2431 336 2476 ad
371 2445 507 2477 sanos
539 2434 826 2491 resignantes
859 2436 1085 2480 extendit.

223 2513 295 2558 82.
335 2515 596 2572 Resignatio
633 2517 670 2573 1)
709 2515 852 2562 libera
886 2531 984 2563 esse
1017 2518 1167 2563 debet.
1204 2526 1330 2572 Quae
1363 2519 1442 2564 liat
1474 2519 1558 2565 sub
1590 2524 1716 2564 metu
1760 2519 1888 2578 gravi

223 2671 232 2690 ¹
263 2672 348 2718 Cap.
378 2673 394 2708 1
422 2674 466 2709 de
494 2674 586 2711 Cler.
614 2676 762 2721 coning.

225 2744 237 2763 ²
262 2745 348 2791 Cap.
374 2744 421 2781 28
446 2746 491 2782 de
516 2746 644 2783 Praeb.

194 2838 199 2842 -
224 2816 236 2835 ³
263 2817 300 2853 C.
327 2817 348 2852 2
376 2822 412 2855 ul
440 2818 502 2854 lite
528 2819 724 2864 pendente.

225 2887 239 2908 '⁵
265 2890 303 2926 C.
328 2889 351 2925 5
377 2889 412 2925 h.
441 2894 462 2926 t.

223 2961 237 2981 ⁵
264 2961 298 2998 S.
324 2962 412 2999 Pius
438 2962 564 2999 Const.
590 2964 734 3007 Quanta
763 2963 864 3000 1568.

225 3034 238 3054 ⁶
263 3034 300 3071 C.
326 3034 389 3071 fin.
414 3035 459 3070 de
486 3035 596 3072 iudic.
622 3035 660 3071 in
686 3035 718 3072 6.

223 3104 237 3124 '¹
263 3105 360 3142 Trid.
387 3114 477 3142 sess.
503 3104 560 3150 25,
586 3116 616 3142 c.
647 3106 702 3149 16,
728 3107 773 3143 de
800 3107 929 3153 Regul.
