2176 3386
733 200 860 230 mut-:n
890 201 929 230 11.
966 200 1024 230 ur:
1054 200 1357 229 REGULARIBUS
1860 189 1940 229 453

120 303 122 305 ’
157 307 219 352 nii
257 307 404 365 1846).
440 308 585 353 Habet
626 312 783 352 tamen
822 307 1064 367 Episcopus
1097 310 1372 366 potestatem
1422 306 1692 371 nominandi
1726 306 1940 351 ecclesia-

154 393 322 435 sticum
346 388 516 446 virum,
541 389 617 448 qui
641 389 951 447 religiosarum
977 388 1288 434 confessiones
1320 388 1536 448 excipiat,
1561 389 1659 433 sive
1689 388 1936 444 ordinarie,

154 471 252 516 sive
284 471 662 516 extraordinarie.
698 471 1012 517 Confessarius
1031 471 1214 531 quidem
1239 471 1498 516 ordinarius
1526 472 1594 516 bis
1616 472 1937 530 Congregatio-

155 554 287 598 nibus
318 554 453 599 datur
473 554 529 599 ad
555 554 805 599 triennium
832 556 861 599 ².
898 555 1168 600 Ordinarius
1201 555 1338 598 babet
1371 554 1557 612 insuper
1580 553 1649 598 ius
1677 554 1813 598 dandi
1838 568 1936 612 per-

155 637 418 683 missionem
453 638 682 683 alienandi
713 639 829 683 bona
853 638 1005 696 exigui
1030 639 1216 694 valoris,
1242 637 1370 682 iuxta
1394 640 1502 682 Can.
1535 638 1772 693 Terrulas,
1798 651 1935 697 quom

152 736 379 767 canonem
403 723 581 767 salvum
606 738 787 782 semper
808 724 955 768 voluit
984 727 1081 768 Sic.
1115 726 1279 782 Congr.
1318 727 1400 768 EE.
1434 728 1482 768 et
1516 726 1605 768 RR.
1636 723 1680 767 in
1716 724 1935 782 approba-

152 805 276 850 tione
308 806 699 851 Constitutionum
736 808 899 852 borum
935 807 1276 852 [nstitutorum.
1300 806 1452 851 Audiri
1488 806 1628 851 ctiam
1663 807 1797 851 debet
1834 808 1933 864 Epi-

150 902 312 946 scopus
339 889 384 933 in
411 890 677 948 expulsione
703 889 896 935 alicuius
914 891 1104 946 Sororis,
1140 893 1236 936 Suc.
1259 893 1420 947 Congr.
1446 894 1530 934 EE.
1550 894 1596 933 et
1616 893 1705 934 RR.
1728 890 1784 934 20
1803 890 1930 934 Febr.

154 970 281 1026 1861,
306 974 352 1014 et
385 971 522 1016 habet
555 971 622 1016 ius
657 972 939 1031 praesidendi
974 973 1186 1018 electioni
1218 973 1563 1032 Superior-issae.
1592 978 1685 1018 Hor
1720 987 1830 1029 vero
1866 973 1933 1017 ius

152 1054 354 1112 Episcopi
392 1054 673 1112 praesidendi
723 1057 768 1101 in
803 1057 1008 1114 Capitulo
1057 1071 1109 1101 eo
1143 1057 1423 1113 continetur,
1459 1061 1509 1101 ut
1543 1056 1701 1101 scribit
1749 1057 1932 1102 Pelliza-

148 1137 240 1181 rius
273 1137 328 1181 de
362 1138 572 1193 Monial„
599 1141 703 1197 Cap.
727 1153 773 1194 x,
802 1154 846 1184 n.
874 1141 946 1194 96,
973 1144 1023 1184 ut
1057 1139 1212 1184 omnia
1248 1139 1359 1184 liant
1391 1139 1544 1198 quiete
1568 1143 1613 1184 et
1637 1145 1796 1197 pacate
1831 1140 1928 1184 nul-

146 1221 278 1280 laque
314 1221 531 1266 violentia
564 1236 617 1267 ac
649 1222 829 1267 defectu
880 1223 1095 1279 iu1·iilico;
1134 1222 1293 1282 nequit
1335 1227 1491 1266 autem
1526 1221 1931 1266 deliberationibus

145 1303 470 1361 capitularibus
512 1318 558 1349 se
591 1305 851 1351 immiscere
887 1320 1032 1365 neque
1081 1319 1213 1350 suum
1264 1307 1416 1350 ferens
1463 1304 1729 1363 suffragium
1783 1319 1929 1364 neque

146 1387 253 1432 illud
287 1388 527 1447 imponens
550 1389 578 1434 ².
616 1390 678 1434 Ad
703 1390 815 1435 baec
842 1390 1085 1448 Episcopus
1116 1403 1392 1435 consensum
1430 1393 1658 1447 praestare
1691 1390 1826 1434 dehet
1849 1403 1929 1446 pro

145 1471 375 1515 erectione
425 1486 572 1517 novae
606 1473 768 1518 domus
813 1478 858 1518 et
890 1475 1050 1518 saltem
1086 1473 1229 1518 audiri
1281 1473 1324 1517 iu
1362 1473 1662 1532 relinquenda
1710 1473 1847 1518 domo
1882 1473 1927 1518 in

143 1554 241 1599 eius
272 1555 466 1599 dioecesi
501 1557 746 1601 existente.
777 1557 914 1603 Debet
937 1557 1205 1602 examinare
1230 1557 1429 1602 novitias
1461 1557 1609 1615 quoad
1633 1556 1926 1601 vocationem

146 1636 188 1680 in
225 1635 429 1693 ingressu
464 1644 510 1682 et
541 1643 648 1683 ante
698 1639 1024 1697 professionem
1051 1640 1081 1684 ⁸.
1119 1640 1342 1693 Quamvis
1389 1639 1513 1684 enim
1548 1639 1744 1684 dubitari
1787 1641 1927 1698 possit

142 1732 201 1762 an
229 1718 479 1764 Tridentini
515 1721 748 1779 dispositio
770 1723 933 1767 debeat
957 1722 1145 1767 extendi
1180 1723 1318 1767 etiam
1344 1724 1397 1767 ad
1434 1724 1514 1768 has
1537 1723 1924 1780 Congregationes

143 1801 372 1855 religiosas
403 1817 518 1862 quae
553 1818 637 1848 nec
685 1810 788 1850 vota
831 1805 1051 1850 solemnia
1090 1806 1378 1864 profitentur,
1416 1821 1499 1852 nec
1533 1806 1741 1851 clausura
1778 1806 1922 1865 papali

141 1884 386 1930 obstrictae
419 1891 543 1940 sunt,
579 1903 603 1932 a
637 1903 725 1948 qua
773 1888 1007 1948 dispositio
1044 1890 1136 1947 ipsa
1185 1890 1446 1935 conciliaris
1481 1891 1676 1948 pendere
1723 1889 1920 1944 videtur,

140 1973 316 2012 certum
353 1973 509 2014 tamen
543 1976 611 2016 est
644 1973 741 2016 Sac.
779 1976 939 2030 Congr.
980 1977 1063 2018 EE.
1101 1978 1146 2017 et
1183 1977 1272 2018 RR.
1301 1973 1346 2018 in
1380 1974 1595 2018 examine
1628 1973 1922 2019 Constitutio-

139 2065 250 2095 num
283 2053 446 2097 horum
482 2055 799 2100 [nstitutorum
836 2056 939 2101 huic
972 2057 1056 2114 legi
1091 2071 1142 2101 ea
1177 2057 1417 2113 subiicere,
1454 2063 1503 2101 ut
1538 2062 1662 2115 patet
1695 2058 1738 2101 in
1774 2056 1920 2102 auim-

136 2134 484 2181 adversionibus
523 2138 686 2183 additis
708 2142 860 2184 Const.
885 2142 1097 2185 Sororum
1141 2141 1275 2199 vulgo
1315 2146 1482 2185 Favere
1515 2141 1693 2186 ancello?
1715 2141 1765 2185 di
1790 2142 1842 2185 G.
1875 2142 1916 2184 C.

139 2218 194 2262 25
228 2219 379 2264 Martii
418 2222 543 2266 1860.
585 2225 731 2267 Habet
767 2224 1010 2282 Episcopus
1052 2225 1121 2269 ius
1155 2225 1453 2284 inspectionis
1485 2225 1631 2284 quoad
1666 2225 1821 2280 tidem,
1853 2226 1921 2269 vi-

139 2305 231 2345 tam
267 2316 581 2359 communem,
607 2306 925 2351 scandalorum
955 2311 1282 2353 autabusuum
1319 2309 1675 2366 resecationem;
1712 2314 1917 2354 attamen

253 2489 261 2507 ¹
291 2489 489 2536 Gregorius
518 2492 596 2535 XV,
620 2492 743 2529 Consi.
770 2495 1003 2531 Inscrutabili
1030 2494 1052 2530 5
1079 2496 1184 2532 Febr.
1216 2495 1323 2541 1622;
1351 2497 1486 2533 Bencd.
1516 2497 1611 2539 XIV,
1639 2498 1762 2534 Consi.
1791 2499 1916 2534 Pasto-

134 2562 225 2597 ralis
250 2573 358 2599 curae
384 2564 404 2598 5
434 2563 526 2609 Aug.
556 2564 657 2610 1748,
683 2571 718 2602 et
745 2567 825 2603 Sac.
851 2566 984 2613 Congr.
1011 2568 1083 2604 EE.
1110 2574 1143 2605 et
1173 2569 1243 2605 ΒΗ.
1274 2570 1308 2604 in
1337 2570 1435 2605 notis
1461 2570 1506 2605 ad
1532 2570 1655 2606 Consi.
1685 2570 1916 2607 Ancillarum

134 2632 180 2668 ab
205 2633 419 2671 adoratione
446 2633 559 2671 SS.mi
586 2637 810 2674 Sacramenti
841 2638 856 2673 1
888 2638 984 2684 Sept.
1015 2638 1106 2676 1860
1134 2640 1190 2676 bis
1218 2640 1354 2677 verbis:
1390 2654 1402 2671 a
1423 2640 1512 2676 Cum
1542 2641 1729 2687 proprium
1759 2642 1806 2678 sit
1832 2642 1914 2687 Epi-

132 2713 327 2751 scoporum
353 2706 527 2752 deputare
555 2708 808 2745 Confessarios
850 2710 1078 2752 monialium,
1107 2721 1179 2746 nnn
1209 2711 1305 2747 solet
1343 2711 1494 2747 attribui
1523 2712 1579 2748 ius
1607 2722 1671 2748 eos
1698 2712 1913 2749 nominandi

134 2775 355 2813 monialibus
383 2777 473 2823 ipsis
493 2791 524 2814 ι.

247 2847 259 2865 ²
286 2847 366 2885 Sao.
395 2850 528 2896 congr.
556 2850 711 2887 Concilii
739 2852 777 2887 in
804 2852 998 2889 Tiburtina
1023 2853 1069 2889 26
1083 2853 1172 2898 Apr.
1212 2852 1313 2895 1727,
1343 2854 1380 2888 in
1406 2863 1480 2900 qua
1506 2853 1578 2890 alia
1605 2855 1737 2891 citatur
1775 2855 1913 2892 decisio

129 2917 216 2952 anni
243 2917 357 2961 1621;
393 2920 548 2957 GinALul
588 2921 682 2968 Eoep.
707 2921 806 2959 Iuris
836 2923 948 2966 Pom„
976 2924 1014 2959 P.
1042 2924 1075 2966 2,
1102 2924 1195 2961 sect.
1226 2924 1304 2966 161,
1330 2934 1414 2970 app.
1441 2925 1486 2961 ad
1515 2925 1601 2961 dub.
1629 2925 1696 2968 283
1737 2926 1912 2961 TAMBUR-

132 2997 208 3026 mm
234 2990 276 3025 de
299 2991 380 3027 iure
405 2993 610 3029 abbatissae
635 2994 737 3040 Disp.
763 2994 819 3037 28,
846 3004 881 3030 n.
910 2995 942 3040 6,
970 3000 1113 3042 quaest.
1141 2996 1172 3031 6.

249 3060 262 3079 ³
288 3061 426 3099 Concil.
453 3063 552 3100 Trid.
581 3064 675 3101 Sess.
704 3065 809 3101 XXV
836 3065 880 3102 de
908 3066 1009 3111 ch„
1037 3067 1123 3112 Cap.
1150 3067 1265 3103 XVII.
