2176 3386
850 131 981 159 Lmen
1008 131 1032 160 1.
1069 131 1125 159 DE
1154 130 1348 160 CLEmcls
1916 119 1995 159 327

206 253 372 298 scopus
393 243 550 284 autem
573 238 810 283 absolvere
835 239 985 295 potest
1017 234 1063 279 in
1087 234 1269 280 casibus
1293 234 1503 291 occultis,
1527 234 1735 294 exceptis
1755 234 1810 281 iis
1829 235 1875 281 in
1893 235 1993 295 qui-

205 323 289 367 bus
319 320 585 377 CardinaIiS,
623 320 696 364 vel
732 318 992 378 Episcopus,
1031 318 1103 362 vel
1137 317 1423 376 Apostolicae
1458 318 1584 369 Sedis
1617 322 1811 376 Legatus
1843 318 1992 367 laesus

201 404 369 460 fuerit,
392 402 764 464 quandoquidem
799 402 846 446 in
879 400 1219 447 Constitutione
1251 401 1534 458 Apostolicae
1569 401 1698 446 Sedis
1720 413 1991 445 excommu-

203 488 392 544 nicatio,
427 501 545 546 quae
591 486 750 531 talium
796 485 996 530 laesione
1044 484 1314 540 incurritur,
1361 484 1545 543 speciali
1596 484 1732 530 modo
1784 489 1990 531 Romano

203 571 413 618 Pontifici
449 575 728 616 reservatur.
769 572 920 614 Potest
952 569 1094 613 etiam
1127 568 1173 612 in
1207 567 1482 627 quibusdam
1506 568 1685 630 casibus
1703 569 1913 626 notoriis,
1946 569 1989 614 id

198 660 289 711 est,
324 655 359 700 si
394 654 624 713 percussio
658 653 704 698 in
737 667 785 698 se
818 655 1024 711 spectata
1057 651 1172 697 levis
1207 652 1362 708 fuerit,
1398 666 1477 697 seu
1510 653 1547 697 si
1582 653 1756 698 nullam
1793 653 1838 697 in
1889 667 1988 698 cor-

171 718 173 721 ⁴
209 752 315 797 pore
351 738 577 783 maculam
611 740 691 780 aut
722 734 1044 780 contusionem
1080 734 1281 794 reliquit,
1318 738 1365 779 et
1396 749 1513 794 quae
1546 735 1682 780 simul
1718 736 1895 780 ratione
1912 736 1989 781 ad·

202 821 468 865 iunctorum
501 819 630 878 gravi
664 818 879 863 scandalo
914 832 1004 862 non
1042 818 1194 863 fuerit.
1232 820 1273 863 Si
1309 818 1539 877 percussio
1565 818 1890 876 fueritgravis,
1914 834 1989 878 po-

200 904 310 954 ·terit
341 916 419 947 eos
454 906 635 946 tantum
668 902 924 957 absolvere,
974 901 1050 960 qui
1094 901 1392 960 collegialiter
1434 901 1602 947 vivunt
1627 903 1657 947 ¹.
1711 901 1753 946 Si
1788 903 1993 948 enormis

203 986 370 1044 poterit
401 986 638 1030 absolvere
674 984 948 1042 impuberes,
983 985 1082 1030 sive
1115 989 1224 1030 ante
1257 986 1355 1030 sive
1392 990 1490 1044 post
1515 986 1805 1044 pubertatem
1826 990 1987 1044 petant

196 1070 394 1126 absolvi,
431 1083 597 1127 nempe
629 1069 665 1114 si
700 1083 810 1114 vera
844 1074 913 1114 est
944 1068 1175 1113 sententia
1210 1068 1581 1113 existimantium
1616 1082 1693 1115 eos
1727 1068 1992 1114 etiamnum

198 1169 299 1202 esse
331 1154 554 1200 obnoxios
587 1154 692 1198 huic
724 1153 1214 1198 excommunicationi.
1264 1153 1467 1212 Denique
1502 1152 1546 1197 in
1581 1152 1761 1197 casibus
1795 1152 1988 1197 notoriis

203 1244 352 1299 potest
383 1239 696 1285 Confessarius
735 1238 990 1292 absolvere,
1027 1237 1062 1281 si
1113 1250 1352 1295 percussor
1400 1236 1603 1294 legitimo
1653 1236 1985 1296 impedimento

200 1323 464 1368 detineatur
496 1322 683 1367 sistendi
718 1335 765 1366 se
797 1323 853 1366 ad
888 1320 1195 1379 Apostolicam
1229 1322 1409 1375 Sedem,
1435 1325 1515 1365 aut
1548 1320 1720 1364 adeius
1748 1323 1985 1382 Legatum,

196 1424 254 1455 ea
287 1414 443 1454 tamen
478 1409 590 1466 lege,
627 1413 677 1452 ut
709 1407 744 1452 si
788 1406 1174 1465 impedimentum
1217 1406 1275 1451 sit
1327 1411 1693 1464 temporaneum,
1746 1419 1987 1464 percussor

198 1498 309 1538 ante
342 1493 678 1538 absolutionem
714 1491 832 1535 iuret
863 1504 927 1546 se,
963 1505 1068 1535 cum
1105 1490 1302 1548 primum
1340 1490 1535 1546 licuerit,
1574 1489 1882 1547 Apostolicam
1917 1492 1990 1534 Se-

196 1578 304 1622 dem
339 1577 412 1621 vel
445 1575 543 1620 eius
579 1578 795 1632 Legatum
828 1572 1077 1618 aditurum.

322 1660 424 1704 407.
462 1658 672 1703 Facultas
703 1656 900 1716 denique
933 1656 1200 1701 absolvendi
1223 1656 1359 1701 datur
1380 1657 1655 1716 cuicumque
1683 1656 1927 1712 sacerdoti,
1953 1656 1989 1701 si

204 1741 365 1786 mortis
389 1740 644 1799 periculum
668 1744 845 1797 urgeat,
871 1753 944 1784 ex.
968 1754 1031 1797 gr.
1058 1739 1094 1784 si
1119 1739 1321 1784 hostium
1346 1738 1538 1797 irruptio
1563 1739 1798 1795 timeatur,
1831 1739 1866 1784 si
1892 1739 1990 1784 loca

201 1822 454 1868 latronibus
487 1821 651 1866 infesta
685 1821 894 1872 adeunda
937 1821 1046 1876 sint,
1097 1821 1132 1865 si
1181 1821 1312 1878 longa
1362 1826 1408 1866 et
1454 1820 1709 1879 periculosa
1753 1822 1990 1880 navigatio

195 1905 492 1964 suscipiatur,
529 1904 687 1949 eadem
722 1908 880 1948 tamen
915 1904 999 1948 sub
1032 1905 1144 1962 lege,
1190 1918 1306 1964 quae
1345 1918 1481 1963 supra
1530 1905 1651 1949 dicta
1697 1909 1783 1961 est,
1826 1919 1905 1950 seu
1939 1910 1991 1950 ut

202 2002 439 2047 percussor
462 1987 581 2032 iuret
603 2001 649 2032 se
674 2001 780 2032 cum
804 1987 1005 2046 primum
1031 1989 1197 2047 poterit
1217 1989 1524 2046 Apostolicam
1549 1989 1711 2034 Sedem
1735 1989 1984 2034 aditurum.

319 2073 421 2117 408.
457 2071 657 2118 Clericus
690 2072 1005 2130 multipliciter
1037 2073 1228 2118 canonis
1262 2073 1552 2131 psivilegium
1581 2072 1796 2118 amittere
1821 2076 1985 2132 potest.

197 2156 243 2202 Si
277 2156 463 2216 quidem
500 2157 537 2210 l)
577 2170 654 2213 per
674 2155 1048 2212 degradationem
1072 2170 1161 2215 qua
1184 2155 1378 2201 clericus
1405 2156 1565 2202 Curiae
1593 2156 1816 2201 saeculari
1851 2156 1988 2201 tradi-

198 2243 301 2296 tur;
338 2240 380 2295 2)
416 2240 451 2282 si
486 2239 758 2284 clericus1in
793 2238 1048 2283 minoribus
1081 2238 1362 2284 constitutus
1384 2239 1589 2298 deposito
1624 2239 1780 2285 habitu
1807 2245 1854 2285 et
1886 2244 1987 2285 ton-

195 2335 304 2366 sura
337 2326 510 2367 statum
553 2321 811 2366 clericalem
851 2322 1141 2382 derelinquat
1164 2323 1211 2378 2;
1263 2324 1304 2379 5)
1342 2324 1377 2367 si
1422 2323 1615 2368 clericus
1650 2337 1742 2369 non
1776 2324 1988 2369 obstante

200 2405 323 2451 trina
361 2405 562 2464 Episcopi
590 2405 846 2450 monitione
878 2411 1027 2451 artem
1061 2406 1285 2453 ludricam
1319 2412 1562 2465 exerceat;
1599 2410 1643 2465 4)
1677 2408 1713 2453 si
1749 2408 1985 2453 matrimo-

201 2489 330 2534 nium
371 2489 497 2534 ineat
531 2503 622 2534 non
656 2494 841 2534 servata
889 2489 1055 2548 triplici
1090 2491 1356 2536 conditione
1398 2505 1514 2551 quae
1554 2506 1579 2536 a
1623 2492 1856 2538 Bonisacio
1893 2494 1988 2537 VIII

200 2576 374 2617 statuta
406 2577 471 2618 est
496 2573 615 2632 quod
641 2587 806 2631 nempe
840 2575 885 2629 a)
922 2573 1099 2619 deferat
1131 2574 1391 2620 clericalem
1418 2575 1626 2620 habitum
1653 2588 1706 2619 ac
1727 2578 1985 2630 tonsuram,

196 2654 241 2712 b)
275 2655 330 2700 ad
363 2655 589 2700 secundas
621 2656 804 2714 nuptias
837 2670 930 2701 non
963 2658 1301 2714 convolaverit,
1325 2660 1364 2716 c)
1399 2658 1491 2703 imo
1528 2658 1754 2716 virginem
1789 2658 1928 2703 ducat
1951 2658 1983 2703 ².

324 2845 333 2863 ¹
363 2846 448 2892 Cap.
473 2845 521 2883 50
546 2846 592 2883 de
610 2851 702 2883 sent.
729 2857 883 2892 excom.;
910 2848 997 2894 Cap.
1023 2849 1044 2885 9
1072 2849 1116 2885 de
1143 2849 1218 2885 vita
1245 2854 1282 2886 et
1310 2849 1451 2886 honest.
1480 2849 1609 2887 Cleric.

323 2915 335 2933 ’
362 2916 416 2952 Ita
442 2916 531 2952 Pius
558 2917 623 2959 IX,
650 2917 697 2955 20
721 2923 813 2964 sept.
843 2918 946 2956 1860.

326 2986 338 3005 ⁸
365 2986 452 3034 Cap.
480 2988 577 3025 unic.
604 2989 643 3025 in
668 2988 730 3033 VI,
757 2990 820 3034 111,
848 2991 901 3028 tit.
930 2991 984 3028 15.
