2176 3386
788 177 917 206 unt-:n
945 177 970 205 1.
1007 177 1063 204 DE
1093 174 1286 205 CLEmcls
1852 162 1930 203 103

147 289 422 345 rescriptum
454 285 678 344 qen-ercule
709 287 871 330 contra
906 283 1108 342 primum
1139 283 1355 340 speciale,
1390 294 1522 327 secus
1553 282 1590 326 si
1624 281 1825 340 primum
1854 296 1930 340 ye-

146 371 310 416 nerale
342 370 428 415 fuit
459 368 566 428 quia
603 387 622 408 a
650 382 729 426 per
761 367 960 426 speciem
983 365 1229 423 derogatur
1260 364 1415 423 generi
1443 383 1462 403 n
1498 369 1594 410 etc:
1622 369 1710 410 etc.
1750 367 1780 410 ¹.

268 453 364 498 156.
402 451 606 496 Tandem
640 449 859 506 rescripta
894 461 1011 508 quae
1057 448 1114 493 ab
1157 447 1290 492 initio
1338 446 1488 492 valida
1538 448 1728 492 fuerunt
1775 454 1931 493 tractu

147 537 367 592 temporis
399 535 495 579 vim
530 533 745 578 amittere
780 536 986 590 possunt,
1020 529 1201 576 etiamsi
1241 529 1459 588 rescripta
1490 532 1584 574 sive
1614 532 1803 587 gyratiae
1837 532 1931 573 sive

147 621 350 664 iustitiae
384 632 464 676 per
495 630 541 661 se
571 621 802 673 perpetua
836 616 850 639 ‘²
892 617 1265 673 praesumantur,
1302 612 1388 657 nisi
1423 612 1696 670 rescriptum
1725 613 1789 658 ad
1821 619 1930 657 tem-

143 717 232 760 pus
264 703 537 763 duraturum
571 699 732 743 datum
767 698 840 742 sit.
879 697 1068 741 Interim
1103 695 1323 754 rescripta
1347 699 1531 740 cessant
1568 696 1614 748 a>
1642 709 1721 754 per
1753 709 1930 739 renun-

146 787 393 830 ciationem
426 783 709 841 postulantis
729 780 827 826 sive
849 793 1116 837 expressam
1139 778 1238 823 sive
1256 781 1467 824 tacitam.
1493 779 1647 823 Prouti
1670 777 1706 823 si
1730 777 1833 837 quis
1855 778 1930 823 ob-

146 872 274 912 tenta
307 865 651 924 dispensatione
684 863 931 908 dirimente
964 862 1016 906 ad
1055 860 1403 906 matrimonium
1447 874 1553 906 cum
1603 860 1706 906 Caia
1750 864 1931 906 contra-

148 950 368 1005 hendum,
405 963 498 993 non
522 947 669 992 utitur
701 947 938 1004 rescripto,
974 945 1050 989 sed
1086 958 1259 989 novam
1292 943 1687 1000 dispensationem
1730 942 1845 1001 petit
1875 943 1933 988 ab

146 1034 313 1090 imped.
351 1031 598 1076 dirimente
634 1030 982 1075 matrimonium
1032 1042 1138 1073 cum
1182 1027 1452 1087 Sempronia
1491 1041 1596 1071 cum
1642 1041 1730 1086 qua
1776 1027 1932 1071 matri-

148 1116 356 1161 monium
391 1115 643 1160 contraxit.
681 1117 860 1158 Mortua
896 1112 1164 1170 Sempronia
1199 1126 1290 1155 non
1317 1115 1465 1169 potest
1490 1110 1573 1155 nisi
1600 1124 1719 1155 nova
1753 1110 1932 1168 dispen-

147 1198 323 1243 satione
354 1196 704 1242 matrimonium
739 1195 1012 1240 contrahere
1045 1209 1151 1239 cum
1186 1195 1308 1249 Gaia,
1334 1208 1465 1239 secus
1482 1193 1518 1238 si
1542 1207 1646 1239 cum
1669 1193 1808 1238 libera
1840 1206 1932 1236 ma-

147 1282 416 1327 trimonium
453 1280 688 1326 contraxit
721 1280 751 1323 3.
791 1279 947 1332 Quoad
983 1283 1139 1323 autem
1175 1277 1576 1322 renunciationem
1614 1278 1624 1300 ⁷⁶
1666 1290 1932 1333 eoepressam

147 1366 182 1409 si
217 1365 435 1422 rescripta
469 1364 590 1408 edita
625 1364 797 1408 fuerint
834 1364 992 1407 favore
1032 1361 1228 1419 plurium
1277 1374 1577 1419 personarum
1619 1362 1676 1405 ab
1721 1361 1934 1404 omnious

149 1447 431 1493 renuntiatio
466 1446 717 1491 emittenda
754 1450 839 1500 est,
877 1444 1058 1489 etiamsi
1103 1445 1159 1488 ab
1194 1458 1286 1489 uno
1327 1445 1499 1488 suerint
1541 1444 1728 1489 obtenta
1774 1443 1812 1498 b)
1847 1456 1934 1500 per

153 1532 387 1587 Principis
421 1532 759 1575 revocationem
794 1529 892 1573 sive
934 1541 1199 1585 eaepressam
1232 1526 1564 1572 sive‘taez‘tam
1601 1527 1629 1569 ⁵.
1681 1530 1747 1570 lta
1791 1525 1933 1570 tacita

149 1614 444 1658 revocatione
493 1616 641 1657 cessat
690 1611 963 1669 rescriptum
999 1610 1200 1654 iustitiae
1251 1610 1372 1670 quod
1406 1609 1527 1654 intra
1574 1623 1752 1654 annum
1795 1607 1933 1653 iudici

150 1699 355 1756 delegato
389 1702 735 1756 praesentatum
770 1710 861 1740 non
896 1695 971 1750 sit,
1006 1694 1041 1739 si
1075 1693 1190 1738 alius
1228 1694 1413 1738 interim
1448 1692 1734 1738 contrarium
1774 1692 1933 1737 rescri-

150 1786 279 1840 ptum
303 1779 555 1824 obtinuerit
576 1784 622 1824 et
645 1783 806 1824 contra
837 1778 1036 1837 primum
1056 1777 1305 1835 exceperit.
1342 1777 1471 1830 Quod
1494 1790 1518 1821 a
1545 1776 1641 1821 iure
1666 1776 1712 1820 in
1737 1789 1933 1834 poenam

154 1863 457 1921 negligentiae
489 1868 714 1908 statutum
739 1868 808 1908 est
831 1862 846 1884 ὅ
880 1865 917 1917 e)
943 1875 1029 1919 per
1054 1867 1247 1904 mortem
1268 1860 1549 1917 postulantis
1559 1880 1574 1914 ;
1609 1859 1729 1918 quod
1753 1872 1935 1917 semper

149 1946 194 1990 in
254 1945 487 2005 rescriptis
533 1948 722 2003 ‚qrat‘e'ae
775 1946 926 1990 locum
970 1944 1138 1999 habet,
1194 1943 1240 1987 in
1292 1941 1524 2000 rescriptis
1572 1955 1683 1986 vero
1734 1943 1935 1985 iustitiae

151 2030 400 2075 videndum
450 2035 519 2075 est
559 2044 618 2074 an
662 2029 731 2073 ius
768 2029 956 2088 eiusque
999 2030 1288 2072 consectaria
1331 2040 1448 2086 quae
1493 2027 1743 2071 defunctus
1777 2025 1822 2070 vi
1868 2040 1933 2070 re·

150 2113 305 2171 scripti
353 2112 618 2172 acquisierit
660 2112 722 2157 ita
755 2112 848 2157 sint
896 2110 1150 2170 personalia
1191 2114 1241 2154 ut
1279 2124 1372 2155 non
1418 2114 1657 2154 transeant
1689 2110 1744 2154 ad
1777 2110 1934 2154 haere-

150 2195 229 2240 des
253 2197 284 2252 ἶ;
321 2197 366 2252 d)
405 2200 553 2240 morte
586 2195 874 2239 concedentis
908 2194 1127 2252 rescripta
1163 2196 1368 2238 iustitiae
1410 2192 1481 2238 vel
1519 2195 1708 2250 yratt'ae
1755 2194 1935 2249 sacien-

151 2279 240 2324 dae
272 2282 454 2324 cessant
486 2293 534 2323 re
578 2283 737 2324 tamen
785 2278 934 2322 adhuc
983 2281 1174 2333 inteqra
1208 2277 1239 2321 ⁸.
1301 2275 1474 2322 Dicitur
1510 2276 1557 2321 in
1590 2290 1697 2321 casu
1743 2291 1816 2321 res
1865 2280 1935 2322 ιἠ-

271 2469 277 2487 “
308 2470 345 2506 C.
375 2469 404 2511 1,
431 2469 452 2505 5
480 2469 513 2505 h.
542 2473 564 2507 t.
592 2470 642 2506 Cf.
672 2470 833 2506 MAcsm
861 2479 919 2515 op.
947 2478 979 2503 c.
1007 2469 1051 2504 de
1079 2479 1191 2505 rescr.
1219 2479 1254 2504 n.
1282 2470 1301 2505 7
1330 2473 1363 2505 et
1392 2479 1467 2516 seq.

270 2541 282 2558 2
309 2541 345 2577 C.
371 2541 393 2577 9
418 2542 462 2577 de
490 2540 548 2577 off.
576 2541 717 2587 deleg.,
745 2551 820 2587 reg.
849 2541 892 2577 16
921 2541 958 2577 in
986 2540 1046 2583 VI,
1084 2554 1098 2571 ι
1117 2540 1214 2577 decet
1245 2551 1452 2578 concessam
1478 2553 1498 2577 a
1525 2543 1696 2588 Principe
1729 2543 1934 2588 beneficium

156 2622 230 2648 esse
254 2622 474 2649 mansurum
494 2627 525 2648 n.

271 2682 283 2702 ³
309 2683 478 2720 SANcnnz
507 2684 587 2720 libr.
614 2684 646 2729 8,
674 2684 707 2720 d.
734 2683 790 2727 52,
818 2694 853 2720 n.
880 2685 913 2720 5.

270 2753 283 2772 δ
309 2754 394 2800 Cap.
426 2754 481 2799 12,
507 2755 551 2791 de
578 2755 642 2792 for.
670 2765 803 2801 comp„
829 2756 945 2801 regul.
972 2755 1017 2793 29
1045 2756 1082 2791 in
1107 2755 1170 2791 VI.

269 2824 282 2844 ⁸
310 2826 397 2871 Cap.
427 2826 481 2869 14,
509 2825 567 2869 24,
593 2826 639 2863 50
665 2827 702 2862 h.
729 2832 752 2864 t.

272 2896 284 2916 ⁶
311 2897 349 2934 C.
376 2897 421 2934 25
450 2898 484 2934 h.
511 2903 534 2934 t.
562 2899 767 2935 Innocentii
797 2899 858 2935 111.

273 2967 286 2987 ⁷
313 2969 463 3006 erssmn
489 2980 548 3016 op.
576 2974 611 3007 et
638 2970 660 3007 l.
687 2972 747 3007 cit.

276 3039 290 3059 ⁸
316 3040 402 3086 Gap.
428 3041 450 3077 5
477 3041 521 3077 de
552 3041 732 3087 Rescript.
763 3042 802 3078 in
827 3041 898 3086 VI;
933 3051 965 3079 c.
992 3041 1039 3078 20
1070 3042 1114 3078 de
1141 3040 1200 3078 off·
1227 3041 1370 3087 deleg.‚
1397 3051 1472 3086 reg.
1502 3041 1545 3077 16
1580 3042 1619 3077 in
1646 3041 1716 3084 Vl;
1755 3051 1785 3077 c.
1812 3040 1858 3077 56
1888 3041 1933 3078 de

157 3112 281 3156 praet».
307 3112 344 3148 in
371 3110 428 3156 6⁰3
455 3121 486 3148 c.
511 3112 533 3148 9
560 3113 605 3149 de
631 3112 693 3149 off.
718 3117 754 3148 6ι
781 3116 910 3158 potest.
938 3112 1020 3149 lud.
1044 3112 1113 3149 del.
1143 3113 1180 3148 in
1206 3111 1254 3148 6⁰.

1929 0 1946 7 ”
1955 0 2006 19 ’κέ
2020 0 2176 23 “*”ἑ“ϋ“’ῧ“
