2176 3386
0 246 3 247 ’
21 244 35 274 ⁶.

1740 0 1766 7 w-

533 159 662 187 Lnn-:n
691 159 715 187 1.
747 158 803 186 ΒΕ
834 157 971 186 nenos
1001 156 1238 185 ficeiisssmss
1267 155 1592 185 SPmtTUALlBUS
1882 148 1953 187 111

175 272 224 314 R.
264 270 392 313 Pont.
429 271 713 312 reservatam
747 280 783 310 a1
805 264 1048 311 collatione
1080 264 1293 309 ordinum
1329 263 1425 322 ipso
1459 263 1557 308 iure
1593 263 1840 310 incurrunt
1876 265 1955 310 ali·

167 364 306 411 quem
341 349 608 396 ordinantes
640 349 810 409 absque
843 347 978 392 titulo
1010 346 1219 393 beneficii
1253 348 1324 392 vel
1359 346 1624 405 patrimonii
1660 361 1765 392 cum
1801 353 1955 406 pacto,

170 437 221 478 ut
252 432 489 478 ordinatus
521 445 614 477 non
650 436 777 491 petat
808 431 866 475 ab
899 430 1005 489 ipsis
1036 430 1256 475 alimenta
1284 430 1312 474 ¹.

904 626 1134 655 ARTICULUS
1161 626 1215 654 tv.

642 733 707 775 De
740 731 914 787 leyt’bus
946 732 1090 787 ipsius
1127 730 1468 775 ordinationis.

285 846 386 891 855.
424 851 578 904 Leges,
613 859 729 905 quae
768 844 1105 890 ordinationem
1146 844 1289 901 ipsam
1339 844 1592 904 respiciunt
1636 851 1768 891 sunt:
1825 848 1862 902 l)
1899 852 1956 891 ut

164 928 391 974 ordinatio
432 929 511 974 liat
542 929 745 986 legitimo
783 928 968 985 ordine;
1019 930 1060 984 2)
1098 928 1302 986 legitimo
1344 928 1612 985 intervallo;
1665 931 1706 986 5)
1745 930 1953 988 legitimo

164 1015 397 1070 tempore;
449 1014 491 1067 4)
528 1011 732 1070 legitimo
766 1012 880 1056 loco.

281 1095 383 1140 856.
426 1097 461 1140 l.
497 1095 735 1140 Ordinatio
768 1095 902 1140 debet
927 1095 1020 1140 lieri
1046 1095 1248 1152 legitimo
1270 1095 1429 1140 ordine
1462 1100 1508 1140 et
1539 1111 1633 1142 non
1660 1111 1737 1156 per
1759 1098 1950 1144 saltum.

282 1180 384 1225 857.
421 1181 462 1225 2.
501 1180 642 1224 Debet
673 1179 902 1225 ordinatio
935 1179 1030 1224 fieri
1064 1179 1268 1237 legitimo
1302 1179 1570 1235 intervallo,
1607 1181 1635 1225 i.
1674 1195 1713 1226 e.
1751 1183 1948 1228 servatis

162 1265 434 1308 interstitiis.
472 1268 705 1317 Quantum
742 1276 840 1308 esse
873 1263 1036 1307 debeat
1076 1262 1376 1308 interstitium
1421 1264 1544 1308 inter
1589 1264 1726 1309 unius
1759 1270 1805 1310 et
1837 1267 1953 1311 alte·

163 1346 256 1391 rius
290 1347 478 1392 minoris
510 1347 683 1392 ordinis
716 1347 1072 1405 susceptionem,
1111 1347 1233 1391 nulla
1257 1348 1354 1404 lege
1387 1351 1455 1392 est
1490 1347 1759 1405 defi11itun13
1796 1349 1853 1393 ab
1880 1350 1949 1394 ul-

161 1430 275 1475 timo
309 1431 538 1476 minorum
590 1430 802 1475 ordinum
837 1430 974 1488 gradu
1010 1430 1064 1474 ad
1098 1429 1479 1475 subdiaconatum
1528 1445 1679 1476 annus
1711 1432 1846 1477 debet
1878 1432 1950 1477 in—

161 1514 424 1571 tercedere3
477 1514 688 1573 idemque
723 1514 942 1573 temporis
973 1512 1171 1572 spatium
1222 1514 1343 1558 inter
1390 1514 1592 1571 singulos
1634 1515 1818 1560 ordines
1852 1530 1946 1561 ma-

162 1596 294 1642 iores.
330 1596 415 1650 Qui
449 1610 600 1642 annus
633 1611 723 1642 non
762 1597 1000 1652 naturalis,
1036 1599 1112 1641 sed
1146 1596 1481 1641 ecclesiasticus
1514 1611 1612 1662 esse
1647 1598 1782 1643 debet
1805 1597 1836 1643 ².

277 1680 377 1725 858.
420 1680 635 1740 Episcopo
669 1681 891 1739 competit
924 1681 1117 1725 facultas
1149 1680 1442 1738 dispensandi
1491 1682 1681 1726 clericos
1718 1685 1813 1726 tam
1848 1696 1947 1727 sae·

159 1765 351 1820 culareS,
386 1778 524 1824 quam
548 1761 789 1821 ‘regulares
825 1765 928 1822 (nisi
962 1769 1124 1823 agatur
1154 1765 1209 1810 de
1245 1764 1476 1820 Instituto,
1517 1765 1588 1810 cui
1623 1781 1680 1810 ex
1705 1765 1949 1825 privilegio

158 1861 427 1892 concessum
461 1852 528 1892 est
561 1848 762 1893 ordinari
786 1848 956 1907 absque
990 1848 1266 1905 interstitiis,
1292 1853 1404 1892 tunc
1428 1849 1553 1894 enim
1590 1849 1818 1907 Superiori
1844 1864 1949 1908 per·

157 1930 277 1974 tinet
307 1931 601 1989 dispensatio)
628 1946 652 1976 a
677 1932 773 1990 lege
806 1932 1159 1977 interstitiorum
1184 1932 1216 1987 ⁸,
1252 1937 1300 1977 at
1325 1932 1516 1977 minime
1550 1934 1760 1978 conferre
1794 1938 1943 1992 potest

159 2013 360 2058 minores
393 2014 573 2059 ordines
607 2019 653 2059 et
685 2015 1084 2071 subdiaconatum,
1112 2017 1184 2060 vel
1217 2016 1329 2061 duos
1362 2030 1514 2061 sacros
1547 2017 1732 2062 ordines
1754 2032 1847 2062 uno
1870 2018 1947 2063 die

157 2100 235 2140 aut
267 2097 442 2142 duobus
465 2097 698 2143 continuis
720 2098 749 2141 ⁴.
788 2103 911 2143 Haec
945 2099 1137 2143 facultas
1170 2098 1391 2157 competit
1424 2099 1562 2144 etiam
1603 2100 1781 2146 Vicario
1814 2101 1947 2159 Capi-

157 2179 317 2236 tulari,
353 2181 505 2236 elapso
547 2194 671 2225 anno
710 2181 828 2226 sedis
861 2181 1093 2237 vacantis,
1129 2186 1175 2226 et
1206 2196 1311 2227 cum
1354 2183 1544 2228 arctatis
1580 2183 1698 2228 infra
1733 2198 1940 2240 annum,

276 2381 282 2399 ¹
312 2381 434 2417 Const.
462 2381 529 2428 Ap.
557 2382 664 2419 Sedis.

274 2452 286 2470 ²
314 2452 347 2489 S.
376 2451 412 2489 C.
439 2452 549 2490 Conc.
578 2453 614 2489 in
645 2454 774 2490 Palest.
801 2453 823 2490 5
850 2453 937 2490 febr.
967 2454 1067 2491 1593.

273 2523 285 2542 ³
312 2524 446 2560 Bened.
466 2525 565 2569 XIII,
591 2525 650 2562 die
677 2525 723 2561 26
749 2526 870 2562 martii
900 2525 1001 2568 1725,
1029 2526 1215 2573 mandavit
1246 2531 1283 2563 ut
1310 2527 1347 2563 in
1373 2532 1560 2573 posterum
1591 2530 1627 2565 in
1654 2530 1819 2575 qualibet
1838 2531 1940 2567 ordi·

153 2596 315 2638 natione,
343 2596 461 2642 prima
486 2601 637 2633 tonsura
664 2597 854 2634 dumtaxat
891 2597 1030 2643 absque
1057 2597 1131 2634 ullo
1158 2598 1230 2634 alio
1259 2598 1408 2642 ordine,
1436 2605 1508 2635 tam
1538 2600 1790 2637 saecularibus
1825 2610 1938 2646 quam

153 2666 395 2712 regularibus,
421 2667 551 2704 eodem
578 2667 636 2704 die
665 2668 819 2704 conferri
847 2668 1006 2706 deberet.

270 2736 284 2755 ¹·
311 2737 353 2773 ln
379 2737 499 2774 Form.
526 2738 541 2774 1
568 2738 784 2775 facultatum
810 2749 904 2784 quae
931 2740 1065 2776 dantur
1090 2749 1111 2776 a
1137 2740 1172 2776 S,
1198 2740 1330 2786 Congr.
1351 2741 1459 2787 Prop.
1479 2742 1558 2778 Fid.
1586 2743 1799 2780 conceditur
1824 2743 1936 2780 etiam

151 2806 214 2843 illa
240 2808 432 2845 ordinandi
459 2819 530 2845 non
556 2811 709 2846 servatis
733 2811 951 2847 interstitiis.
990 2812 1102 2848 Porro
1129 2822 1214 2849 cum
1256 2822 1365 2848 omne
1404 2813 1644 2859 privilegium
1676 2814 1725 2850 ita
1750 2814 1798 2851 sit
1824 2815 1943 2851 inter-

153 2879 370 2924 pretandum
400 2883 439 2916 ut
465 2880 698 2926 privilegiato
723 2890 797 2917 non
824 2882 869 2918 sit
889 2882 1027 2927 inutile,
1046 2887 1080 2919 et
1099 2883 1251 2920 facultas
1278 2883 1370 2920 haec
1395 2885 1615 2930 ceteroquin
1638 2885 1834 2932 Episcopis
1862 2886 1934 2922 iam

150 2958 197 2985 ex
223 2949 435 2986 Tridentino
462 2954 657 2996 competat,
686 2951 772 2987 hinc
799 2951 952 2989 facultas
980 2953 1172 2990 Formulae
1199 2963 1243 2989 eo
1270 2963 1383 2991 sensu
1408 2955 1627 3001 accipienda
1655 2960 1731 2998 est,
1758 2956 1857 3002 quod
1882 2956 1941 2993 le—

151 3021 232 3058 vior
256 3031 369 3059 causa
395 3023 441 3059 ad
467 3023 547 3059 eius
573 3033 682 3060 usum
710 3024 916 3069 requiratur
942 3034 1054 3071 quam
1079 3025 1286 3062 Concilium
1314 3025 1410 3062 Trid.
1436 3026 1575 3072 exigat.

783 0 1113 25 vau-rf-w-zwwnwvz-
1123 0 1163 22 ‘st‘
1180 0 1206 36 χ
1222 0 1307 23 Ἄνυτε
1334 0 1435 23 ‘cv-‘aff
1464 0 1571 21 ”vu
1596 0 1606 9 Ἰ
1674 0 1707 14 *v
1735 12 1738 14 v
1767 0 1843 21 -ε
1890 0 1972 21 ‘we-
1990 0 2094 20 ww·-
