2176 3386
240 173 299 212 64
921 186 1029 215 PARS
1059 187 1099 215 n.
1133 187 1189 215 DE
1220 188 1358 216 REBUS

246 290 527 347 postulante,
563 290 748 335 feminis
779 296 1122 337 sacramentum
1156 292 1506 338 administratur
1538 293 1582 339 in
1608 308 1768 340 earum
1800 295 2029 352 domibus,

244 370 326 415 fiat
360 371 402 415 id
436 377 593 430 aperta
627 372 823 418 cubiculi
848 373 984 438 ianua
1009 379 1055 418 et
1079 374 1320 420 Sacerdote
1353 376 1417 420 sic
1451 376 1719 441 constituto.
1746 380 1797 421 ut
1817 379 2032 436 quamxis

248 454 445 501 minime
477 457 641 512 audiri,
679 458 823 502 videri
858 462 1014 503 tamen
1052 459 1190 517 possit
1215 459 1244 503 ¹.

367 538 469 582 725.
512 543 592 583 Pro
627 539 921 584 missionibus
954 540 1263 598 regularium,
1299 542 1458 586 eadem
1495 544 1535 586 S.
1573 547 1734 600 Congr.
1771 543 1843 587 die
1876 545 1931 589 26
1966 543 2031 588 iu—

247 620 311 665 nii
350 622 462 666 1780
485 623 499 646 ²
534 623 891 667 instructionem
926 623 1182 678 emanavit,
1217 638 1304 683 qua
1340 625 1666 682 praescribitur
1710 645 1729 666 u
1759 626 1949 685 hospitia
1986 630 2033 672 et

246 704 486 760 stationes,
513 718 592 749 seu
626 706 784 750 domos
805 705 1029 764 quaslibet
1052 706 1382 766 cuiuscumque
1413 707 1614 764 Ordinis,
1639 708 2028 766 Congregationis,

244 793 330 832 aut
362 789 563 832 instituti
602 788 833 846 Regularis
868 789 910 833 in
946 789 1056 835 locis
1085 790 1353 836 missionum
1388 792 1663 851 ubicumque
1687 791 1955 848 existentes,
1982 793 2027 837 in

245 870 415 929 quibus
448 871 537 915 duo
575 871 643 915 vel
679 876 771 916 tres
806 871 1079 917 Missionarii
1114 873 1241 917 latini
1279 873 1391 918 ritus
1423 879 1773 919 commorantur
1795 889 1872 920 seu
1907 891 2030 921 coin-

252 954 420 998 morari
453 955 714 1010 contigerit,
751 956 988 1000 clausurae
1012 956 1184 1014 legibus
1216 957 1395 1012 subiici,
1431 958 1493 1002 ita
1528 963 1577 1002 ut
1611 959 1786 1003 nemini
1823 960 2030 1018 Regulari

246 1037 524 1097 cuicumque
557 1038 747 1083 omnino
783 1039 932 1094 liceat,
970 1040 1107 1084 ullam
1144 1041 1362 1085 feminam
1398 1042 1518 1086 intra
1554 1041 1731 1100 privata
1765 1044 2029 1088 eorumdem

249 1121 552 1179 hospitiorum
577 1136 652 1166 seu
688 1123 939 1167 stationum
965 1123 1190 1179 cubicula,
1219 1124 1499 1177 mansiones,
1525 1139 1730 1170 recessus
1763 1126 1846 1170 sub
1868 1126 2032 1185 quovis

248 1204 401 1260 titulo,
437 1205 585 1263 specie
619 1210 698 1250 aut
733 1210 973 1264 praetextu
1010 1207 1299 1253 introducere
1335 1210 1569 1268 multoque
1605 1210 1757 1254 minus
1801 1212 2031 1255 sanctissi-

253 1302 378 1332 mum
416 1289 727 1347 poenitentiae
751 1295 1094 1335 sacramentum
1122 1292 1286 1336 ibidem
1322 1292 1429 1350 ipsis
1451 1292 1789 1349 administrare,
1818 1309 1901 1339 nec
1936 1309 2031 1339 mu-

249 1370 435 1416 lieribus
468 1373 551 1416 snb
583 1387 980 1433 quarumcumque
1030 1375 1318 1420 licentiarum
1355 1378 1572 1431 obtentu,
1611 1377 1839 1433 praedicta
1887 1378 2031 1435 hospi-

250 1453 421 1497 tiorum
460 1454 635 1512 prix-ata
669 1456 895 1512 cubicula,
932 1458 1211 1514 mansiones,
1250 1472 1452 1503 recessus
1487 1459 1676 1517 ingredi,
1711 1460 1795 1504 sub
1828 1461 1984 1517 poenis
2007 1475 2031 1505 a

246 1537 391 1583 sacris
424 1540 679 1584 canonibus
712 1554 765 1584 ac.
797 1542 1205 1599 supramemoratis
1230 1542 1502 1586 Pontificum
1526 1543 1933 1588 constitutionibus
1967 1544 2031 1588 in-

250 1621 387 1666 flictis
421 1623 641 1668 adversus
675 1625 912 1668 clausurae
950 1625 1207 1670 violatores
1246 1626 1302 1670 Ut
1334 1630 1489 1670 autem
1515 1626 1566 1671 ad
1593 1627 1858 1671 eorumdem
1884 1627 2031 1685 hospi-

252 1706 421 1750 tiorum
472 1706 654 1751 interna
703 1708 929 1764 oratoria,
966 1709 1179 1754 eeclesias
1213 1723 1265 1754 ac
1299 1711 1422 1765 loca,
1460 1711 1533 1753 ubi
1568 1723 1693 1754 sacra
1737 1714 2031 1768 peraguntur,

252 1789 521 1834 mulieribus
553 1805 732 1850 quoque
768 1797 919 1849 pateat
952 1806 1178 1848 accessus,
1215 1798 1265 1837 ut
1297 1798 1589 1838 sacrosancto
1625 1794 1787 1839 missae
1811 1795 2033 1839 sacrificio

248 1871 442 1932 aliisque
492 1874 814 1918 ecclesiasticis
863 1874 1176 1920 functionibus
1224 1876 1465 1931 intersint,
1507 1880 1643 1935 atque
1691 1882 2033 1922 sacramentum

252 1953 566 2011 poenitentiae
608 1955 884 2014 suscipiant,
921 1956 1080 2001 eadem
1115 1959 1155 2001 S.
1194 1961 1354 2016 Congr.
1392 1959 1595 2003 declarat
1630 1973 1683 2003 ac
1720 1960 1926 2005 decernit
1958 1961 2033 2005 ad-

254 2035 374 2080 mitti
424 2051 553 2095 posse
604 2039 817 2084 mulieres
858 2039 902 2084 in
940 2040 1132 2085 internis
1178 2041 1413 2096 ecclesiiS,
1449 2042 1662 2100 cappellis
1704 2047 1783 2087 aut
1825 2043 2035 2088 oratoriis

254 2118 445 2176 publicis
479 2121 781 2178 hospitiorum
832 2122 1202 2180 praedictorum,
1237 2124 1293 2168 ad
1326 2138 1442 2183 quae
1477 2130 1630 2169 tamen
1678 2130 1803 2170 recto
1849 2126 2034 2170 tramite

248 2202 492 2258 accedant,
530 2217 615 2248 nec
649 2204 693 2248 in
728 2206 937 2250 cubicula
970 2211 1050 2251 aut
1085 2206 1286 2265 privatas
1321 2208 1583 2252 mansiones
1605 2209 1852 2254 deflectant
1878 2214 1924 2253 et
1959 2223 2036 2267 per

253 2287 462 2331 eamdem
502 2303 580 2346 per
612 2302 748 2347 quam
784 2296 1080 2334 accesserunt
1112 2291 1236 2335 viam
1272 2296 1582 2336 revertantur.
1630 2292 1758 2336 lubet
1801 2297 2034 2349 praeterea

254 2374 301 2414 et
336 2371 557 2429 praecipit
590 2373 630 2416 S.
669 2375 830 2430 Congr.
869 2378 919 2415 ut
955 2373 1197 2417 mulierum
1222 2375 1535 2419 confessiones
1558 2375 1706 2432 palam
1731 2375 1775 2418 in
1812 2374 2031 2430 ecclesiis,

254 2455 476 2512 Cappellis
508 2460 589 2499 aut
625 2456 813 2514 publicis
855 2456 1065 2500 oratoriis
1096 2457 1170 2500 ubi
1206 2457 1398 2513 adsunt,
1436 2458 1509 2501 ubi
1544 2472 1654 2503 vero
1698 2459 2032 2515 desiderantur,

254 2537 303 2581 in
338 2537 427 2582 alio
451 2540 549 2583 loco
576 2539 748 2596 patenti
772 2553 825 2583 ac
850 2539 1008 2598 pervio
1031 2544 1076 2584 et
1099 2542 1263 2585 ianuae
1298 2541 1477 2599 hospitii
1503 2545 1730 2600 quantum
1760 2542 1855 2587 fieri
1890 2548 2038 2601 potest

258 2620 481 2665 viciniore
515 2635 539 2665 a
576 2621 843 2679 respectix‘is
875 2622 1151 2678 Ordinariis,
1188 2628 1233 2667 et
1266 2624 1335 2668 his
1377 2623 1726 2680 deficientibus,
1761 2639 1785 2669 a
1822 2625 2038 2669 localibus

377 2826 386 2845 ¹
416 2827 451 2864 S.
478 2828 611 2872 congr.
639 2828 742 2873 Supr.
770 2828 876 2874 Inqu.
903 2829 961 2865 die
981 2830 1002 2865 5
1022 2838 1105 2865 nov.
1135 2829 1235 2866 1601.
1264 2850 1309 2855 -
1337 2830 1378 2866 11
1407 2830 1510 2876 april.
1540 2830 1643 2867 1619.
1682 2850 1725 2855 -
1759 2829 1805 2866 25
1833 2831 1904 2867 ian.
1930 2836 1964 2886 et
1994 2831 2036 2868 12

253 2898 343 2935 febr.
373 2899 474 2935 1620.
502 2918 546 2924 -—
573 2899 619 2936 50
644 2909 729 2936 now
759 2900 859 2936 1625.
888 2900 922 2937 S.
949 2900 1081 2946 Congr.
1109 2901 1186 2938 Fid.
1211 2903 1318 2948 Prop.
1349 2902 1391 2938 12
1410 2902 1502 2938 iunii
1531 2902 1633 2939 1764.
1663 2902 1720 2939 Ad
1737 2904 1829 2940 haec
1847 2904 1882 2940 S.
1897 2903 2035 2950 Congr.

256 2971 335 3007 Fid.
361 2971 469 3017 Prop.
497 2971 556 3008 die
585 2971 626 3007 17
653 2981 735 3017 aug.
766 2971 855 3008 1859
883 2972 990 3009 iussit
1015 2982 1077 3009 eas
1104 2973 1254 3010 nonnisi
1282 2977 1395 3010 tectas
1423 2973 1607 3010 velamine
1633 2974 1838 3011 audiendas
1864 2985 1957 3012 esse.

377 3041 390 3060 ³
418 3042 489 3078 Cfr.
516 3042 664 3079 Collect.
691 3052 727 3078 n.
754 3042 834 3079 960.
