2176 3386
781 177 910 206 Lmen
938 177 966 206 1.
999 177 1055 205 DE
1085 176 1280 206 CLEmcls
1871 166 1922 206 97

140 287 230 331 late
261 285 317 329 ad
349 284 600 329 subiectum
634 297 799 342 nempe
832 283 888 328 ad
921 296 999 328 eos
1032 296 1111 341 pro
1141 282 1307 342 quibus
1338 282 1558 341 rescripta
1579 284 1809 339 feruntur,
1834 282 1923 328 alia

139 370 247 412 sunt
269 367 532 424 yeneralia,
558 380 674 426 quae
700 380 778 424 pro
800 365 1014 411 omnibus
1037 365 1230 410 subditis
1252 366 1466 410 feruntur
1497 365 1554 410 ad
1572 365 1723 410 instar
1750 365 1920 410 consti·-

140 449 333 494 tutionis
360 450 388 505 ¹,
418 439 508 493 alia
527 449 750 505 specialia.
772 462 889 508 quae
912 448 1083 492 dantur
1106 462 1184 505 pro
1207 447 1398 506 singulis
1419 448 1612 493 subditis
1635 448 1666 492 ².
1703 449 1742 505 b)
1767 449 1923 494 Relate

140 533 196 577 ad
219 545 377 577 eorum
398 531 628 577 obiectum
654 531 891 590 rescripta,
912 532 999 575 alia
1018 534 1208 588 syrmiae
1225 531 1443 575 dicuntur
1459 530 1623 590 quibus
1645 537 1725 575 aut
1744 536 1925 590 praeter

140 620 219 659 aut
251 619 411 659 contra
446 614 515 659 ius
547 615 691 672 gratia
725 615 1012 669 conceditur,
1049 614 1136 658 alia
1173 616 1375 658 iustiliae
1406 613 1571 673 quibus
1613 616 1686 659 vel
1735 613 1806 658 ius
1843 615 1921 659 du-

140 697 266 742 bium
300 697 572 756 explicatur,
608 711 741 743 casus
773 697 1021 753 dirimitur,
1048 698 1119 742 vel
1145 697 1283 742 iudex
1317 697 1554 755 delegatur
1575 701 1664 742 etc.
1698 702 1820 742 Haec
1852 711 1921 742 re-

139 779 305 838 scripta
339 780 558 824 dicuntur
590 780 730 825 etiam
765 781 820 825 ad
853 781 969 825 lites.
1008 781 1140 826 Hisce
1182 779 1392 824 nonnulli
1417 780 1636 838 rescripta
1671 780 1818 825 mixta
1847 781 1922 826 ad-

141 864 272 917 dunt,
307 862 472 922 quibus
506 878 671 921 nempe
693 869 739 908 et
761 863 906 922 gratia
931 863 1202 909 conceditur
1233 868 1279 907 et
1302 862 1504 907 iustitiae
1531 862 1922 908 administrationi

142 946 412 992 consulitur.
445 949 483 1003 c)
524 948 678 991 Relate
711 947 767 990 ad
792 949 862 990 ias
884 959 1129 990 commane
1147 946 1366 1004 rescripta
1390 950 1499 989 sunt
1522 948 1760 1001 innotatus,
1787 960 1923 1003 prae-

140 1035 209 1072 ter
241 1031 326 1083 ias,
363 1034 441 1073 aut
473 1036 637 1073 contra
675 1033 758 1073 ms.
798 1034 930 1074 quta
966 1029 1035 1073 ius
1068 1029 1287 1087 rescripta
1322 1028 1540 1072 dicuntur
1562 1042 1679 1087 quae
1707 1029 1920 1074 Pontifex

140 1112 225 1155 iuri
259 1112 493 1156 communi
534 1112 836 1156 conformiter
867 1112 1095 1156 concedit:
1144 1117 1326 1171 praeter
1370 1111 1463 1166 ius,
1499 1111 1665 1170 quibus
1707 1111 1920 1156 Pontifex

135 1209 253 1255 quae
288 1197 384 1239 iure
419 1209 510 1240 non
545 1202 653 1239 sunt
684 1195 834 1239 decisa
868 1195 1096 1251 concedit,
1133 1194 1390 1239 contraius
1412 1194 1577 1253 quibus
1607 1195 1816 1238 Pontifex
1841 1195 1921 1239 ali-

138 1278 245 1338 quid
278 1284 437 1323 contra
472 1292 768 1324 communem
805 1279 915 1322 iuris
948 1279 1297 1337 dispositionem
1332 1278 1443 1323 facit
1477 1277 1543 1321 uti
1573 1277 1811 1336 privilegia
1835 1279 1920 1322 lar-

141 1363 304 1419 giendo
337 1368 423 1407 etc.

578 1504 614 1542 c)
644 1521 690 1523 —
719 1500 778 1535 De
804 1500 1092 1546 1‘es(·1·ipto1·11111
1119 1499 1295 1535 subit’clo
1324 1499 1478 1536 idoneo.

264 1612 359 1656 150.
396 1617 568 1656 Omnes
602 1612 754 1656 fideles
789 1612 1007 1670 rescripta
1041 1612 1249 1656 obtinere
1275 1617 1464 1669 possunt
1486 1611 1563 1670 qui
1594 1624 1785 1669 capaces
1813 1615 1921 1655 sunt

139 1693 307 1738 iurium
334 1694 377 1738 in
405 1695 601 1738 Ecclesia
625 1695 806 1739 clu-isti.
832 1702 981 1749 Quare
1006 1695 1303 1753 excipiuntur
1330 1695 1724 1739 excommunicati
1750 1697 1923 1739 maiori

141 1780 619 1822 eoeconzmcmicatione
653 1779 665 1800 ³
712 1779 810 1822 sive
847 1778 1022 1822 vitandi
1069 1777 1162 1823 sint
1194 1778 1292 1822 sive
1327 1791 1444 1833 non,
1480 1777 1586 1836 quia
1621 1777 1851 1822 Martinus
1884 1781 1919 1821 V

142 1862 300 1906 favore
336 1860 537 1905 fidelium
571 1861 691 1905 hanc
724 1861 1069 1906 distinctionem
1106 1860 1304 1905 induxit.
1344 1865 1393 1905 In
1432 1860 1629 1905 Ecclesia
1653 1861 1779 1905 eniin
1814 1860 1920 1903 iuri-

143 1945 226 1989 bus
260 1949 422 1988 carent
454 1958 507 1988 ac
532 1944 733 1989 Ecclesia
766 1945 945 1988 lidelem
970 1944 1178 1988 censuris
1196 1943 1426 1988 irretitum
1449 1958 1528 2002 per
1551 1957 1804 2001 poenarum
1827 1956 1921 1986 me-

141 2031 241 2070 tum
274 2040 298 2070 a
334 2026 408 2070 via
442 2026 711 2084 perditionis
745 2022 962 2071 reducere
995 2031 1191 2071 conatur
1224 2026 1237 2049 '⁴

1248 2062 1255 2070 .
1309 2027 1617 2080 Quamobrem
1652 2026 1808 2084 praxis
1841 2040 1921 2071 seu

141 2109 287 2167 stylus
319 2110 514 2154 forensis
547 2114 616 2154 est
649 2115 699 2153 ut
733 2110 778 2153 in
817 2110 1046 2168 rescriptis
1082 2114 1131 2154 R.
1173 2109 1401 2154 pontificis
1444 2110 1669 2155 absolutio
1707 2125 1733 2155 a
1766 2125 1923 2156 censu-

142 2192 202 2236 ris
236 2197 561 2250 praeponatur,
598 2207 651 2237 eo
684 2193 775 2237 line
819 2194 1141 2238 tantummodo
1183 2199 1233 2237 ut
1267 2194 1541 2251 rescriptum
1576 2194 1809 2238 l'ontilicis
1843 2209 1920 2239 va-

138 2276 244 2319 leat.
281 2282 405 2329 Quae
439 2275 662 2320 absolutio
696 2290 789 2320 non
815 2275 937 2320 valet
970 2276 1005 2319 si
1035 2281 1307 2321 censuratus
1330 2291 1410 2335 per
1431 2291 1606 2321 annum
1643 2278 1919 2322 continuum

139 2360 186 2403 in
220 2359 427 2403 censuris
460 2358 738 2403 insorduerit
772 2360 803 2403 ⁵.
843 2361 1059 2404 Attamen
1096 2360 1223 2404 iuxta
1264 2360 1546 2419 aequitatem
1589 2361 1664 2405 lex
1707 2361 1920 2405 ecclesia·

259 2530 267 2548 ¹
297 2531 336 2566 L.
363 2530 436 2573 fin„
463 2534 476 2570 ἓ
507 2531 534 2572 1,
562 2530 649 2566 Cod.
676 2531 719 2566 de
748 2531 817 2576 leg.

259 2601 271 2618 ⁴²
298 2602 335 2636 L.
363 2601 383 2636 2
410 2602 550 2637 eodem.

259 2672 271 2689 ³
298 2672 483 2709 Hodierna
502 2673 699 2719 disciplina
718 2684 799 2710 raro
821 2675 971 2712 infertur
998 2676 1034 2711 in
1053 2676 1155 2721 praxi
1175 2677 1510 2713 excommunicatio
1539 2677 1659 2712 minor
1686 2686 1759 2722 qua
1785 2687 1918 2722 nempe

141 2743 251 2779 homo
279 2743 485 2788 baptizatus
512 2746 677 2790 privatur
706 2746 825 2781 solum
855 2746 1133 2792 participatione
1161 2748 1495 2784 sacramentorum.
1523 2748 1573 2784 Cf.
1602 2748 1715 2783 San
1746 2748 1916 2792 praelect.

143 2815 210 2850 iur.
239 2823 318 2850 can.
346 2814 366 2851 l.
394 2815 426 2857 5,
455 2820 476 2851 t.
505 2816 559 2859 59,
588 2826 623 2852 n.
650 2816 706 2852 52.

260 2885 274 2905 ¹*
299 2887 336 2922 C..
366 2887 395 2929 1,
424 2888 458 2922 b.
489 2891 510 2923 t.
540 2889 576 2923 in
603 2888 657 2925 P.⁰
685 2889 735 2925 Cf.
763 2890 877 2925 SAN'ri
906 2890 975 2926 hoc
1002 2890 1098 2926 loco.

260 2957 272 2976 ¹⁵
300 2958 468 3003 RlexNTi,
496 2960 637 2995 comm.
677 2961 722 2997 ad
762 2961 849 3006 Reg.
882 2961 1039 2998 Cancell.
1077 2963 1206 3007 Apost.
1235 2968 1320 2998 tom.
1348 2962 1409 3004 IV,
1445 2972 1478 3007 p.
1508 2961 1575 2998 150
1601 2962 1685 2998 edit.
1724 2963 1826 2997 Rom.
1856 2962 1916 2998 ubi

142 3029 218 3074 agit
245 3029 288 3064 de
315 3030 444 3075 regula
469 3031 621 3082 LXVII,

265 3102 575 3135 liram-socnam.
1775 3106 1791 3135 7
