2176 3386
254 179 308 219 26
899 191 1007 220 PARS
1038 191 1060 218 1.
1098 191 1153 218 DE
1182 190 1394 220 PERsole

258 303 412 344 Patres
446 299 765 355 praelaudatae
799 301 839 342 S.
878 297 1252 357 congregationis
1269 300 1315 344 in
1336 301 1623 358 generalibus
1645 302 1845 348 comitiis
1866 296 2033 349 habitis

254 381 327 427 die
361 383 409 427 21
449 386 544 426 Ian.
582 382 716 426 huius
747 382 857 426 anni
892 382 1083 439 diligens
1117 382 1463 438 responsionum
1488 398 1685 429 examen
1711 385 2028 443 instituerunt,

258 466 475 526 pluraque
499 466 543 510 in
579 466 643 510 eis
665 465 896 523 sapienter
927 465 1048 510 dicta
1082 471 1220 525 atque
1251 467 1306 511 ad
1331 467 1562 512 intentum
1589 468 1726 513 linem
1753 483 1844 514 non
1870 484 2030 528 parum

256 548 382 593 utilia
418 549 716 594 invenerunt.
739 549 925 602 'Quibus
968 550 1183 594 omnibus
1227 555 1405 595 mature
1456 551 1715 610 perpensis,
1751 558 2032 597 censuerunt

252 631 437 691 quidem
472 633 591 677 haud
628 633 931 677 recedendum
956 646 1053 677 esse
1075 647 1101 677 a
1129 633 1328 679 Decretis
1348 647 1483 692 supra
1506 635 1660 679 relatis
1681 635 1859 680 dierum
1887 637 1939 680 14
1963 640 2029 679 Iu-

256 715 318 759 nii
348 717 459 760 1854
483 731 568 761 nec
593 731 683 760 non
723 717 775 759 10
801 718 911 774 Aug.
945 716 1057 761 1850
1079 731 1132 761 ac
1158 716 1482 775 posterioribus
1513 718 1913 773 declarationibus,
1938 720 2034 777 qui-

253 799 336 843 bus
374 799 532 857 vigens
569 814 647 857 per
673 799 932 843 Americam
959 800 1237 844 electionum
1262 805 1465 857 systema
1500 800 1730 856 innititur,
1760 815 1922 845 verum
1945 800 2032 845 illis

252 897 368 942 quae
402 887 660 942 sequuntur
692 883 948 927 adiicienda
986 888 1209 941 putarunt
1241 889 1378 942 atque
1411 885 1468 928 ab
1490 884 1703 929 omnibus
1725 884 1779 928 ad
1803 896 1916 943 quos
1937 897 2031 941 spe-

250 970 348 1011 ctat
372 969 411 1011 S.
440 966 539 1011 Scdi
566 981 818 1024 proponere
842 966 965 1010 viros
987 966 1318 1011 ecclesiasticos
1343 982 1420 1024 pro
1447 967 1718 1012 vacantibus
1742 966 2031 1011 Dioecesibus

262 1051 615 1096 Foederatorum
652 1052 881 1104 Statuum,
917 1051 1074 1094 stricte
1106 1051 1333 1096 servanda
1369 1053 1662 1098 mandarunt.

374 1136 410 1178 l.
449 1138 620 1179 Omnes
653 1149 705 1179 ac
739 1134 903 1191 singuli
949 1136 1301 1181 Foederatorum
1346 1140 1556 1182 Statuum
1610 1139 1847 1183 Antistites
1894 1140 2030 1185 tertio

247 1233 429 1278 qnoque
464 1233 587 1263 anno
623 1224 719 1263 tum
759 1219 1109 1277 Metropolitano
1138 1220 1402 1277 provinciae
1435 1234 1559 1276 suae,
1589 1226 1683 1265 tuni
1710 1225 1750 1265 S.
1778 1225 2027 1280 Congrega-

250 1303 364 1346 tioni
399 1303 453 1346 de
490 1307 617 1359 Prop.
667 1303 771 1347 Fide
814 1304 1003 1348 nomina
1046 1304 1336 1348 sacerdotum
1380 1304 1680 1360 exhibebunt,
1725 1319 1837 1363 quos
1869 1304 2029 1363 dignos

247 1391 386 1445 atque
422 1387 606 1431 idoneos
640 1387 694 1430 ad
730 1399 898 1430 munus
939 1386 1194 1444 episcopale
1236 1387 1497 1431 obeundum
1542 1387 1928 1432 existimaverint.
1982 1388 2027 1432 Id

251 1483 361 1514 vero
384 1470 689 1514 secretissime
718 1469 1028 1527 praestabunt,
1057 1485 1113 1514 ne
1139 1472 1255 1514 forte
1279 1470 1535 1528 cuiuspiam
1560 1470 1750 1515 ambitio
1781 1471 2023 1516 excitetur.

369 1554 408 1597 Ξ.
451 1558 497 1598 ln
534 1553 706 1597 notulis
740 1552 963 1597 eiusmodi
998 1553 1296 1598 conficiendis
1331 1554 1534 1598 maxima
1570 1569 1647 1612 pro
1684 1554 1855 1598 viribus
1896 1559 2026 1599 uten-

249 1640 324 1680 tur
356 1651 482 1693 cura,
530 1641 579 1681 ut
621 1638 675 1681 de
719 1637 1018 1696 qualitatibus
1058 1652 1217 1682 eorum
1261 1638 1337 1697 qui
1384 1638 1771 1682 commendantur
1809 1638 2028 1683 certiores

249 1721 379 1765 fiant.

368 1794 407 1837 5.
447 1799 597 1846 Quum
631 1793 781 1851 aliqua
816 1793 950 1837 Sedes
987 1794 1223 1837 vacaverit
1255 1793 1352 1837 sive
1386 1794 1653 1852 episcopalis
1676 1793 1774 1838 sive
1799 1797 2026 1851 metropo-

247 1875 407 1929 litana,
446 1876 688 1921 Antistites
721 1890 882 1921 omnes
915 1876 970 1920 ad
1003 1890 1115 1935 quos
1160 1876 1408 1934 pertinebit
1440 1890 1621 1921 summo
1663 1876 1869 1921 Pontifici
1902 1889 2024 1920 com-

247 1960 465 2004 mendare
500 1959 623 2004 viros
655 1959 1005 2014 ecclesiasticos,
1042 1962 1091 2002 ut
1114 1973 1271 2003 eorum
1298 1974 1416 2004 unus
1439 1960 1623 2004 vacanti
1653 1959 1874 2004 Ecclesiae
1899 1973 2023 2017 prae-

246 2048 457 2101 ponatur,
495 2044 539 2087 in
576 2043 810 2101 Synodum
843 2048 923 2088 aut
956 2043 1002 2087 in
1036 2045 1278 2101 specialem
1303 2048 1486 2089 coetum
1511 2044 1809 2096 convenient,
1840 2047 1890 2087 ut
1924 2057 2022 2101 pro-

248 2127 563 2184 ponendorum
597 2127 843 2186 qualitates
875 2127 1125 2172 discutiant
1166 2128 1219 2172 ad
1273 2128 1504 2172 tramitem
1545 2128 1866 2186 quaestionum
1908 2141 2024 2186 quae

247 2210 366 2255 banc
401 2210 445 2255 in
482 2226 578 2255 rem
611 2206 732 2269 typis
767 2211 1012 2269 impressae
1048 2211 1365 2268 praesentibus
1396 2211 1561 2256 litteris
1593 2216 1903 2269 apponuntur.

362 2296 405 2338 4.
446 2299 703 2354 Antequam
740 2308 850 2339 vero
896 2294 1153 2353 praedictus
1202 2300 1465 2339 conventus
1505 2298 1821 2349 convocetur,
1856 2293 1909 2337 ad
1945 2295 2022 2338 Ar-

245 2376 586 2436 chiepiscopum
622 2378 695 2422 vel
728 2377 956 2422 seniorem
993 2377 1257 2435 provinciae
1311 2377 1579 2436 Episcopum
1625 2391 1784 2422 eorum
1835 2376 2022 2421 nomina
2068 2411 2072 2415 .

246 2461 653 2517 transmittentur,
689 2475 802 2519 quos
844 2460 1008 2518 singuli
1044 2460 1283 2505 Antistites
1322 2460 1713 2506 commendandos
1754 2474 1851 2504 csse
1894 2463 2022 2518 puta-

246 2544 415 2588 verint.

364 2628 403 2672 5.
442 2629 694 2682 Qualitates
726 2628 1076 2673 candidatorum
1111 2628 1289 2687 publice
1324 2628 1366 2672 in
1402 2631 1536 2673 coetu
1579 2627 1902 2685 Episcoporum
1934 2625 2021 2670 dis-

243 2711 495 2767 cutientur,
533 2712 819 2770 praesidente
854 2713 1203 2770 Archiepiscopo
1250 2712 1322 2756 vel
1364 2712 1544 2756 seniore
1588 2709 1852 2769 provinciae
1896 2710 2020 2754 Anti-

242 2793 370 2839 stite:
406 2794 619 2853 suffragia
657 2809 764 2839 vero
797 2800 974 2839 secreto
1009 2795 1055 2839 in
1092 2809 1254 2840 urnam
1291 2794 1617 2839 immittentur.

363 2879 404 2923 6.
441 2880 553 2922 Acta
586 2877 783 2937 denique
816 2882 1077 2923 conventus
1108 2878 1165 2923 ad
1198 2881 1382 2923 Sacram
1406 2877 1816 2935 congregationem
1838 2876 1893 2920 de
1916 2878 2020 2919 Pro-

243 2962 448 3018 paganda
483 2961 590 3005 Fide
622 2960 679 3005 ab
716 2961 1062 3019 Arcbiepiscopo
1097 2960 1167 3005 vel
1207 2961 1423 3019 Episcopo
1456 2959 1722 3018 provinciae
1744 2960 1923 3004 seniore
1945 2957 2020 3002 de-

245 3046 473 3090 feruntur.
