2176 3386
556 203 689 232 LmEn
717 204 740 232 1.
770 203 827 232 nr:
857 203 996 233 nimus
1025 203 1262 233 Eccmsmss
1292 204 1620 235 smm'rUALmus
1909 197 1986 238 183

198 315 362 369 Congr.
409 310 482 356 die
515 311 540 355 5
573 310 670 355 iulii
707 310 812 356 1841
842 312 855 336 ¹
890 309 1150 370 respondit:
1200 312 1357 364 Quoad
1406 311 1634 370 primum,
1670 314 1887 372 negative
1928 313 1984 359 ad

198 395 393 454 primam
427 398 622 453 partem,
656 395 907 441 dummodo
940 409 1032 441 non
1066 395 1185 440 adsit
1216 395 1504 441 consuetudo
1541 376 1634 442 non
1678 398 1984 444 contrahendi

197 477 547 523 matrimonium
579 477 719 522 etiam
753 477 853 522 sine
890 477 1184 522 solemnitate
1232 482 1440 536 tempore
1474 479 1644 537 vetito;
1698 481 1983 526 Affirmative

195 561 250 606 ad
284 561 551 607 secundum.
586 562 714 606 Unde
746 560 995 619 colligitur:
1046 562 1083 617 1)
1119 561 1258 620 quod,
1294 561 1381 606 nisi
1416 562 1567 607 obstet
1609 564 1841 609 contraria
1875 578 1982 609 con-

195 644 406 699 suetudo,
444 644 792 689 matrimonium
825 643 952 689 0111111
987 648 1194 702 tempore
1226 648 1278 688 ut
1309 644 1475 703 legitur
1498 645 1544 690 in
1570 646 1739 691 Rituali
1776 651 1982 693 Romano

194 727 404 772 contrahi
439 731 612 786 potest3
648 729 691 783 2)
716 728 837 787 quod
861 728 907 772 in
931 742 984 773 eo
1007 729 1324 773 contrahendo
1356 729 1471 773 ritus
1494 729 1538 773 in
1566 730 1733 775 Rituali
1766 731 1980 787 descripti

193 823 375 869 semper
406 811 557 855 locum
591 811 779 856 habent.

313 893 415 938 998.
443 894 505 938 Ad
530 894 659 949 11366,
685 907 791 938 611111
815 894 996 940 difficile
1028 895 1086 939 sit
1119 894 1298 939 exitum
1322 895 1495 940 bonum
1520 895 1688 941 habere
1710 910 1827 956 quae
1860 897 1981 942 malo

193 981 301 1023 sunt
334 978 548 1022 inchoata
584 977 834 1036 principio,
870 983 1065 1036 urgeant
1108 978 1380 1036 gravissime
1414 980 1623 1037 parochi,
1658 984 1710 1024 ut
1740 981 1795 1026 ad
1831 980 1980 1039 ipsum

193 1061 459 1120 nuptiarum
507 1062 628 1106 diem
673 1066 832 1106 sancte
864 1076 913 1108 se
945 1067 1217 1120 comparent
1263 1063 1415 1122 sponsi
1459 1078 1511 1109 ac
1544 1078 1642 1109 sese
1689 1070 1980 1111 sacramento

191 1145 504 1204 poenitentiae
543 1145 733 1204 expient
765 1150 812 1190 et
847 1146 1129 1191 Eucharistia
1179 1147 1388 1191 reficiant
1420 1148 1467 1192 in
1503 1147 1665 1205 missa,
1703 1148 1748 1192 in
1783 1163 1871 1208 qua
1905 1149 1979 1193 be-

191 1229 477 1275 nedictiones
510 1229 890 1288 impertiuntur2.
928 1230 968 1273 Si
1004 1230 1187 1289 qnando
1211 1230 1451 1288 contingat
1474 1235 1523 1274 ut
1548 1232 1772 1289 parochus
1805 1232 1850 1276 in
1878 1247 1979 1290 poe-

191 1312 414 1357 nitentiae
448 1312 666 1357 tribunali
711 1313 1028 1371 poenitentem
1080 1314 1429 1360 matrimonium
1481 1314 1704 1359 initurum
1744 1315 1980 1360 invenerit

190 1395 343 1440 minus
389 1396 661 1454 dispositum
714 1396 768 1440 ad
817 1396 1153 1441 absolutionem
1201 1398 1585 1443 sacramentalem
1635 1398 1975 1457 recipiendam,

188 1482 315 1526 omni
349 1496 432 1539 ope
466 1481 547 1539 ipsi
584 1481 914 1539 perficiendum
944 1485 1029 1533 est,
1057 1486 1106 1525 ut
1131 1482 1416 1526 matrimonii
1450 1483 1696 1527 celebratio
1720 1483 1974 1539 differatur,

186 1565 333 1609 donec
374 1564 615 1622 poenitens
647 1564 947 1608 absolutionis
980 1578 1125 1623 capax
1169 1564 1242 1619 sit,
1281 1565 1548 1623 praesertim
1583 1566 1766 1625 quando
1800 1580 1858 1610 ex
1892 1566 1977 1611 hac

187 1647 406 1692 dilatione
451 1648 627 1692 nullum
663 1647 929 1705 praevideat
962 1648 1190 1693 oriturum
1225 1663 1364 1706 grave
1403 1649 1627 1694 damnum
1661 1649 1865 1707 sponsis,
1902 1649 1976 1694 vel

187 1730 454 1775 scandalum
503 1730 635 1786 aliis,
672 1734 809 1790 atque
859 1731 1175 1790 poenitentem
1226 1732 1475 1776 hortationi
1529 1733 1973 1791 obtemperaturum.

187 1813 315 1867 Quod
349 1813 384 1858 si
415 1813 688 1872 nupturiens
721 1814 1006 1858 matrimonii
1056 1815 1414 1859 celebrationem
1450 1815 1561 1860 nolit
1597 1815 1810 1871 differre,
1847 1830 1975 1874 paro-

187 1897 300 1942 chus
333 1900 574 1956 postquam
613 1896 696 1954 ipsi
720 1897 1025 1942 declaraverit
1059 1899 1383 1944 necessitatem
1420 1901 1649 1958 perfectae
1682 1899 1975 1945 contritionis

183 1981 239 2026 ad
277 1981 576 2026 absolutionis
607 1981 840 2026 defectum
874 1983 1211 2040 supplendum,
1248 1982 1484 2041 permittet
1530 1984 1815 2029 matrimonii
1859 1986 1974 2030 cele-

186 2063 458 2108 brationem.
507 2064 633 2118 Quod
683 2065 718 2109 si
770 2064 894 2108 nulla
938 2065 1095 2110 statim
1140 2067 1443 2111 contrahendi
1490 2067 1607 2111 adsit
1650 2082 1785 2113 causa
1820 2068 1970 2126 iusta,

184 2146 490 2192 confessarius
524 2148 735 2192 hortetur
767 2150 1083 2206 poenitentem
1119 2149 1173 2193 ad
1208 2149 1531 2205 differendum,
1558 2155 1609 2194 ut
1638 2164 1685 2195 se
1718 2150 1842 2209 prius
1883 2152 1971 2197 dis-

182 2234 323 2288 ponat
354 2229 410 2274 ad
450 2229 748 2275 absolutionis
781 2232 975 2288 gratiam
1013 2231 1341 2290 recipiendam,
1386 2236 1568 2278 ostensa
1601 2234 1750 2278 eidem
1783 2234 1971 2281 difficul-

181 2318 276 2359 tate
299 2313 510 2359 eliciendi
544 2318 701 2359 actum
733 2315 1028 2360 contritionis
1061 2317 1309 2374 perfectae,
1345 2320 1390 2360 et
1423 2317 1459 2361 si
1493 2331 1551 2361 ex
1585 2318 1669 2362 hac
1708 2318 1971 2363 hortatione

182 2395 295 2441 nihil
327 2396 561 2455 proficiat,
596 2397 739 2442 satius
771 2398 858 2442 erit
892 2398 1020 2444 illum
1055 2399 1227 2444 hortari
1261 2401 1316 2444 ad
1350 2400 1682 2445 contritionem
1717 2403 1968 2459 perfectam

181 2483 227 2524 et
261 2479 365 2524 inde
398 2493 611 2538 expresse
636 2481 901 2538 permittere
935 2495 1171 2527 accessum
1205 2484 1261 2527 ad
1285 2483 1655 2539 matrimonium,
1681 2498 1787 2529 eum
1809 2488 1968 2530 tamen

182 2563 411 2608 monendo
437 2563 557 2623 quod
581 2563 668 2609 nisi
704 2564 870 2609 habeat
901 2565 1231 2611 contritionem
1256 2568 1527 2625 perfectam,
1553 2581 1693 2626 grave
1726 2572 1968 2626 peccatum

179 2646 442 2691 committet
464 2646 496 2691 ⁸.

298 2731 400 2774 999.
435 2733 532 2783 Qua
567 2744 677 2775 vero
720 2731 898 2776 ratione
941 2745 988 2777 36
1021 2747 1179 2791 gerere
1223 2734 1386 2778 debeat
1435 2734 1660 2792 parochus
1703 2734 1749 2778 in
1784 2733 1965 2779 illorum

180 2813 352 2872 nuptiis
383 2815 683 2872 celebrandis,
709 2817 784 2876 qni
827 2818 1006 2863 notorie
1029 2818 1076 2863 in
1099 2819 1433 2865 ecclesiasticas
1456 2833 1675 2865 censuras
1698 2820 1963 2877 inciderint,

297 2967 306 2986 ¹
335 2968 485 3006 Collect.
511 2979 547 3006 n.
575 2970 676 3008 1551.

298 3039 310 3058 ²
339 3039 373 3077 S.
401 3040 470 3077 Rit.
498 3040 631 3087 Congr.
659 3042 698 3078 111
723 3043 914 3081 Lavantin.
941 3043 985 3080 21
1013 3044 1136 3081 martii
1166 3044 1269 3081 1874.

300 3110 313 3130 ⁸
340 3111 378 3148 S.
405 3112 442 3150 C.
469 3113 547 3150 Fid.
574 3114 684 3161 Prop.
710 3115 734 3152 5
758 3116 878 3152 martii
908 3115 1010 3153 1816.
