2176 3386
183 203 261 243 174
857 212 967 241 PARS
995 212 1036 240 11.
1067 212 1123 240 DE
1154 211 1292 240 REBus

180 318 432 378 respondit,
470 318 656 363 nonnisi
691 332 770 377 per
801 320 1057 364 solemnem
1091 322 1307 364 votorum
1352 318 1683 377 professionem
1729 318 1963 364 matrimo-

181 401 312 447 nium
345 404 498 446 ratum
533 405 579 445 et
612 414 704 445 non
738 404 1115 446 consummatum
1149 393 1365 457 dissolvi,
1412 415 1504 446 non
1540 415 1651 445 vero
1683 415 1764 459 per
1795 402 1967 459 profes-

180 484 359 529 sionem
393 487 609 528 votorum
643 483 941 541 simplicium,
978 483 1170 543 ideoque
1203 484 1248 528 in
1283 497 1391 529 casu
1425 497 1514 543 quo
1548 482 1621 528 vir
1654 482 1784 528 iuxta
1817 484 1964 541 legem

180 566 270 612 diei
307 567 358 611 19
392 566 545 611 martii
583 566 694 611 1857
730 580 809 625 per
842 568 884 610 S.
921 569 1085 624 Congr.
1133 580 1270 625 super
1309 571 1432 612 statu
1479 565 1770 623 Regularium
1804 566 1962 621 latam,

184 654 291 695 vota
324 649 550 708 simplicia
584 649 798 694 emittere
831 650 996 694 debeat
1027 654 1136 694 ante
1169 650 1424 694 solemnem
1459 649 1817 708 professionem,
1867 649 1967 693 sive

184 734 295 793 ipse,
330 733 428 778 sive
461 733 560 778 eius
592 732 763 779 coniux
800 747 1036 778 recurrere
1070 732 1236 791 poterit
1268 733 1325 778 ad
1350 734 1654 792 Apostolicam
1692 733 1851 778 Sedem
1888 747 1967 790 pro

182 815 433 862 obtinenda
468 816 705 871 facultate,
740 817 976 860 utstatim
1011 815 1159 860 emitti
1196 815 1371 874 possint
1405 820 1510 860 vota
1545 815 1783 860 solemnia.

303 899 404 943 976.
442 898 665 951 Quamvis
699 897 1048 942 matrimonium
1074 902 1448 943 consummatum
1472 912 1564 943 non
1589 899 1866 943 dissolvatur
1889 912 1971 956 per

185 982 517 1041 professionem
554 980 829 1038 religiosam,
866 985 1075 1025 attamen
1108 981 1144 1025 si
1178 982 1295 1026 alter
1316 981 1486 1027 coniux
1509 981 1789 1037 consentiat,
1821 984 1969 1039 potest

185 1078 397 1124 compars
430 1065 604 1122 ingredi
640 1063 924 1122 religionem.
980 1063 1190 1109 Diximus
1230 1067 1271 1108 si
1307 1065 1428 1110 alter
1459 1066 1746 1120 consentiat,
1794 1063 1968 1109 etenim

185 1149 222 1194 si
255 1149 398 1193 altero
432 1147 599 1203 invito,
635 1151 713 1191 aut
748 1147 910 1202 inscio,
936 1148 1077 1193 altera
1104 1161 1207 1206 pars
1230 1147 1496 1206 religionem
1523 1147 1825 1206 ingrediatur,
1851 1161 1968 1191 nun-

185 1235 351 1290 cupata
384 1231 605 1289 professio
638 1230 726 1275 erit
760 1229 981 1286 invalida,
1017 1235 1063 1275 et
1095 1231 1241 1276 solum
1275 1231 1373 1276 vim
1410 1231 1504 1275 voti
1525 1230 1744 1288 simplicis
1767 1228 1968 1284 habebit,

185 1318 232 1359 et
265 1328 368 1373 pars
400 1314 495 1372 ipsa
529 1314 584 1358 ad
618 1328 752 1358 suum
787 1314 1031 1371 coniugem
1066 1314 1214 1359 redire
1256 1314 1502 1359 tenebitur.
1554 1317 1817 1360 Consensus
1858 1326 1971 1357 vero

185 1396 319 1441 debet
351 1409 448 1440 esse
482 1408 741 1453 expressus,
779 1410 864 1440 nec
900 1396 1068 1441 sufficit
1100 1410 1352 1442 consensus
1385 1399 1720 1455 praesumptus,
1746 1399 1827 1440 aut
1857 1393 1967 1439 taci-

186 1483 276 1535 tus,
313 1493 385 1523 ex.
423 1493 486 1536 gr.
522 1478 557 1522 si
591 1492 802 1536 compars
837 1493 929 1523 non
963 1479 1201 1535 reclamet,
1238 1493 1323 1524 nec
1356 1479 1548 1534 sufficit,
1583 1480 1618 1523 si
1656 1479 1729 1523 vel
1762 1482 1968 1533 coactus,

187 1563 261 1608 vel
293 1563 412 1618 dolo,
449 1567 530 1607 aut
564 1567 687 1607 metu
724 1567 934 1608 extortus
969 1563 1119 1607 fuerit.

309 1647 410 1691 977.
447 1649 632 1691 Praeter
665 1660 945 1691 consensum
968 1646 1157 1691 alterius
1183 1648 1323 1705 partis
1346 1646 1618 1707 exquiritur,
1646 1660 1727 1705 pro
1750 1645 1971 1702 liceitate,

187 1742 440 1775 consensus
475 1728 706 1788 Episcopi:
744 1729 931 1788 insuper
963 1730 1229 1789 requiritur,
1264 1734 1315 1774 ut
1348 1729 1519 1775 coniux
1544 1729 1589 1774 in
1616 1730 1798 1774 saeculo
1823 1743 1972 1774 rema-

144 1825 147 1827 ·
189 1825 321 1869 nens,
357 1812 392 1856 si
428 1812 611 1856 iuvenis
642 1813 717 1868 sit,
754 1818 801 1857 et
833 1813 888 1858 de
922 1813 1262 1859 incontinentia
1296 1819 1559 1872 suspectus,
1601 1814 1868 1872 religionem
1901 1813 1971 1858 in-

188 1895 435 1953 grediatur,
474 1896 546 1939 vel
579 1895 615 1940 si
638 1909 781 1940 senex
805 1896 880 1951 sit,
907 1901 954 1940 et
975 1896 1030 1940 de
1054 1896 1395 1942 incontinentia
1428 1911 1520 1942 non
1554 1901 1809 1955 suspectus,
1838 1895 1974 1941 emit-

187 1983 257 2023 tat
291 1982 452 2023 votum
487 1977 713 2022 castitatis
746 1982 1018 2037 perpetuae:
1054 1979 1173 2038 quod
1209 1983 1372 2024 votum
1405 1980 1460 2024 ad
1492 1978 1803 2024 dubitationes
1822 1992 1973 2023 remo-

188 2061 365 2106 vendas
398 2073 555 2105 coram
589 2059 782 2105 testibus
814 2066 860 2105 et
883 2060 1126 2106 Ordinario
1149 2066 1195 2106 et
1218 2066 1326 2105 ante
1361 2061 1689 2119 professionem
1723 2059 1975 2116 compartis

190 2143 447 2201 nuncupari
482 2143 630 2188 debet.
667 2150 792 2197 Quae
825 2149 981 2189 autem
1015 2148 1141 2189 aetas
1172 2144 1384 2201 sufficiat,
1410 2149 1461 2189 ut
1482 2144 1584 2204 quis
1607 2158 1750 2189 senex
1773 2142 1973 2198 dicatur,

188 2225 369 2271 difficile
402 2230 472 2271 est
504 2225 706 2271 iudicare
739 2240 846 2271 cum
880 2228 1058 2272 nullum
1092 2228 1162 2272 ius
1197 2228 1239 2272 id
1261 2228 1486 2284 declaret5
1524 2227 1794 2286 regulariter
1815 2230 1973 2272 autem

189 2310 317 2352 actas
348 2308 651 2366 sexagenaria
685 2308 730 2352 in
766 2308 883 2365 viro,
909 2314 955 2354 et
987 2309 1382 2369 quinquagenaria
1406 2311 1453 2354 in
1478 2309 1651 2355 femina
1678 2310 1860 2354 videtur
1880 2310 1974 2353 suf-

189 2392 342 2447 ficere,
380 2397 430 2436 ut
462 2391 563 2451 quis
597 2391 775 2437 dicatur
809 2406 953 2437 senex
979 2394 1005 2437 ¹.
1056 2394 1335 2439 Probabilius
1367 2398 1523 2438 tamen
1559 2393 1602 2438 id
1638 2392 1828 2438 arbitrio
1860 2391 1975 2436 iudi-

190 2475 257 2521 cis
288 2475 462 2520 remitti
498 2475 643 2521 debet.
679 2480 802 2521 Haec
837 2490 947 2521 vero
971 2478 986 2501 ²
1020 2477 1284 2522 nullatenus
1316 2477 1516 2533 obstant,
1551 2476 1804 2536 quominus
1835 2474 1871 2521 si
1905 2489 1979 2534 pe-

190 2556 376 2602 culiaris
408 2556 604 2602 alicuius
636 2556 745 2602 facti
786 2556 1165 2603 circumstantiae
1208 2562 1631 2617 temperamentum
1675 2558 1857 2617 aliquod
1899 2557 1974 2602 vel

191 2640 374 2697 regulae
406 2640 744 2686 relaxationem
777 2654 1027 2699 exposcere
1062 2642 1323 2698 videantur,
1359 2642 1641 2701 Apostolicae
1668 2641 1793 2688 Sedis
1819 2646 1979 2687 aucto-

192 2723 305 2767 ritas
337 2722 623 2781 imploretur,
658 2738 774 2783 quae
807 2739 866 2769 ex
899 2724 1114 2782 legitimis
1145 2726 1295 2771 causis
1328 2730 1493 2783 potest,
1529 2725 1865 2785 consuevitque
1897 2738 1977 2783 op-

193 2809 439 2863 portunam
474 2805 865 2865 dispensationem
899 2806 1150 2866 indulgere.

314 2996 323 3015 ¹
354 2997 527 3034 Smcnez
554 2997 575 3033 l.
604 2997 636 3042 7,
661 2997 753 3044 disp.
784 2998 841 3034 52.

313 3068 326 3086 ²
352 3067 487 3105 Bened.
515 3068 602 3104 XlV
628 3067 680 3105 De
707 3070 793 3115 Syn.
821 3068 842 3104 l.
873 3069 928 3112 15,
954 3077 990 3105 n.
1017 3068 1050 3105 7.
