2176 3386
251 205 304 245 86
924 219 1034 248 PARS
1065 220 1103 247 11.
1140 220 1195 248 nr:
1226 220 1364 248 nanus
2155 0 2176 242 Ι

252 324 382 369 cuius
407 325 649 382 Ecclesiae,
676 326 969 372 surdo—Muti
993 327 1243 373 Ecclesiam
1268 327 1412 387 ipsam
1435 328 1602 374 devote
1625 329 1813 375 visitare
1844 334 2034 375 tenean-

251 413 343 466 tur,
370 409 477 454 licet
499 414 683 456 tantum
710 416 916 456 mentem
940 410 987 455 in
1010 415 1150 457 Deum
1175 412 1377 469 elevent,
1402 418 1449 457 et
1477 413 1573 471 pios
1594 414 1800 460 affectus.
1838 416 1880 473 2)
1907 415 2035 468 Quod

251 495 286 540 si
321 496 443 540 inter
474 510 610 553 opera
644 496 738 540 sint
772 496 978 554 publicae
1012 510 1184 554 preces,
1221 496 1514 542 surdo—Muti
1549 497 1724 555 possint
1765 498 1931 543 lucrari
1965 502 2036 543 In·

252 579 510 636 dulgentias
544 579 597 624 iis
620 580 824 624 adnexas
856 593 1044 637 corpore
1078 578 1262 638 quidem
1297 580 1533 625 coniuncti
1557 580 1724 626 ceteris
1758 580 1965 626 lidelibus
1987 581 2034 626 in

252 662 413 706 eodem
448 662 547 706 loco
580 661 833 715 orantibus,
868 662 946 707 sed
979 662 1151 720 pariter
1185 666 1340 707 mente
1372 666 1555 707 tantuin
1591 663 1636 707 in
1676 667 1816 708 Deum
1856 663 2035 708 elevata

249 748 296 788 et
328 743 412 803 piis
444 744 592 788 cordis
627 744 882 789 affectibus.
919 746 961 799 5)
998 745 1128 798 Quod
1156 745 1191 789 si
1215 751 1377 803 agatur
1408 750 1592 790 tantum
1625 746 1679 790 de
1714 746 1905 804 privatis
1936 760 2033 791 ora-

250 826 468 881 tionibus,
507 825 673 884 proprii
709 830 943 871 Mutorum
977 832 1023 871 et
1055 827 1303 872 Surdorum
1337 827 1608 873 Confessarii
1634 828 1821 873 valeant
1851 830 2033 875 easdem

250 909 482 954 orationes
527 914 814 954 commutare
849 911 893 954 in
928 910 1015 954 alia
1048 910 1120 968 pia
1154 924 1316 969 opera,
1352 910 1503 969 aliquo
1537 911 1670 955 modo
1709 911 2032 969 manifestata,

252 995 387 1048 prout
420 990 467 1034 in
505 990 698 1035 Domino
731 990 948 1049 expedire
982 990 1305 1035 iudicaverint.

371 1074 471 1117 774.
512 1078 701 1131 Insuper
734 1088 813 1131 per
847 1078 888 1119 S.
926 1077 1088 1131 Congr.
1128 1074 1299 1132 Indulg.
1328 1074 1374 1118 in
1397 1074 1580 1119 decreto
1614 1076 1663 1119 16
1688 1074 1780 1120 ian.
1813 1075 1923 1121 1886
1948 1080 2035 1121 Leo

253 1161 329 1215 Pp.
368 1161 464 1202 XIll
499 1157 713 1215 dignatus
745 1161 815 1202 est
847 1158 1117 1213 concedere,
1153 1158 1348 1202 servatis
1380 1159 1434 1201 dc
1470 1159 1566 1202 iure
1598 1158 1854 1214 servandis,
1890 1158 2035 1203 indul·

251 1239 453 1296 gentiam
491 1239 744 1298 plenariam
778 1240 1003 1284 sacerdoti
1039 1241 1238 1299 primum
1271 1254 1454 1285 sacrum
1487 1240 1676 1285 facienti
1709 1241 1897 1301 eiusque
1930 1256 2036 1287 con-

250 1323 514 1380 sanguineis
558 1324 612 1367 ad
647 1325 835 1367 tertium
880 1336 1022 1382 usque
1055 1324 1244 1381 gradum
1294 1323 1543 1380 inclusive,
1578 1323 1654 1383 qui
1700 1324 1845 1383 primo
1885 1325 2033 1369 eidem

251 1418 380 1449 sacro
416 1405 734 1462 interfuerint3
784 1405 950 1450 ceteris
984 1420 1093 1450 xero
1137 1405 1507 1451 christifidelibus
1537 1407 1851 1463 adstantibus,
1887 1407 2033 1452 indul-

251 1488 455 1545 gentiam
489 1494 665 1546 septem
699 1503 930 1533 annorum
964 1488 1248 1548 totidemque
1280 1489 1693 1548 quadragenarum.

368 1572 469 1616 775.
509 1572 685 1631 Aliquid
720 1585 845 1616 nunc
880 1571 1167 1616 innuendum
1208 1576 1277 1615 est
1314 1572 1368 1616 de
1402 1571 1685 1629 indulgentia
1722 1575 1824 1617 Viae
1859 1574 2029 1617 Crucis.

250 1657 342 1698 Iam
376 1654 429 1713 jin
465 1654 693 1713 erigendis
740 1655 1039 1709 stationibus,
1077 1654 1325 1714 requiritur
1372 1659 1467 1699 tam
1519 1656 1773 1700 Sacerdotis
1817 1655 2034 1714 erigentis

250 1738 500 1796 deputatio,
528 1753 581 1782 ac
617 1738 869 1797 Superioris
895 1739 1052 1783 localis
1073 1751 1340 1794 consensus,
1366 1753 1503 1798 quam
1538 1739 1782 1797 respectivi
1805 1738 2033 1784 Ordinarii

254 1822 326 1865 x'el
363 1821 595 1866 Antistitis
617 1827 663 1866 et
689 1822 894 1878 Parochi,
920 1836 1005 1867 nec
1028 1836 1120 1866 non
1146 1822 1439 1880 Superiorum
1478 1822 1718 1878 Ecclesiae,
1746 1822 2031 1878 Monasterii,

248 1904 510 1962 Hospitalis,
538 1910 583 1949 et
608 1906 691 1950 loci
720 1904 794 1963 pii,
822 1904 897 1949 ubi
922 1904 1144 1949 eiusmodi
1179 1905 1350 1950 erectio
1382 1904 1479 1949 fieri
1503 1904 1747 1962 contigerit
1779 1905 2030 1963 deputatio.

250 1989 507 2032 Consensus
542 2002 651 2032 vero
684 1992 731 2032 et
762 1987 948 2032 licentia
983 1987 1029 2032 in
1063 1987 1244 2045 scriptis
1286 2002 1366 2045 pro
1409 1986 1598 2044 singulis
1636 1987 1815 2032 casibus
1848 1991 1894 2031 et
1925 2000 2032 2031 cum

250 2070 460 2128 specifica
495 2070 810 2127 designatione
844 2071 929 2114 loci
965 2075 1011 2114 et
1042 2084 1135 2114 non
1170 2070 1303 2114 aliter
1335 2070 1539 2128 expediri
1572 2076 1619 2115 et
1649 2071 2032 2130 quandocumque

250 2166 363 2211 opus
386 2152 539 2208 suerit,
565 2153 771 2197 exhiberi
795 2154 964 2197 debent
987 2154 1070 2197 sub
1092 2167 1237 2211 poena
1272 2153 1496 2197 nullitatis
1518 2153 1752 2212 ipsiusmet
1786 2153 2033 2198 erectionis

250 2236 345 2295 ipso
380 2238 501 2281 facto
536 2237 839 2281 incurrendae
865 2238 894 2281 ¹.
935 2237 1247 2294 Indulgentiae
1280 2250 1373 2281 non
1407 2241 1605 2293 cessant,
1631 2241 1677 2281 et
1697 2236 1886 2295 proinde
1918 2249 2032 2295 opus

250 2333 343 2364 non
378 2324 446 2363 est
479 2333 600 2363 nova
635 2319 885 2375 erectione,
920 2319 956 2364 si
992 2318 1215 2364 stationes
1248 2324 1293 2363 et
1325 2322 1491 2364 Cruces
1538 2324 1825 2364 renoventur
1857 2325 1903 2365 et
1936 2333 2032 2365 mu-

249 2405 424 2457 tentur,
461 2401 587 2446 salva
621 2401 894 2456 substantia,
922 2401 994 2445 vel
1015 2401 1050 2445 si
1086 2400 1336 2444 innovetur
1368 2401 1624 2445 substantia
1658 2401 1906 2446 dummodo
1938 2401 2032 2446 sint

248 2484 399 2528 denuo
433 2484 701 2529 benedictae
725 2484 755 2527 ².
805 2486 961 2543 Neque
994 2487 1177 2528 cessant
1203 2482 1239 2527 si
1272 2496 1431 2529 cruces
1463 2489 1787 2530 amoveantur.
1833 2486 1961 2539 Quod
1992 2485 2028 2530 si

249 2581 410 2613 cruces
453 2567 663 2627 primitus
710 2567 979 2612 benedictae
1023 2566 1213 2611 omnino
1258 2572 1448 2624 pereant
1488 2567 1558 2611 vel
1593 2567 1814 2612 tollantur
1860 2568 2029 2613 iterum

249 2665 370 2697 nova
404 2651 577 2696 erectio
610 2655 656 2696 et
687 2650 948 2696 benedictio
992 2649 1241 2709 requiritur
1272 2649 1327 2694 ad
1361 2650 1667 2708 adquirendas
1705 2650 2027 2709 indulgentias,

250 2734 286 2778 si
321 2749 431 2779 vero
466 2740 656 2793 pereant
689 2735 762 2779 vel
797 2734 1017 2783 tollantur
1048 2748 1106 2778 ex
1140 2733 1308 2777 minori
1342 2737 1488 2792 parte,
1523 2733 1631 2778 licet
1663 2732 1775 2778 alias
1808 2733 1895 2779 illis
1927 2733 2029 2779 sub-

252 2818 443 2863 stituere
477 2818 646 2878 absque
680 2832 801 2863 nova
835 2817 1068 2863 erectione
1100 2822 1146 2862 et
1177 2816 1499 2862 benedictione
1523 2817 1553 2863 ³.

366 2942 373 2961 ¹
407 2943 440 2980 S·
460 2942 497 2979 C.
517 2943 663 2988 Indulg.
682 2943 703 2979 5
722 2953 806 2988 aug.
828 2942 920 2979 1748
939 2949 973 2979 et
992 2942 1035 2978 21
1058 2943 1132 2980 iun.
1155 2942 1257 2979 1879.

366 3015 377 3032 ²
409 3014 440 3051 S.
460 3013 497 3051 C.
517 3014 662 3059 Indulg.
683 3014 720 3050 in
741 3014 963 3050 Camerinen.
987 3014 1030 3050 16
1048 3014 1126 3050 dec.
1148 3014 1255 3050 1760.

367 3086 379 3105 ³
407 3087 443 3123 S.
465 3087 501 3123 C.
522 3086 667 3132 Indulg.
687 3087 723 3122 in
750 3086 924 3132 Ayz‘rmen.
943 3086 989 3122 20
1006 3090 1098 3132 sept.
1120 3086 1221 3122 1859.

2160 244 2170 268 Ι

2132 2923 2153 3057 ,.οι,.ς“«,
2134 2867 2140 2870 -

2168 2806 2176 2819 ..
