2176 3386
770 201 899 230 Lmen
927 201 951 229 1.
988 201 1044 229 DE
1074 201 1267 230 CLEmms
1832 194 1911 235 163

125 309 249 369 scopi
285 307 565 354 Dioeccsani.
606 307 833 352 Dit'l'erunt
877 308 923 362 α)
958 306 1065 367 quia
1099 307 1196 352 Vic.
1239 307 1475 353 Generalis
1509 309 1605 377 Vic.
1645 310 1906 369 Apostolici,

128 395 179 437 ut
209 392 382 437 dictum
407 395 492 446 est,
518 390 630 435 iuris
653 390 928 436 necessitate
961 390 1195 448 eligendus
1226 395 1319 447 est;
1356 372 1398 447 β)
1425 392 1523 436 Vic.
1550 393 1785 438 Generalis
1809 394 1904 440 Vic.

126 473 369 534 Apostolici
407 474 545 518 habet
585 473 947 518 iurisdictionem
992 474 1273 531 delegatam3
1321 476 1364 536 γ)
1403 474 1500 519 Vic.
1548 475 1784 521 Generalis
1807 476 1903 521 Vic.

126 557 368 616 Apostolici
405 556 466 601 ita
500 556 640 601 etiam
675 555 891 601 constitui
929 560 1077 616 potest
1110 561 1162 601 ut
1193 556 1239 601 in
1275 561 1403 615 parte
1436 557 1696 603 Vicariatus
1730 559 1906 605 iurisdi-

123 640 324 685 ctionem
359 645 598 695 exerceat3
639 633 678 696 ὃ)
712 639 810 685 eius
853 639 1104 685 iurisdictio
1125 655 1150 685 a
1176 640 1272 686 Vic.
1311 641 1569 699 Apostolico
1603 656 1683 700 pro
1716 642 1905 687 arbitrio

123 723 308 768 limitari
345 727 504 782 potest.
541 724 577 778 ε)
606 723 671 767 Ab
702 722 801 768 eius
833 723 1062 768 sententia
1097 724 1152 768 ad
1186 724 1280 769 Vic.
1308 724 1617 782 Apostoliculn
1652 726 1907 784 appellatur

122 806 227 865 quia
259 819 364 849 cum
399 807 495 850 Vic.
536 805 792 864 Apostolico
826 820 917 850 non
952 806 1194 851 constituit.
1216 820 1361 851 unum
1393 806 1594 852 tribunal
1628 822 1776 867 neque
1798 822 1903 852 ean-

123 889 225 933 dem
263 888 499 934 iuridicam
534 902 791 947 personam.
827 891 866 946 ζ)
896 893 1042 934 Morte
1067 889 1160 934 Vic.
1189 889 1449 948 Apostolici,
1477 905 1569 935 non
1594 895 1742 935 cessat
1774 891 1903 936 iuris-

122 970 260 1015 dictio
293 971 390 1015 eius
416 970 580 1016 Vicarii
615 971 850 1016 Generalis
872 972 926 1016 ad
949 986 1085 1031 quem
1121 971 1318 1030 pertinet
1340 973 1596 1029 gubernare
1621 974 1900 1020 Vicariatum

124 1051 209 1096 illis
258 1053 551 1097 facultatibus
598 1067 714 1112 quae
762 1054 817 1098 ad
858 1053 1089 1099 vicarium
1138 1057 1290 1112 Apost.
1337 1054 1662 1113 pertinebant,
1698 1059 1903 1116 exceptis

121 1136 310 1181 omnino
358 1137 684 1194 personalibus.
739 1139 770 1194 i)
813 1137 1013 1182 vicarius
1052 1138 1336 1195 Apostolicus
1386 1153 1477 1183 non
1520 1140 1687 1193 gaudet
1730 1141 1902 1187 iuribus

119 1234 234 1279 quae
267 1220 320 1264 ad
359 1219 627 1278 Episcopum
666 1220 897 1278 pertinent
923 1222 1100 1266 ratione
1129 1221 1237 1279 legis
1264 1222 1580 1267 Dioecesanae.
1617 1224 1660 1279 lt)
1687 1226 1899 1269 Recolen-

119 1303 226 1348 dum
263 1303 430 1360 pariter
462 1309 530 1348 est
562 1304 681 1363 quod
716 1304 1078 1349 constitutiones
1122 1304 1285 1349 Pontif.
1324 1320 1415 1350 non
1452 1306 1701 1362 respiciunt
1741 1307 1900 1352 Orien-

120 1385 232 1430 tales
266 1386 351 1430 nisi
385 1400 598 1444 expresse
632 1387 686 1431 de
711 1386 1021 1432 Orientalibus
1055 1388 1229 1432 mentio
1254 1388 1331 1432 fiat
1353 1394 1434 1433 aut
1466 1393 1628 1446 agatur
1650 1390 1703 1433 «le
1728 1390 1900 1448 legibus

119 1469 386 1526 dogmaticis
419 1473 499 1513 aut
532 1469 601 1514 ius
635 1470 842 1514 naturale
875 1471 1144 1515 declaretur.
1180 1472 1209 1526 l)
1252 1476 1314 1515 Ex
1348 1485 1401 1516 eo
1433 1473 1551 1531 quod
1588 1472 1755 1517 Vicarii
1786 1476 1900 1532 Apo-

119 1550 264 1595 stolici
314 1566 405 1596 non
445 1553 537 1597 sint
572 1553 777 1611 Episcopi
818 1553 1075 1599 dioecesani
1126 1554 1357 1614 sequitur,
1393 1555 1458 1600 eis
1503 1570 1593 1599 non
1638 1561 1898 1613 competere

118 1648 233 1692 qnae
266 1635 321 1678 ad
344 1635 600 1693 Capitulum
640 1638 901 1682 cathedrale
941 1638 1198 1696 pertinent,
1234 1638 1458 1697 siquidem
1503 1639 1700 1684 Ecclesia
1739 1640 1898 1684 Cathe—

119 1716 254 1761 dralis
288 1717 332 1761 in
370 1718 673 1763 Vicariatibus
708 1734 798 1764 non
834 1725 976 1765 extat.
1012 1720 1128 1765 Hinc
1163 1735 1253 1764 non
1291 1726 1507 1779 poterunt
1539 1723 1787 1767 canonicos
1822 1724 1897 1767 lio-

120 1799 324 1844 norarios
357 1801 614 1858 nominare,
652 1816 736 1847 nec
770 1803 1092 1861 capitularium
1128 1803 1322 1861 insignia
1357 1805 1450 1849 suis
1490 1805 1788 1851 missionariis
1823 1806 1898 1850 tri·

118 1884 254 1927 buere
280 1885 309 1928 ².
347 1887 503 1942 Neque
536 1886 591 1930 ad
625 1899 702 1930 eos
736 1886 969 1944 pertinent
1004 1888 1245 1933 facultates
1277 1889 1688 1944 extraordinariae,
1724 1904 1840 1948 quae
1873 1903 1896 1934 a

117 1964 212 2010 iure
245 1968 566 2012 conceduntur
602 1969 831 2027 Episcopis
865 1970 1142 2015 nominatim
1178 1985 1202 2014 a
1236 1971 1438 2016 Concilio
1473 1971 1753 2016 Tridentino.

236 2052 333 2095 216.
356 2055 424 2095 Em
443 2054 493 2095 30
509 2055 762 2110 principio:
784 2058 975 2112 Oportet
993 2054 1038 2099 in
1065 2054 1223 2113 primis
1240 2056 1396 2100 videre
1414 2070 1641 2114 quaenam
1661 2056 1754 2101 sint
1774 2072 1898 2115 prae-

116 2133 245 2190 cipue
287 2133 528 2178 facultates
565 2134 845 2180 vicariorum
890 2138 1253 2195 Apostolicorum
1295 2154 1349 2183 ea:
1383 2142 1631 2196 Rescripte's
1677 2143 1748 2186 SS.
1783 2146 1896 2187 Con-

118 2215 458 2272 gregationum:
495 2218 696 2262 secundo
728 2219 835 2278 quid
869 2218 961 2263 sint
995 2220 1245 2277 facultates
1283 2224 1617 2268 [formalem-am
1646 2231 1686 2268 et
1708 2227 1820 2283 qnid
1842 2227 1897 2271 dc

117 2296 186 2341 lais
218 2299 267 2341 in
302 2299 404 2341 iare
434 2301 491 2342 sit
522 2303 835 2345 constitucmn.
877 2304 1112 2361 Rescripta
1146 2303 1233 2348 alia
1268 2305 1521 2362 respiciunt
1558 2306 1799 2365 Episcopos
1828 2308 1895 2352 in-

117 2378 327 2436 digenos,
363 2381 449 2425 alia
491 2382 802 2429 missionarios
841 2386 1123 2440 saeculares,
1158 2387 1245 2431 alia
1281 2387 1593 2432 missionarios
1632 2390 1890 2446 Regulares.

234 2463 334 2506 217.
358 2466 391 2507 Ι.
412 2465 569 2518 Quoad
594 2465 834 2524 Episcopos
858 2467 1111 2526 indigenos:
1148 2469 1375 2514 Petitione
1392 2470 1487 2515 Vic.
1513 2471 1758 2527 Apostolici
1777 2475 1894 2516 'sun-

117 2543 348 2589 chinensis
379 2560 402 2590 a
438 2549 479 2590 S.
517 2550 734 2607 Congreg.
770 2554 898 2607 Prop.
937 2550 1059 2595 Fidei
1093 2552 1364 2610 rescriptum
1399 2558 1468 2597 est
1491 2554 1529 2597 ⁶²:
1571 2555 1608 2610 ¹1)
1641 2554 1760 2612 quod
1798 2555 1894 2612 Epi-

115 2627 235 2684 scopi
269 2627 509 2686 indigenae
543 2637 781 2690 nequeunt
813 2632 1003 2678 clericos
1026 2635 1081 2678 ad
1105 2648 1257 2679 sacros
1289 2636 1474 2680 ordines
1497 2651 1773 2695 promovere
1808 2637 1893 2682 nisi

117 2707 162 2754 in
185 2711 365 2770 scriptis
387 2715 764 2772 approbationem
790 2717 908 2762 illius
933 2718 1099 2763 Vicarii
1125 2720 1369 2777 Apostolici
1393 2720 1695 2765 obtinuerint.
1733 2723 1775 2779 ⁹2)
1798 2722 1895 2780 Epi-

116 2795 237 2852 scopi
261 2795 502 2855 indigenae
527 2804 763 2858 nequeunt
784 2802 1034 2860 approbare
1060 2804 1349 2861 presbyteros
1372 2805 1684 2850 missionarios
1707 2807 1761 2850 ad
1789 2820 1896 2850 con·

234 2982 243 3001 ¹
273 2983 307 3020 S.
334 2984 449 3031 Cong.
476 2986 586 3031 Prop.
615 2987 692 3024 Fid.
719 2987 762 3023 27
791 2998 874 3024 nov.
905 2989 1007 3026 1858.

234 3054 247 3073 ’
272 3055 419 3093 Collect.
447 3066 483 3093 n.
510 3058 568 3094 55.
