2176 3386
779 197 908 242 Lmen
938 197 960 224 1.
993 196 1048 225 οε
1077 195 1273 224 crssnims
1395 223 1397 225 ,
1868 186 1920 225 43

257 305 327 350 55.
365 305 521 359 Quoad
554 304 791 350 electionis
823 305 1038 359 formam,
1074 304 1471 362 praemonendum
1494 309 1564 349 est
1587 304 1701 349 nibil
1723 317 1821 349 esse
1851 304 1918 348 in·

139 393 380 442 novatum,
416 392 463 431 et
494 400 791 431 communem
827 388 1022 431 formam
1057 387 1334 432 servandam
1369 400 1466 432 esse
1499 382 1805 432 in‘electione
1834 386 1918 431 Ab·

137 472 296 516 batum
331 475 673 530 perpetuorum,
709 470 785 530 qui
820 470 994 516 scilicet
1026 471 1240 516 ecclesias
1272 476 1318 516 et
1352 472 1631 516 monasteria
1656 471 1703 515 in
1731 470 1919 515 titulum

138 559 409 612 perpetuum
443 553 657 598 obtinent
682 554 711 596 ².
749 554 905 607 Quoad
940 553 1053 598 alios
1087 567 1212 609 vero,
1242 553 1466 612 quaedam
1502 554 1674 612 pariter
1695 554 1749 597 de
1774 557 1917 611 Regu-

138 637 305 681 laribus
326 637 599 694 generatim,
625 636 850 696 quaedam
874 638 928 681 de
955 635 1229 681 monialibus
1251 636 1488 694 speciatim
1514 636 1765 682 constituta
1791 641 1914 681 sunt.

136 719 400 765 Generatim
431 718 687 766 Concilium
712 719 828 763 Trid.
857 719 885 763 1.
911 733 950 763 c.
978 718 1139 763 statuit
1164 719 1224 763 ita
1249 720 1527 764 servandum
1563 732 1660 763 esse
1688 724 1918 764 secretum

135 803 280 862 quoad
316 803 556 860 sull'ragia,
594 808 643 846 ut
675 816 833 846 eorum
869 801 1115 858 publicatio
1161 802 1435 847 electionem
1480 802 1658 846 irritam
1703 802 1843 847 faciat
1874 807 1919 846 et

136 885 422 930 inhabilitate
454 885 509 930 ad
543 885 774 944 quaelibet
805 885 952 929 officia
991 898 1099 930 suae
1140 885 1384 943 Religionis
1421 899 1526 930 eum
1562 886 1806 944 percellat,
1842 885 1918 945 qui

137 969 221 1013 hoc
256 969 389 1013 modo
422 968 524 1026 eligi
561 968 832 1026 permiserit.
870 973 992 1013 Haec
1035 974 1190 1013 tamen
1235 969 1365 1013 iuxta
1410 983 1707 1014 communem
1743 969 1918 1028 opinio-

136 1066 241 1096 nem
278 1053 430 1097 locum
462 1053 633 1096 habent
665 1052 700 1096 si
737 1052 882 1097 maior
915 1066 1016 1110 pars
1048 1053 1233 1111 capituli
1269 1067 1321 1098 ea
1355 1054 1402 1097 in
1437 1068 1483 1097 re
1518 1053 1779 1111 peccaverit
1821 1053 1918 1098 sive

157 1135 387 1192 proprium
411 1140 570 1179 votum
596 1135 885 1194 publicando,
915 1135 974 1180 six
990 1150 1013 1180 e
1037 1136 1370 1181 consentiendo
1396 1137 1531 1180 unius
1554 1136 1692 1181 etiam
1717 1136 1917 1195 publica-

136 1216 246 1261 tioni
271 1217 302 1260 ²³.
340 1217 466 1261 [nde
500 1217 613 1261 haec
636 1218 931 1263 communius
964 1218 1245 1275 inferuntur,
1271 1219 1391 1277 quod
1427 1219 1573 1263 forma
1598 1218 1915 1277 compromissi

134 1303 180 1342 et
211 1298 339 1357 quasi
385 1299 696 1356 inspirationis
728 1299 931 1344 adbiberi
976 1314 1068 1344 non
1105 1300 1282 1358 possit3
1317 1304 1362 1344 et
1404 1301 1523 1359 quod
1569 1300 1783 1358 sutfragia
1825 1314 1917 1345 non

136 1382 310 1441 possint
341 1382 504 1440 aperiri
540 1388 757 1427 oretenus
797 1383 1129 1427 scrutatoribus
1151 1384 1180 1428 ²⁸.

253 1465 324 1508 56.
362 1463 604 1521 Speciatim
639 1466 786 1524 quoad
822 1466 1044 1511 moniales
1077 1466 1313 1521 statuitur,
1345 1472 1395 1510 ut
1418 1470 1453 1512 si
1494 1480 1598 1526 pars
1632 1467 1778 1511 maior
1810 1481 1917 1512 con-

133 1546 326 1591 senserit
360 1547 404 1590 in
439 1548 600 1603 electa,
626 1553 672 1592 et
694 1549 872 1607 aliquae
905 1563 963 1593 ex
986 1549 1258 1607 eligentibus
1282 1550 1523 1608 insurgant
1545 1551 1765 1595 adversus
1800 1550 1916 1595 eius-

135 1629 256 1674 modi
290 1630 579 1685 electionem,
616 1645 667 1675 ea
703 1645 795 1674 uon
831 1632 970 1689 possit
1003 1631 1267 1677 confirmari
1300 1647 1325 1676 a
1361 1632 1616 1692 Superiore,
1644 1633 1730 1677 nisi
1756 1647 1916 1677 nume-

135 1727 211 1758 rus
234 1715 627 1759 consentientium
654 1729 732 1772 per
755 1729 987 1759 accessam
1012 1721 1189 1760 crescat
1207 1730 1350 1775 usque
1369 1717 1424 1761 ad
1437 1716 1549 1761 duas
1567 1717 1727 1761 tertias
1746 1722 1912 1775 partes.

133 1797 209 1841 Sin
245 1797 397 1842 minus
429 1797 768 1842 administratio
802 1799 1088 1854 monasterii,
1123 1800 1307 1857 dempta
1342 1800 1561 1844 facultate
1584 1800 1814 1844 alienandi
1846 1801 1917 1844 xel

133 1880 334 1939 aliquam
369 1881 617 1926 monialem
651 1882 916 1940 recipiendi,
953 1883 1285 1927 committenda
1320 1888 1388 1927 est
1422 1884 1610 1938 electae,
1646 1883 1793 1928 donec
1839 1885 1915 1928 Su-

135 1964 284 2021 perior
315 1964 557 2023 diligenter
588 1965 791 2025 quidem,
826 1967 904 2010 sed
939 1966 1108 2026 absque
1143 1967 1233 2012 ullo
1268 1972 1488 2026 apparatu
1523 1967 1680 2013 iudicii
1718 1967 1917 2027 inquirat

134 2047 179 2092 in
206 2048 449 2093 veritatem
470 2063 629 2093 eorum
654 2063 770 2108 quae
793 2049 1076 2094 obiiciuntur
1101 2051 1130 2094 ⁵.

741 2220 757 2262 ξ
785 2219 816 2254 3.
856 2241 889 2242 W
916 2220 974 2254 De
1007 2220 1292 2256 Pas-tutatione.

252 2348 320 2391 57.
356 2348 678 2393 postulationis
711 2349 899 2394 nomine
924 2350 1194 2408 intelligitur
1230 2372 1248 2391 α
1271 2353 1399 2396 illitos
1418 2354 1624 2411 qifce'eliyi
1642 2355 1705 2398 ad
1726 2356 1915 2411 praela·

137 2435 295 2475 taram
316 2444 409 2474 non
427 2438 567 2488 polest
590 2446 778 2476 concors
801 2447 828 2477 α
853 2434 1059 2490 Capitale
1083 2434 1214 2490 l'ccela
1235 2439 1390 2491 petitio
1417 2455 1454 2480 ⁷⁷.
1494 2438 1752 2481 l'ostulatur
1778 2437 1915 2495 igitur

134 2512 211 2572 qui
245 2513 347 2570 eligi
373 2514 638 2571 prohibetur
660 2520 844 2573 propter
868 2516 1251 2574 impedimentum
1275 2518 1456 2578 aliquod
1481 2520 1775 2577 canonicum;
1803 2522 1913 2565 baec

253 2683 261 2701 ¹
291 2684 445 2730 Argum.
485 2685 594 2721 Conc.
632 2686 726 2722 Trid.
762 2686 856 2722 Sess.
892 2686 1011 2725 XXV,
1040 2696 1119 2732 cap.
1156 2687 1203 2722 VI
1237 2688 1281 2724 de
1313 2688 1390 2725 Ref.
1418 2689 1696 2725 RfflrrensTUssL
1731 2689 1774 2725 de
1810 2690 1915 2726 elect.

134 2764 168 2790 n.
194 2755 273 2791 556.

252 2825 264 2842 ²
292 2826 569 2862 Rfflrrssxsrussi„
598 2827 630 2864 b.
659 2831 680 2863 t.
711 2838 744 2863 n.
772 2827 851 2863 546.

253 2897 265 2914 ³
292 2896 460 2939 GmALm,
487 2898 508 2933 l.
535 2908 564 2933 c.
595 2900 687 2935 Sect.
718 2899 794 2935 161.
1242 2948 1246 2952 Ἴ

254 2966 268 2986 ⁸
293 2967 392 3004 Sacr.
418 2968 549 3015 Congr.
578 2971 715 3006 Concil.
742 2972 838 3016 apud
868 2972 1079 3016 Fagnanum
1110 2973 1144 3007 iu
1173 2974 1258 3018 Cap.
1297 2973 1389 3016 Quia
1419 2978 1564 3018 propter
1591 2974 1633 3009 ‹le
1661 2973 1766 3010 «lect.
1796 2984 1830 3009 n.
1858 2973 1914 3008 22.

257 3039 268 3057 ⁵
296 3041 379 3085 Cap.
407 3041 452 3076 45
478 3041 522 3077 dc
549 3041 653 3080 eli-ct.
683 3042 716 3077 in
746 3044 776 3077 6.
807 3043 1150 3079 Scriniarzcnussussa
1179 3044 1229 3079 tit.
1257 3044 1300 3079 de
1327 3044 1431 3079 elect.
1460 3054 1494 3079 n.
1522 3045 1578 3086 89,
1605 3049 1618 3084 ἓ
1644 3045 1676 3081 5.

1918 2055 1959 2081 -47,
