2176 3386
506 247 635 276 LIBER
665 248 692 276 1.
725 247 781 276 DE
811 247 949 277 REBUS
978 247 1216 278 ECCLESIAE
1245 249 1572 279 SPIRITUALIBUS
1878 240 1931 280 33

81 366 83 369 ’
140 355 343 401 cendum
375 355 434 400 ab
464 369 534 400 ea.
583 348 899 415 Qua'quidem
935 355 982 400 in
1015 370 1064 400 re
1106 356 1273 402 Bened.
1309 360 1408 401 XIV
1433 357 1446 380 ¹
1481 362 1640 402 monet
1682 362 1734 402 ut
1765 364 1931 404 caveat

147 438 408 497 Episcopus,
445 453 503 483 ne
535 443 615 483 aut
647 438 1183 497 universim'improbet,
1219 438 1549 485 aut‘omnibus
1592 439 1930 486 indiscrimina-

140 520 227 565 tim
261 521 451 566 suadeat
481 521 803 581 quotidianum
836 522 892 566 ad
925 535 1105 567 sacram
1139 525 1350 567 mensam
1383 536 1639 580 accessum,
1674 524 1840 570 deinde
1872 539 1931 570 ex

137 604 327 648 decreto
361 605 458 649 Sac.
494 606 656 662 Congr.
683 608 822 650 Conc.
858 605 915 649 ad
950 605 1074 650 litem
1099 605 1154 650 de
1178 605 1510 650 communione
1543 606 1774 666 frequenti
1803 621 1928 665 prae-

139 685 386 731 cidendam
435 686 554 741 lato,
591 687 778 731 iubente
826 691 984 732 Innoc.
1023 691 1096 743 x1,
1131 687 1205 732 die
1228 689 1283 732 22
1308 687 1421 732 febr.
1463 689 1597 744 1679,
1635 690 1748 734 haec
1790 689 1930 734 verba

142 769 424 815 transcribit.
479 790 498 811 a
526 774 576 815 In
611 771 695 816 hoc
729 771 868 828 igitur
900 776 1139 816 Pastorum
1172 771 1407 829 diligentia
1445 772 1733 829 potissimum
1767 772 1931 830 invigi-

140 853 270 908 labit,
306 867 398 898 non
434 857 531 917 uta
556 854 803 912 frequenti,
829 859 909 899 aut
940 854 1207 914 quotidiana
1240 869 1397 900 sacrae
1429 855 1780 901 Communionis
1808 870 1929 902 sum-

140 936 316 995 ptione,
343 936 476 980 unica
504 938 731 995 praecepti
758 938 952 982 formula
972 937 1109 997 aliqui
1129 938 1468 994 deterreantur,
1496 944 1575 983 aut
1599 940 1812 984 sumendi
1835 941 1931 985 dies

138 1020 419 1076 generaliter
457 1019 830 1076 constituantur,
866 1022 942 1065 sed
981 1020 1124 1080 magis
1155 1022 1264 1081 quid
1307 1022 1498 1080 singulis
1546 1022 1928 1081 permittendum,

142 1117 224 1160 per
254 1116 319 1158 se,
354 1108 434 1148 aut
467 1104 708 1159 Parochos,
743 1117 820 1148 seu
855 1105 1167 1149 confessarios
1199 1104 1283 1149 sibi
1317 1106 1664 1150 decernendum
1698 1109 1844 1164 putet,
1881 1107 1930 1150 il·

140 1186 309 1246 indque
331 1187 523 1232 omnino
546 1187 802 1245 provideat,
829 1192 879 1231 ut
914 1202 1051 1232 nemo
1073 1203 1098 1232 a
1123 1201 1253 1233 sacro
1276 1188 1519 1244 Convivio,
1542 1202 1621 1234 seu
1646 1191 1929 1250 frequenter,

138 1283 221 1314 seu
254 1269 457 1328 quotidie
489 1270 750 1325 accesserit,
790 1270 1054 1328 repellatur3
1091 1275 1138 1315 et
1174 1270 1475 1315 nihilominus
1515 1271 1592 1316 det
1625 1285 1844 1330 operam,
1882 1279 1933 1318 ut

142 1352 456 1411 unusquisque
501 1353 636 1410 digne
680 1368 757 1409 pro
803 1353 1064 1398 devotionis
1105 1358 1151 1398 et
1184 1353 1547 1412 praeparationis
1588 1355 1749 1411 modo,
1788 1357 1933 1401 rarius

138 1441 224 1479 aut
245 1435 448 1480 crebrius
475 1436 698 1481 Dominici
724 1437 933 1495 Corporis
955 1437 1235 1482 suavitatem
1259 1438 1525 1495 degustet...
1566 1438 1768 1482 Proderit
1790 1439 1930 1484 etiam

143 1524 324 1578 praeter
359 1519 665 1564 parochorum
710 1524 757 1563 et
797 1519 1191 1565 confessariorum
1226 1520 1547 1577 diligentiam,
1583 1535 1717 1578 opera
1752 1535 1932 1580 quoque

139 1602 530 1648 concionatorum
565 1603 648 1658 uti,
685 1591 730 1647 ct
763 1618 870 1652 cum
904 1604 968 1647 eis
1000 1603 1305 1649 constitutum
1333 1605 1507 1661 haberi,
1535 1610 1585 1648 ut
1618 1619 1723 1649 cum
1758 1606 1933 1649 Fideles

137 1766 379 1812 quotidianus
393 1776 566 1804 accessus
585 1767 630 1803 ad
648 1767 932 1803 eucharisticam
952 1777 1118 1803 mensam
1139 1767 1255 1803 libere
1283 1768 1422 1804 eisdem
1452 1773 1577 1813 patere
1599 1777 1746 1814 semper
1772 1768 1933 1812 debebit,

140 1838 244 1875 iuxta
270 1848 417 1874 normas
445 1838 614 1882 superius
643 1839 679 1873 in
707 1838 777 1874 hoc
803 1838 950 1874 decreto
985 1838 1147 1875 traditas.
1186 1839 1230 1874 Ut
1256 1843 1379 1874 autem
1421 1847 1550 1874 omnes
1590 1839 1780 1884 utriusque
1821 1849 1934 1875 sexus

140 1909 305 1955 religiosi
335 1909 443 1945 huius
469 1909 604 1945 decreti
643 1909 905 1955 dispositiones
932 1909 999 1946 rite
1027 1919 1255 1955 cognoscere
1283 1914 1450 1955 queant,
1478 1910 1709 1955 singularum
1736 1910 1934 1946 domorum

143 1981 396 2018 moderatores
423 1981 614 2023 curabunt,
636 1985 673 2017 ut
693 1981 781 2017 illud
799 1981 997 2027 quotannis
1017 1981 1214 2018 vernacula
1243 1981 1373 2027 lingua
1402 1982 1439 2017 in
1459 1982 1647 2018 communi
1676 1982 1819 2029 legatur
1837 1983 1936 2018 intra

142 2053 319 2088 Octavam
346 2052 551 2088 festivitatis
579 2053 751 2098 Corporis
777 2052 925 2088 Christi.

262 2123 302 2160 9⁰
329 2124 494 2169 Denique
521 2129 602 2169 post
628 2123 903 2169 promulgatum
931 2124 1000 2160 hoc
1028 2125 1224 2160 Decretum
1251 2133 1388 2161 omnes
1414 2124 1657 2161 ecclesiastici
1688 2126 1888 2171 scriptores
1914 2135 1936 2162 a

138 2195 275 2241 quavis
302 2196 537 2232 contentiosa
574 2195 822 2241 disputatione
860 2196 960 2231 circa
985 2195 1250 2241 dispositiones
1285 2196 1331 2231 ad
1359 2196 1591 2242 frequentem
1617 2201 1652 2233 et
1680 2197 1935 2242 quotidianam

138 2267 446 2303 communionem
475 2267 700 2302 abstineant.

263 2339 400 2374 Relatis
425 2342 548 2374 autem
576 2338 633 2375 his
660 2338 834 2375 omnibus
872 2339 918 2375 ad
957 2338 1111 2375 SSffium
1139 2340 1180 2374 D.
1209 2339 1251 2374 N.
1281 2339 1386 2376 Pium
1414 2340 1478 2384 Pp.
1509 2340 1540 2375 X
1568 2349 1633 2385 per
1659 2339 1933 2385 infrascriptum

139 2409 178 2445 S.
207 2409 243 2445 C.
272 2408 513 2445 Secretarium
538 2409 586 2449 jin
623 2409 812 2445 audientia
837 2409 910 2447 diei
940 2410 979 2445 17
1008 2419 1124 2446 mens.
1160 2410 1367 2447 decembris
1409 2410 1524 2452 1905,
1553 2410 1735 2446 Sanctitas
1763 2411 1836 2447 Sua
1863 2411 1934 2446 hoc

143 2480 320 2517 Emorum
359 2481 508 2517 Patrum
534 2480 721 2517 decretum
761 2485 879 2517 ratum
919 2481 1065 2524 habuit,
1094 2469 1328 2518 confirmavit
1354 2485 1464 2527 atque
1492 2482 1551 2517 edi
1581 2482 1711 2524 iussit,
1739 2483 1936 2518 contrariis

137 2553 440 2600 quibuscumque
460 2553 611 2589 minime
630 2553 876 2592 obstantibus,
903 2554 1089 2590 Mandavit
1116 2555 1269 2600 insuper
1293 2559 1332 2591 ut
1351 2555 1516 2591 mittatur
1541 2556 1587 2591 ad
1615 2565 1745 2592 omnes
1768 2556 1934 2593 locorum

144 2623 358 2660 Ordinatios
384 2629 420 2660 et
445 2624 633 2661 Praelatos
660 2624 883 2670 Regulares,
909 2625 955 2661 ad
983 2626 1052 2661 hoc
1078 2630 1118 2662 ut
1147 2626 1236 2662 illud
1262 2635 1347 2662 cum
1379 2626 1456 2662 suis
1483 2626 1713 2671 Seminariis,
1739 2627 1934 2670 Parochis,

139 2695 322 2732 vinstitutis
349 2694 532 2741 religiosis
555 2700 591 2731 et
618 2695 873 2733 sacerdotibus
899 2696 1102 2742 respective
1131 2696 1420 2739 communicent,
1440 2701 1476 2732 et
1496 2697 1540 2732 de
1556 2697 1777 2733 executione
1804 2707 1935 2733 eorum

140 2775 240 2811 quae
268 2766 306 2801 in
330 2776 374 2803 eo
400 2771 538 2803 statuta
561 2771 648 2803 sunt
673 2766 708 2802 S.
735 2766 868 2804 Sedem
895 2767 1074 2804 edoceant
1105 2767 1142 2802 in
1173 2768 1249 2804 suis
1282 2767 1528 2803 relationibus
1565 2767 1609 2803 de
1647 2767 1830 2803 dioecesis
1870 2778 1934 2804 seu

143 2828 303 2875 instituti
332 2842 442 2881 statu.

266 2910 396 2946 Datum
426 2909 572 2953 Romae,
600 2910 659 2947 die
683 2909 731 2947 20
757 2910 964 2947 decembris
992 2909 1097 2947 1905.

478 2987 499 3021 †
525 2983 758 3019 Vmcmmus
783 2982 888 3018 Card.
915 2982 1036 3028 Episc.
1064 2981 1345 3024 Praenestinus,
1372 2980 1601 3027 Praefectus.

1253 3053 1292 3089 C.
1319 3053 1373 3089 DE
1402 3053 1477 3095 Lm,
1507 3053 1742 3090 secretarius.

259 3121 270 3142 ¹
298 3123 351 3159 De
377 3124 458 3169 Syn.
484 3124 626 3161 dioeces.
654 3125 716 3161 lib.
744 3125 843 3161 vin.

271 3205 586 3240 Zrmnm-Sounm.
611 3225 647 3229 —
672 3207 693 3239 Ι
693 3207 714 3239 Ι
716 3231 723 3239 .
1791 3207 1812 3236 3
