2176 3386
1136 7 1142 11 ⁸
1165 0 1344 25 ἕψησιν·
1361 0 1610 35 πωνή
1675 16 1694 37 Ι.

234 183 311 224 186
901 194 1011 225 PARS
1040 195 1081 224 11.
1116 195 1174 224 DE
1203 195 1342 225 annus

232 303 295 349 mi
329 302 575 349 Pontifices
606 306 688 348 aut
721 316 799 361 per
831 315 879 347 se
910 307 992 348 aut
1015 304 1062 347 in
1084 301 1286 348 Concilio
1318 303 1646 361 oecumenico,
1671 304 1901 351 ordinario
1927 306 2014 351 dis·

235 387 442 446 pensatio
475 387 696 432 Romanis
728 386 1025 431 Pontificibus
1055 386 1301 431 dumtaxat
1335 387 1605 446 postulanda
1643 392 1728 433 est.
1772 388 2016 448 Episcopus

232 472 437 530 profecto
471 471 588 516 iusta
621 470 676 515 de.
709 483 845 515 causa
896 470 1247 515 matrimonium
1282 470 1556 516 interdicere
1587 471 1702 516 solet
1743 471 1828 516 sub
1868 486 2014 530 poena

232 553 481 599 illiceitatis
513 557 671 598 tamen
706 566 798 598 non
843 552 1177 609 invaliditatis,
1212 557 1259 597 at
1292 552 1390 597 eius
1428 552 1726 599 interdictum
1760 554 1855 599 vim
1905 555 2014 612 legis

230 652 325 683 non
350 637 503 693 habet,
527 637 606 682 sed
629 639 870 694 praecepti
900 650 1005 681 cum
1041 636 1147 680 ferri
1182 640 1382 695 nequeat
1405 635 1491 681 nisi
1526 636 1572 681 in
1605 636 1785 682 casibus
1817 637 2013 695 particu—

230 721 414 766 laribus.

355 804 482 849 1005.
519 806 688 848 Verum
723 802 808 847 etsi
843 806 1058 848 Summus
1091 803 1302 847 Pontifex
1335 802 1580 847 dumtaxat
1608 802 1705 846 iure
1736 802 1919 862 proprio
1950 803 2015 847 fa-

231 889 451 933 cultatem
488 886 654 932 habeat
690 885 1010 944 dispensandi,
1046 898 1176 930 suam
1209 890 1367 930 tamen
1400 884 1724 930 auctoritatem
1770 885 2014 944 aliquando

235 971 463 1028 Episcopis
495 975 576 1015 aut
611 968 828 1015 praelatis
860 968 989 1027 quasi
1027 967 1255 1026 Episcopis
1288 968 1427 1012 etiam
1461 968 1610 1028 quoad
1651 966 2015 1012 matrimoniales

230 1053 595 1112 dispensationes
626 1052 829 1110 delegat,
879 1051 956 1111 qui
1005 1051 1192 1108 proinde
1241 1051 1504 1109 dispensare
1537 1051 1695 1095 valent
1730 1050 2013 1109 delegatione

233 1138 305 1182 vel
338 1149 569 1194 expressa,
610 1135 684 1180 vel
719 1138 876 1190 tacita,
915 1134 988 1178 vel
1019 1141 1345 1192 praesumpta.
1383 1140 1481 1188 Quo
1514 1134 1560 1178 in
1595 1147 1702 1179 casu
1737 1134 2014 1193 dispensatio

231 1221 338 1279 ipsis
373 1218 603 1278 Episcopis
638 1219 726 1276 peti
763 1222 925 1276 potest.
980 1221 1032 1261 Et
1063 1217 1169 1276 quia
1202 1216 1485 1275 Capitulum,
1521 1217 1625 1261 sede
1659 1221 1885 1272 vacante,
1921 1231 2013 1261 non

230 1306 376 1349 electo
411 1303 590 1348 Vicario
628 1301 907 1360 capitulari,
943 1307 988 1345 et
1029 1300 1244 1359 deinceps
1282 1299 1485 1346 vicarius
1530 1299 1801 1358 Capitularis
1834 1300 1880 1344 in
1917 1299 2014 1357 Epi-

231 1387 353 1446 scopi
405 1385 686 1431 ordinariam
741 1384 1103 1430 iurisdictionem
1153 1383 1382 1432 succedit,
1431 1383 1551 1428 intra
1599 1383 1710 1427 iuris
1755 1383 1923 1427 limites
1970 1387 2016 1427 et

230 1471 488 1531 Capitulum
522 1475 568 1515 et
603 1470 809 1514 Vicarius
842 1468 1112 1527 Capitularis
1144 1468 1406 1526 dispensare
1442 1472 1632 1526 possunt
1664 1468 1710 1511 in
1744 1466 1798 1512 iis
1836 1467 2015 1510 casibus

231 1555 279 1599 in
312 1555 477 1614 quibus
513 1553 758 1612 Episcopus
792 1555 939 1610 potest
987 1551 1274 1608 delegatione
1310 1549 1446 1595 tacita
1482 1551 1553 1594 vel
1595 1553 1916 1608 praesumpta3
1967 1550 2014 1593 in

230 1637 330 1683 aliis
369 1637 404 1682 si
439 1637 606 1681 habeat
638 1636 874 1695 aequalem
901 1633 1252 1692 delegationem.
1289 1639 1439 1686 Quare
1471 1633 1700 1678 distinctis
1722 1632 2015 1691 paragraphis

230 1721 477 1766 dicendum
512 1723 581 1765 est
618 1721 655 1777 l)
683 1722 736 1764 de
769 1717 1045 1763 auctoritate
1069 1716 1363 1776 dispensandi
1398 1716 1572 1761 Summi
1599 1714 1855 1773 pontificis,
1892 1717 1933 1773 2)
1959 1715 2014 1759 de

231 1806 506 1851 auctoritate
540 1802 833 1862 dispensandi
868 1802 1193 1861 Episcoporum
1220 1801 1291 1845 vel
1316 1802 1625 1845 praelatorum
1653 1799 2013 1845 iurisdictionem

229 1890 358 1950 quasi
393 1888 697 1947 episcopalem
732 1885 1020 1942 habentium;
1056 1886 1098 1940 5)
1123 1885 1178 1929 de
1200 1883 1474 1928 auctoritate
1498 1883 1790 1942 dispensandi
1821 1883 2014 1941 Capituli

230 1978 310 2018 aut
344 1971 512 2017 Vicarii
546 1969 835 2030 Capitularis.

574 2115 592 2161 ᾗ
620 2116 651 2151 1.
679 2135 724 2138 —
751 2115 810 2150 De
836 2113 1077 2150 auctoritate
1103 2111 1362 2159 dispensandi
1387 2111 1423 2147 S.
1452 2111 1669 2157 Pontificis.

353 2225 479 2269 1004.
503 2225 718 2268 Summus
739 2221 950 2265 Pontifex
969 2233 1100 2264 suam
1119 2218 1410 2277 dispensandi
1433 2217 1477 2261 in
1497 2215 1912 2261 matrimonialibus
1930 2215 2013 2261 im·

230 2307 506 2366 pedimentis
541 2309 814 2363 potestatem
844 2317 923 2362 per
946 2305 1104 2346 Sacras
1139 2305 1368 2345 Romanas
1401 2299 1785 2358 Congregationes
1807 2302 2009 2344 exercet.

353 2390 480 2435 1005.
521 2390 558 2446 1)
597 2391 685 2432 Per
718 2389 971 2431 Daiariam
1004 2385 1307 2442 Apostolicam
1341 2397 1446 2428 cum
1481 2383 1535 2427 dc
1569 2383 1911 2440 impedimentis
1927 2397 2014 2440 pu-

229 2475 357 2519 blicis
378 2477 558 2531 agatur,
579 2471 653 2515 vel
678 2484 781 2514 mom
803 2468 983 2534 futuris
1001 2468 1211 2525 publicis,
1236 2467 1309 2511 vel
1334 2471 1516 2510 natura
1537 2479 1625 2510 sua
1645 2465 1842 2522 publicis
1864 2464 2014 2523 prouti

230 2563 339 2603 sunt
372 2557 703 2615 impedimenta
738 2551 1171 2611 consanguinitatis,
1207 2551 1444 2595 affinitatis
1477 2564 1534 2594 cx
1567 2549 1728 2608 copula
1762 2549 1904 2604 licita,
1940 2563 2013 2594 co-

230 2642 386 2700 gnatio
421 2639 685 2699 spiritualis,
711 2642 758 2684 et
781 2637 959 2696 publica
982 2637 1200 2682 honestas
1221 2638 1309 2680 etc.
1347 2634 1651 2694 Consequitur
1681 2634 1801 2693 quod
1833 2634 2014 2692 dispen-

230 2724 422 2770 sationis
454 2725 784 2769 documentum
814 2722 1053 2779 publicum
1076 2723 1146 2764 est
1179 2719 1225 2763 in
1248 2732 1374 2774 casu,
1398 2722 1445 2763 et
1466 2717 1710 2776 expeditur
1731 2731 1812 2776 per
1833 2720 1874 2763 S.
1900 2719 2013 2762 Can—

229 2807 460 2853 cellariam
497 2806 819 2865 Apostolicam.

355 2891 482 2936 1006.
511 2893 553 2949 2)
575 2893 665 2935 Per
688 2891 887 2934 Sacram
916 2888 1337 2931 Paenitentiariam
1360 2890 1460 2930 tum
1485 2884 1531 2929 in
1555 2884 1660 2942 foro
1685 2887 1884 2938 interno,
1912 2886 2012 2927 tum

229 2972 276 3018 in
301 2973 404 3031 foro
436 2979 642 3017 externo.
679 2975 729 3017 ln
753 2970 857 3029 foro
882 2973 1068 3015 interno
1101 2972 1236 3014 Sacra
1261 2966 1619 3013 Poenitentiaria
1650 2964 2014 3025 dispensationes

228 3057 441 3102 concedit
476 3055 655 3117 quoties
686 3055 742 3100 de
776 3052 1120 3112 impedimentis
1164 3051 1358 3097 occultis
1394 3054 1571 3108 agatur.
1626 3049 1866 3094 Occultum
1899 3059 2010 3092 vero
2063 3041 2066 3044 ⁴
