2176 3386
211 183 291 223 324
850 196 960 225 PARS
989 198 1012 225 1.
1047 197 1105 226 DE
1133 197 1347 226 PERsoms

209 303 359 348 lentas
392 317 564 349 manas
585 307 811 361 iniecerit,
838 305 1157 352 anathematis
1187 307 1373 351 vinculo
1393 307 1629 352 subiaceat
1643 314 1684 352 et
1702 308 1862 353 nullas
1880 311 1986 366 Epi-

204 399 448 443 scoporam
480 387 616 431 illam
645 394 924 444 praesumat
953 389 1186 433 absolvere
1219 390 1314 433 nisi
1345 391 1506 433 mortis
1540 396 1744 457 ⁸urgente
1778 392 1988 448 periculo

206 468 350 512 donee
383 469 628 526 Apostolieo
660 472 923 526 conspectat
949 475 1291 527 praesentetur,
1327 476 1368 514 et
1400 473 1498 514 eius
1520 469 1814 516 'mandatam
1843 475 1984 517 susei-

214 554 332 609 piat.

330 635 502 680 Exinde
537 636 621 680 hoc
657 635 945 693 privilegium
971 635 1182 683 canonis
1222 636 1500 694 appellatum
1543 641 1626 682 est.
1664 642 1759 682 Hoc
1803 638 1985 696 privile·

210 717 335 776 gium
369 718 415 762 in
449 717 786 763 Constitutione
822 717 883 762 Pii
919 722 990 763 [K.
1029 719 1307 775 Apostotieae
1340 720 1466 763 Sedis
1507 720 1833 766 confirmatum
1866 723 1984 767 est‘.

331 801 433 845 400.
474 805 535 845 De
568 801 653 845 hoc
678 800 913 859 privilegio
939 800 1186 845 videndum
1214 802 1342 846 nobis
1375 807 1443 847 est
1480 804 1518 859 1)
1543 816 1780 861 quaenam
1801 806 1859 848 sit
1881 818 1988 861 per-

207 897 349 929 sonae
381 885 567 929 violatio
600 884 785 943 quaein
821 898 998 929 canone
1024 884 1238 943 punitur,
1274 886 1316 941 2)
1350 887 1544 930 cainam
1579 886 1664 930 hoc
1698 886 1986 944 privilegium

207 972 461 1026 competat;
489 968 530 1023 5)
557 980 795 1025 qaaenam
822 969 879 1011 sit
899 980 1051 1023 poena
1075 967 1297 1012 eiusmodi
1319 967 1643 1013 violationibus
1666 968 1857 1026 inflicta,
1876 971 1919 1027 4)
1942 976 1989 1015 et

208 1050 391 1094 tandein
426 1050 649 1107 qaomodo
684 1050 768 1094 hoc
805 1049 1093 1107 privilegium
1142 1065 1167 1094 a
1219 1050 1397 1095 clericis
1438 1050 1695 1095 amittatur.
1755 1056 1810 1097 Et
1840 1054 1986 1112 quoad

207 1131 406 1189 primum
440 1133 559 1175 actio
592 1145 708 1190 quae
744 1132 932 1189 punitur
967 1153 985 1171 a·
1013 1138 1076 1176 est
1108 1134 1292 1176 infectio
1327 1146 1557 1177 mannam
1607 1134 1810 1179 violenta
1842 1141 1884 1178 et
1919 1137 1988 1178 in-

205 1216 383 1258 iuriosa
413 1236 450 1257 ».
490 1214 721 1259 Violenlas
757 1228 919 1259 manus
955 1215 1140 1259 iniicere
1174 1220 1329 1260 autem
1367 1215 1664 1273 intelligimus
1691 1217 1870 1276 quoties
1895 1233 1986 1263 non

208 1297 359 1341 verbis
392 1298 467 1341 sed
504 1312 549 1341 re
583 1297 786 1355 graviter
819 1297 986 1342 iniuria
1022 1298 1100 1342 liat
1134 1299 1180 1342 in
1217 1312 1457 1355 personam
1479 1313 1642 1357 nempe
1663 1300 1735 1344 vel
1754 1300 1800 1344 in
1826 1314 1989 1359 corpus

209 1383 259 1423 ut
290 1394 396 1424 ecce
429 1380 465 1424 si
500 1394 681 1424 veneno
715 1380 933 1425 clericum
967 1381 1222 1436 sustuleris,
1263 1382 1333 1425 vel
1375 1382 1418 1425 in
1463 1382 1721 1427 libertatem
1774 1384 1914 1428 veluti
1950 1385 1986 1429 si

205 1463 399 1507 clericus
432 1462 477 1506 in
512 1477 744 1507 carcerem
781 1463 851 1506 vel
884 1462 1080 1507 alterum
1119 1463 1350 1522 privatum
1386 1464 1535 1508 locum
1560 1465 1829 1510 detrudatur
1848 1467 1922 1511 vel
1940 1466 1986 1511 in

205 1545 478 1603 dignitatem
515 1546 654 1590 veluti
689 1545 722 1589 si
760 1545 930 1603 pileum
967 1547 1037 1589 vel
1073 1546 1286 1590 baculum
1340 1546 1556 1605 Episcopo
1605 1548 1876 1604 detraxeris,
1914 1551 1985 1594 vel

208 1642 371 1673 canem
407 1628 453 1672 in
487 1642 593 1672 eum
628 1628 881 1673 irritaveris
914 1634 960 1673 et
994 1629 1306 1674 momorderit.
1347 1628 1548 1675 Dicimus
1581 1644 1658 1685 re,·
1683 1630 1871 1689 proinde
1896 1646 1987 1677 non

207 1712 374 1758 sufficit
408 1712 558 1757 verbis
594 1712 638 1756 in
674 1726 916 1770 personam
952 1714 1071 1758 facta
1105 1712 1288 1768 iniuria,
1327 1713 1467 1757 veluti
1501 1713 1538 1757 si
1573 1714 1710 1758 minis
1733 1714 1861 1759 illum
1898 1720 1986 1760 ter-

207 1796 365 1852 1·ueris;
405 1796 514 1839 item
550 1795 809 1840 huiusmodi
843 1810 992 1840 canon
1029 1795 1244 1840 iniuriam
1279 1810 1371 1840 non
1414 1797 1598 1854 respicit
1638 1811 1754 1856 quae
1804 1797 1988 1843 etiamsi

207 1894 255 1924 re
289 1885 445 1925 tamen
482 1895 572 1925 non
608 1882 652 1924 in
688 1893 928 1937 personam
965 1881 1084 1924 facta
1118 1885 1202 1935 est,
1241 1880 1381 1924 veluti
1415 1880 1450 1924 si
1483 1880 1652 1940 aliquid
1684 1881 1850 1926 clerico
1868 1882 1986 1926 clam

203 1964 443 2021 subripias.
484 1963 679 2007 Ulterius
711 1967 890 2020 oportet
924 1967 973 2006 ut
1008 1962 1193 2007 iniectio
1227 1963 1284 2007 sit
1321 1977 1479 2007 revera
1515 1963 1751 2020 iniuriosa,
1803 1978 1857 2009 ac
1905 1965 1989 2009 sal·

206 2051 299 2091 tem
334 2047 390 2091 ad
425 2047 616 2090 mortale
655 2040 893 2104 peccatum
927 2045 1303 2090 constituendum
1328 2046 1538 2091 sufficiat.
1579 2046 1798 2091 iniuriosa
1817 2050 1886 2091 est
1910 2061 1988 2091 au·

209 2105 371 2173 ὦτηὲί
423 2128 502 2173 fiat
533 2143 557 2173 a
595 2129 795 2184 volente,
831 2142 884 2173 ac
919 2129 963 2172 in
1001 2129 1338 2173 rationabiliter
1372 2129 1590 2174 invitum.
1627 2135 1775 2184 Quare
1809 2130 1883 2174 lex
1917 2144 1989 2175 ca-

209 2232 311 2262 sum
346 2218 465 2262 haud
500 2218 683 2275 respicit
714 2231 804 2276 quo
836 2217 936 2276 quis
970 2216 1068 2262 ioco
1101 2217 1156 2261 ad
1191 2217 1524 2263 correctionem
1551 2218 1620 2262 vel
1645 2217 1878 2263 subitaira
1903 2218 1990 2263 cle-

211 2300 361 2346 ricum
399 2301 640 2359 percutiat.

331 2385 433 2428 401.
459 2384 617 2438 Quoad
635 2383 889 2428 secundum
912 2397 1076 2441 nempe
1098 2383 1289 2443 quinam
1307 2383 1498 2429 canonis
1522 2383 1758 2442 privilegio
1776 2385 1987 2442 gaudeat,

209 2466 675 2512 animadvertendum
711 2471 779 2510 est
813 2466 931 2511 banc
966 2467 1109 2524 legem
1144 2467 1291 2525 quoad
1325 2467 1513 2511 clericos
1535 2481 1672 2526 quam
1700 2467 1903 2512 maxime
1928 2468 1991 2512 fa·

213 2549 466 2595 vorabilem
500 2562 596 2594 esse
630 2549 820 2608 ideoque
854 2550 971 2594 latae
1004 2548 1415 2608 interpretationis.
1452 2554 1549 2603 Qua
1573 2550 1627 2594 de
1662 2564 1708 2595 re
1730 2550 1816 2595 hoc
1851 2549 1991 2608 privi-

212 2633 382 2692 legium
397 2633 483 2678 illis
500 2632 714 2678 omnibus
729 2632 950 2691 competit
965 2632 1040 2692 qui
1062 2632 1107 2677 in
1127 2632 1224 2676 iure
1243 2632 1463 2678 latissima
1481 2632 1813 2691 significatione
1837 2633 1990 2678 clerici

211 2716 516 2775 appellantur,
536 2715 718 2774 ade02ut
741 2715 826 2760 hoc
850 2714 1140 2774 privilegium
1158 2714 1298 2759 etiam
1320 2715 1375 2759 ad
1400 2714 1629 2774 religiosos
1651 2728 1914 2771 conversos,
1934 2714 1988 2759 ad

213 2798 524 2855 moniales,ad
542 2792 745 2843 novitios
778 2797 810 2854 ²,
846 2798 902 2843 ad
935 2811 1012 2843 eos
1043 2797 1121 2857 qui
1156 2798 1201 2842 in
1235 2797 1434 2857 aliquam
1461 2798 1726 2855 religionem
1749 2797 1856 2843 licet
1877 2810 1990 2842 non·

333 2991 341 3009 ¹
373 2990 520 3027 Collcct.
549 2991 585 3027 S.
612 2990 648 3026 C.
677 2989 723 3025 de.
750 2990 856 3034 Prop.
884 2989 962 3026 Fid.
988 2999 1023 3025 n.
1053 2987 1155 3026 1002.

335 3062 348 3080 ¹
375 3062 461 3108 Cap.
488 3062 544 3104 21,
572 3062 624 3097 lit.
654 3061 708 3103 ll,
735 3060 798 3097 lib.
824 3060 846 3096 5
871 3061 1006 3098 decret.
