2176 3386
211 200 288 239 180
880 210 990 239 PARS
1021 210 1061 239 11.
1101 211 1158 239 DE
1188 209 1326 239 m-:Bus

210 319 333 364 inter
364 318 580 376 coniuges
595 318 744 378 quoad
766 318 955 363 thorum
988 331 1069 363 seu
1091 316 1239 377 quoad
1273 316 1680 374 cohabitationem,
1705 318 1780 363 vel
1812 318 1860 363 in
1894 332 1992 378 per·

211 406 400 461 petuum
437 402 509 446 vcl
541 402 597 446 ad
630 405 808 446 certum
834 405 1033 460 tempus,
1058 415 1118 445 ex
1150 399 1387 445 communi
1412 400 1528 456 iure,
1552 400 1607 445 de
1639 400 1804 460 quibus
1835 401 1883 446 in
1908 402 1993 447 hac

212 485 493 545 paragrapho
531 485 759 543 agendum
793 489 878 529 est.

328 570 429 615 996.
466 569 698 627 Separatio
733 571 952 627 perpetua
986 566 1082 611 fieri
1118 570 1290 626 potest:
1346 567 1383 623 l)
1410 581 1467 611 ex
1492 580 1626 612 causa
1662 567 1848 612 maioris
1895 582 1993 627 per-

211 651 425 698 fectionis
472 650 722 708 spiritualis
770 655 929 694 mutuo
970 651 1225 707 eontuyum
1268 663 1522 705 consensu,
1559 663 1665 695 cum
1713 650 1888 695 scilicet
1921 652 1995 696 vel

211 734 347 780 ambo
383 735 454 778 vel
487 748 578 778 una
614 737 797 778 tantum
848 747 950 791 pars
999 732 1265 790 religionem
1317 733 1631 790 ingrediatur,
1667 733 1741 778 vel
1783 747 1888 778 cum
1925 734 1996 778 vir

212 818 396 863 ordines
428 830 580 862 sacros
613 816 844 876 suscipiat.
883 818 924 870 ⁶2)
964 816 1115 860 Altera
1148 828 1286 860 causa
1319 830 1377 860 ex
1412 815 1506 874 ipso
1539 815 1866 860 matrimoniali
1899 816 1995 862 iure

214 899 494 944 intrinsecus
525 899 737 954 deducta,
763 903 832 943 est
864 897 1159 954 adulterium,
1187 912 1266 955 per
1297 898 1415 956 quod
1452 897 1724 956 intelligitur
1749 898 1900 944 omnis
1931 900 1996 944 lu-

214 984 373 1029 xuriae
407 984 582 1042 species
616 982 660 1026 in
695 996 781 1041 qua
819 981 990 1026 coniux
1026 995 1132 1025 vere
1165 981 1331 1026 dividit
1362 995 1550 1026 carnem
1595 995 1725 1027 suam
1769 995 1874 1026 cum
1909 982 1997 1027 alio

217 1069 287 1112 vel
321 1068 425 1123 alia,
462 1071 508 1111 et
549 1067 688 1110 libere
729 1065 914 1125 quidem
948 1070 994 1110 et
1029 1066 1304 1110 voluntarie.
1355 1066 1396 1121 5)
1435 1066 1583 1110 Tertia
1617 1079 1751 1110 causa
1791 1071 1860 1112 est
1893 1068 1996 1111 hac-

220 1239 233 1256 «
253 1228 284 1261 et
309 1224 474 1260 advocati
500 1233 630 1259 causas
656 1222 941 1258 matrimoniales
978 1223 1014 1258 in
1052 1222 1172 1258 Gallia
1198 1225 1308 1268 ayant
1339 1223 1426 1268 quin
1452 1222 1561 1268 officio
1598 1224 1720 1259 cedere
1757 1227 1947 1261 teneantur
1965 1238 1996 1266 „‚

213 1295 444 1332 conditiones
471 1295 614 1338 adiecit,
642 1303 798 1340 quarum
818 1294 981 1330 secunda
1008 1294 1098 1330 haec
1125 1298 1199 1330 est:
1236 1307 1248 1324 ι
1268 1294 1473 1330 Dummodo
1492 1296 1545 1331 ita
1564 1296 1684 1331 animo
1702 1297 1903 1343 comparati
1928 1298 1999 1334 sint

221 1370 332 1403 «tum
359 1367 453 1402 cirea
491 1367 651 1403 valorem
690 1368 721 1401 et
754 1365 959 1401 multitatem
997 1366 1171 1411 contami,
1199 1368 1277 1401 tam
1304 1366 1400 1401 cirea
1432 1367 1696 1412 separationem
1721 1377 1928 1413 corporum,
1957 1368 1998 1403 de

222 1452 235 1470 ‹
254 1439 383 1485 quibas
408 1439 528 1474 causis
554 1438 714 1473 iudicare
741 1439 934 1482 coquntur,
962 1440 1002 1472 ut
1026 1446 1215 1483 nunquam
1238 1438 1434 1483 proferant
1459 1438 1672 1473 sententiam
1700 1449 1817 1484 neque
1842 1439 1889 1475 acl
1914 1450 1998 1485 pro-

222 1525 236 1542 «
254 1511 441 1557 ferendam
468 1510 658 1556 defendant
684 1510 738 1545 vel
765 1510 811 1546 aa
837 1519 916 1544 eam
939 1511 1134 1554 provocent
1159 1509 1214 1543 vel
1240 1509 1393 1545 eoeeitent
1420 1509 1537 1546 divino
1563 1512 1628 1545 aut
1663 1511 1898 1548 ecclesiastico
1924 1512 1998 1548 iuri

223 1597 235 1614 α
254 1586 513 1629 repuqnantem
534 1596 566 1617 ι.
595 1581 814 1625 Quaeritur:

336 1655 362 1690 I.
396 1668 409 1685 ‹
428 1654 486 1690 An
513 1657 615 1690 recta
641 1653 687 1689 sit
714 1652 964 1698 interpretatio
999 1660 1061 1695 per
1089 1651 1224 1687 Gallias
1261 1651 1394 1688 diffusa
1424 1661 1466 1688 ac
1492 1652 1603 1688 etiam
1641 1653 1738 1698 typis
1765 1653 1870 1698 data,
1898 1654 2000 1690 iuxta

223 1739 235 1756 ι
255 1734 366 1770 quam
394 1724 571 1760 satisfacit
597 1723 801 1760 conditioni
830 1723 1050 1768 praecitatae
1079 1722 1188 1759 iudex
1215 1723 1289 1768 qui,
1318 1721 1403 1759 licet
1428 1722 1707 1759 matrimonium
1733 1723 1882 1769 aliquod
1912 1723 1999 1760 vali-

223 1811 237 1829 «
255 1798 343 1834 dum
371 1797 418 1834 sit
444 1806 567 1833 coram
594 1795 773 1839 Ecclesia,
800 1796 846 1832 ab
874 1795 936 1832 illo
965 1795 1200 1831 matrimonio
1228 1805 1312 1831 vero
1342 1800 1377 1830 et
1403 1796 1586 1832 constanti
1625 1796 1778 1832 omnino
1808 1797 1999 1842 abstrahit,

223 1882 237 1900 ι
257 1873 291 1904 et
317 1868 509 1914 applicans
536 1868 657 1913 legem
683 1867 828 1903 civilem
857 1866 1070 1913 pronuntiat
1096 1866 1218 1903 locum
1246 1876 1328 1902 esse
1366 1866 1524 1918 divortio
1540 1895 1549 1910 ,
1576 1866 1685 1903 modo
1723 1866 1823 1903 solos
1848 1866 1999 1904 effectus

224 1955 237 1973 ι
256 1941 383 1977 civiles
409 1940 602 1986 solumque
630 1943 855 1976 contractum
872 1939 1017 1975 civilem
1036 1938 1259 1984 abrumpere
1286 1942 1407 1974 mente
1436 1938 1611 1980 intendat,
1638 1947 1754 1984 eaque
1781 1938 1860 1974 sola
1885 1939 2001 1984 respi—

224 2025 238 2042 ‹
257 2012 356 2048 ciant
383 2011 530 2047 termini
557 2010 722 2056 prolatae
750 2007 983 2046 sententiae?
1009 2009 1103 2045 Aliis
1130 2010 1310 2051 terminis,
1329 2019 1377 2046 an
1403 2009 1587 2046 sententia
1611 2009 1663 2045 sic
1691 2008 1764 2045 lata
1789 2009 1860 2045 dici
1885 2009 2000 2054 possit

224 2097 238 2115 ‹
257 2083 382 2119 divino
409 2088 471 2118 aut
498 2082 751 2118 ecclesiastico
780 2081 848 2116 iuri
876 2089 952 2116 non
978 2078 1221 2125 repugnans?

335 2157 380 2192 II.
415 2170 428 2187 ι
449 2156 647 2200 Postquam
676 2154 784 2190 iudex
825 2152 1077 2198 pronuntiavit
1113 2152 1234 2188 locum
1273 2161 1355 2188 esse
1380 2151 1559 2193 divortio,
1587 2160 1636 2187 an
1663 2151 1779 2196 possit
1817 2150 2000 2196 Syndicus

224 2242 240 2262 ι
258 2227 415 2274 (gallice,
443 2226 475 2262 le
502 2224 629 2270 maire)
656 2228 691 2259 et
719 2224 796 2269 ipse
823 2224 923 2259 solos
949 2222 1100 2259 effectus
1128 2222 1259 2259 civiles
1286 2221 1481 2267 solumque
1508 2221 1655 2257 civilem
1690 2225 1918 2258 contractum
1947 2222 2000 2258 in-

224 2297 424 2339 «tendens,
453 2301 491 2332 ut
516 2305 628 2341 supra
653 2295 861 2340 exponitur,
889 2294 1086 2331 divortium
1122 2294 1372 2339 pronuntiare,
1400 2293 1570 2339 quamvis
1609 2293 1886 2329 matrimonium
1914 2292 2001 2329 vali-

225 2383 239 2401 «
258 2370 346 2406 dum
373 2369 420 2404 sit
446 2377 569 2404 coram
598 2365 796 2403 Ecclesia?

337 2439 400 2475 111.
435 2452 448 2470 ι
467 2438 708 2474 pronuntiato
727 2437 896 2480 divortio,
915 2446 963 2472 an
994 2436 1112 2481 possit
1131 2436 1228 2473 idem
1248 2435 1430 2482 Syndicus
1456 2435 1654 2481 coniugem
1673 2435 1719 2471 ad
1738 2434 1828 2472 alias
1854 2434 2001 2481 nuptias

225 2511 414 2547 «transire
440 2514 682 2546 attentantem
709 2509 867 2545 civiliter
893 2517 976 2544 cum
1003 2507 1077 2544 alio
1106 2508 1269 2553 iungere,
1297 2507 1468 2554 quamvis
1495 2507 1770 2543 matrimonium
1811 2506 1911 2552 prius
1937 2514 2002 2542 va-

226 2597 240 2615 «
258 2583 375 2620 lidum
393 2583 440 2619 sit
458 2591 582 2620 coram
602 2581 770 2618 Ecclesia
787 2582 958 2626 vivatque
977 2580 1094 2616 altera
1111 2577 1223 2625 pars?
1241 2592 1255 2610 ι
1289 2579 1395 2615 Feria
1413 2579 1456 2622 V,
1477 2579 1558 2616 loco
1578 2578 1639 2622 IV,
1667 2578 1726 2615 die
1744 2578 1786 2614 27
1802 2578 1890 2615 maii
1911 2577 2002 2614 1886

218 2655 258 2691 in
283 2654 580 2700 Congregatione
607 2653 776 2690 Generali
805 2652 840 2689 S.
869 2653 908 2689 R.
935 2655 970 2688 et
998 2652 1102 2688 Univ.
1130 2651 1271 2697 lnquis.
1299 2650 1425 2687 habita
1455 2659 1580 2686 coram
1618 2649 1931 2686 Eminentissimis
1959 2658 2002 2685 ac

220 2725 551 2763 Reverendissimis
574 2724 656 2767 ffDD.
688 2724 722 2760 S.
755 2725 794 2760 R.
821 2724 861 2759 E.
901 2723 1157 2760 cardinalibus
1195 2721 1438 2759 Generalibus
1480 2721 1766 2767 Inquisitoribus
1803 2719 2002 2767 propositis

220 2797 479 2843 suprascriptis
505 2796 639 2836 dubiis.
666 2805 708 2832 ac
734 2794 950 2842 praehabito
978 2794 1073 2831 Voto
1100 2794 1174 2829 DD.
1194 2793 1468 2836 Consultorum,
1489 2793 1600 2829 iidem
1626 2790 1920 2828 Eminentissimi
1958 2799 2001 2826 ac

221 2868 532 2906 Reverendissimi
560 2868 634 2903 DD.
659 2867 812 2904 rescribi
839 2866 1073 2903 mandarunt.
1102 2883 1144 2890 -
1171 2865 1228 2902 Ad
1254 2865 1439 2910 primum,
1465 2863 1670 2900 secundum
1695 2866 1731 2899 et
1757 2862 1903 2900 tertium
1935 2860 2002 2898 du-

222 2941 325 2978 bium
349 2940 539 2986 Negative.
567 2939 701 2975 Eadem
728 2937 818 2975 feria
843 2947 887 2974 ac
913 2937 970 2974 die
997 2937 1093 2974 facta
1110 2936 1154 2973 de
1174 2936 1230 2972 his
1259 2935 1500 2972 sanctissimo
1526 2934 1687 2971 Domino
1725 2933 1859 2970 Nostro
1885 2932 2000 2969 Leoni

221 3012 343 3058 Papae
370 3010 457 3047 XIIl
482 3010 671 3052 relatione,
699 3008 881 3045 Sanctitas
907 3008 982 3044 Sua
1008 3006 1252 3044 resolutiones
1278 3005 1669 3042 Eminentissimorum
1694 3003 1764 3040 ΡΡ.
1783 3002 2002 3050 adprobavit

220 3088 257 3119 et
281 3082 525 3120 confirmavit.
