2176 3386
230 158 310 198 268
899 167 1010 198 PARS
1038 169 1079 197 11.
1114 169 1172 197 nr:
1200 167 1340 198 minus

230 277 375 323 fidelis
412 278 695 336 sepulturam
737 282 817 323 aut
854 276 1249 323 excommunicati
1285 277 1488 333 vitandi,
1524 277 1570 322 in
1617 277 1775 336 primis
1815 277 2014 323 cadaver

230 361 541 407 effodiendum
575 365 662 417 est,
697 362 734 406 si
769 366 918 420 potest
949 359 1164 406 discerni.

355 444 483 493 1207.
522 443 693 489 Polluta
728 442 936 498 ecclesia,
974 442 1189 501 polluitur
1227 441 1368 487 etiam
1417 441 1746 487 coemeterium
1780 441 2010 498 adiacens,

233 540 326 572 non
361 541 471 572 vero
507 528 677 585 polluto
716 526 995 572 coemeterio
1042 525 1260 584 polluitur
1300 525 1506 571 ecclesia.
1561 525 1870 571 Reconciliata
1905 538 2014 570 vero

232 610 441 665 ecclesia,
478 609 807 655 coemeterium
847 623 1028 668 quoque
1076 608 1116 654 ei
1165 609 1433 665 contiguum
1478 609 1573 667 ipso
1605 608 1703 652 iure
1751 607 2015 653 reconcilia-

234 699 332 739 tum
366 693 654 752 intelligitur.
693 692 935 738 Benedicta
970 693 1162 737 ecclesia
1195 696 1480 747 exsecratur,
1515 705 1620 736 cum
1658 695 1750 736 tota
1773 690 2017 736 corruerit..

358 776 486 821 1208.
524 779 624 820 Non
659 776 804 820 solum
839 775 1081 830 ecclesiae,
1117 775 1194 819 sed
1227 778 1274 819 et
1304 774 1466 819 altaria
1506 773 1764 819 consecrari
1807 777 2012 831 possunt.

234 859 601 905 Consecrationis
633 858 790 903 altaris
823 858 938 902 ritus
979 857 1025 902 in
1073 857 1325 902 Pontificali
1360 862 1567 903 Romano
1601 861 1803 914 prostat,
1838 861 1884 901 et
1914 855 2017 901 sub·

233 942 465 987 stantialia
498 947 607 987 sunt
640 941 797 987 unctio
840 941 926 986 olei
959 941 1075 987 sacri
1109 945 1156 985 et
1187 941 1479 999 sepulchrum
1527 939 1839 999 reliquiarum.
1890 938 2016 984 Ordi-

234 1025 391 1070 narius
425 1026 636 1070 minister
670 1025 802 1069 huius
835 1025 1198 1069 consecrationis
1227 1024 1471 1083 Episcopus
1504 1028 1588 1081 est,
1624 1021 2018 1068 extraordinarius

235 1112 385 1167 potest
416 1122 513 1154 esse
550 1109 788 1167 presbyter
821 1109 895 1153 vel
928 1108 1075 1152 Abbas
1109 1122 1167 1153 ex
1201 1107 1440 1167 privilegio
1472 1107 1736 1166 apostolico.

358 1195 486 1237 1209.
525 1196 679 1237 Potest
710 1196 868 1237 autem
903 1191 1162 1237 consecrari
1195 1192 1340 1236 altare
1362 1191 1502 1235 etiam
1528 1190 1573 1235 in
1598 1189 1789 1252 eccles-ia
1816 1193 2019 1234 tantum-

237 1277 370 1321 modo
404 1275 663 1331 benefflcta,
698 1275 807 1335 quin
844 1275 968 1333 prius
1002 1275 1095 1333 ipsa
1129 1275 1319 1319 ecclesia
1353 1278 1652 1319 consacretur
1674 1274 1705 1318 ¹.

359 1361 485 1404 1210.
523 1359 816 1404 Consecratio
863 1358 1053 1413 altaris,
1090 1363 1222 1415 prout
1264 1359 1319 1402 de
1361 1356 1563 1402 ecclesiis
1596 1356 1829 1411 diximus,
1864 1356 2019 1401 iterari

235 1457 328 1488 non
366 1447 543 1501 potest,
581 1442 666 1486 nisi
716 1442 813 1487 eius
856 1441 1115 1487 exsecratio
1163 1440 1489 1500 praecesserit,
1527 1440 1598 1484 vel
1642 1439 1727 1484 nisi
1772 1443 1935 1497 agatur
1966 1439 2020 1484 de

239 1528 481 1573 iteratione
526 1527 772 1586 improprie
812 1527 962 1583 dicta,
998 1541 1071 1571 ex.
1109 1541 1174 1584 gr.
1218 1525 1253 1570 si
1290 1529 1488 1584 nequeat
1521 1524 1699 1583 probari
1743 1523 1880 1568 fuisse
1914 1537 2020 1569 con-

239 1616 487 1656 secratum.
525 1613 663 1656 Porro
697 1610 953 1655 exsecratio
987 1610 1138 1654 locum
1173 1609 1336 1654 hahet:
1378 1610 1415 1664 ’1)
1446 1608 1481 1652 si
1508 1621 1665 1653 mensa
1687 1607 1893 1665 superior
1923 1607 2021 1652 sive

236 1693 349 1751 lapis
381 1707 406 1738 a
441 1693 563 1748 basi,
599 1707 678 1738 seu
713 1692 919 1738 inferiori
963 1696 1226 1747 structura,
1262 1691 1334 1737 cui
1368 1695 1435 1735 est
1474 1691 1654 1735 adnexa
1677 1725 1687 1744 ,
1722 1693 2019 1747 amoveatur;

238 1778 279 1831 2)
318 1776 352 1822 si
403 1776 728 1835 sepulchrum,
767 1777 840 1820 ubi
874 1775 1029 1820 iacent
1077 1774 1292 1834 reliquiae
1342 1776 1645 1828 Sanctorum,
1679 1774 1912 1832 aperiatur
1948 1774 2023 1818 vel

240 1862 495 1918 frangatur,
534 1861 606 1904 vel
639 1860 675 1905 si
710 1860 822 1918 lapis
857 1874 935 1918 pro
967 1858 1112 1917 sigillo
1145 1859 1371 1917 sepulchri
1408 1857 1706 1917 reliquiarum
1745 1857 2020 1912 inserviens,

238 1944 435 2003 amplius
467 1944 708 2002 sepulchro
744 1958 835 1987 non
871 1943 1111 1988 inhaereat
1135 1942 1167 1998 2,
1205 1941 1276 1987 vel
1302 1941 1520 2001 reliquiae
1544 1945 1840 1996 ammentur,
1864 1954 1954 1999 quo
1977 1939 2023 1984 in

239 2042 346 2074 casu
383 2042 474 2073 non
509 2026 676 2072 sufficit
709 2027 877 2072 iterum
912 2041 989 2072 eas
1021 2028 1251 2085 deponere
1281 2027 1326 2070 in
1350 2026 1589 2084 sepulchro
1614 2025 1646 2070 ³.
1686 2024 1888 2083 Denique
1922 2024 1964 2081 5)
1987 2023 2024 2068 si

241 2112 335 2170 ipsa
371 2124 530 2155 mensa
568 2125 647 2168 per
679 2110 881 2154 medium
917 2110 1157 2167 frangatur
1190 2110 1260 2154 vel
1296 2108 1358 2153 ita
1393 2109 1633 2166 frangatur
1664 2107 1711 2151 in
1745 2105 1945 2161 cornuis,
1975 2109 2026 2149 ut

242 2195 367 2240 nullo
401 2194 559 2240 altaris
591 2194 690 2239 loco
724 2194 900 2250 integre
934 2192 1059 2238 Calix
1094 2207 1199 2237 cum
1235 2197 1402 2250 patena
1443 2190 1697 2235 secundum
1741 2187 1925 2233 maioris
1955 2186 2025 2232 sui

242 2284 418 2339 partem
453 2278 703 2324 consistere
738 2276 892 2335 possit.
931 2280 1032 2321 Non
1056 2276 1207 2321 obstat
1241 2289 1350 2320 vero
1383 2272 1720 2319 consecrationi
1754 2273 1953 2317 fractura
1978 2270 2025 2314 in

242 2378 339 2409 uno
376 2363 447 2408 vel
481 2364 625 2408 altero
649 2375 811 2417 cornu,
848 2360 934 2405 nisi
971 2362 1086 2405 forte
1119 2373 1263 2405 cornu
1297 2359 1405 2403 illud
1441 2358 1579 2403 fuerit
1612 2357 1825 2402 avulsum
1850 2355 1882 2399 ⁴.

367 2446 492 2490 1211.
532 2450 581 2490 [n
615 2444 773 2489 eadem
800 2443 991 2489 ecclesia
1015 2443 1104 2487 duo
1126 2442 1288 2487 altaria
1312 2442 1386 2486 vel
1419 2440 1645 2499 cappellas
1677 2439 1825 2485 eidem
1860 2442 2026 2484 Sancto

244 2541 338 2572 non
371 2526 477 2572 licet
510 2539 796 2584 nuncupare,
834 2529 1151 2584 praeterquam
1197 2528 1243 2567 B.
1282 2527 1342 2569 M.
1383 2521 1555 2580 Virgini
1589 2526 1634 2566 et
1676 2525 1724 2565 D.
1763 2523 1816 2566 N.
1854 2525 1886 2566 Ι.
1922 2521 1967 2564 C.
1991 2519 2022 2564 ⁵.

365 2750 374 2768 ²
404 2750 438 2786 S.
467 2750 535 2786 Rit.
565 2749 697 2795 Congr.
727 2749 762 2784 in
789 2748 958 2784 Mocinen.
988 2746 1031 2782 12
1058 2750 1151 2792 sept.
1180 2745 1283 2781 1857.

364 2821 376 2839 ²
404 2821 438 2858 S.
466 2821 502 2856 C.
531 2820 641 2857 Conc.
670 2821 707 2855 in
733 2819 962 2864 Newporten.
992 2817 1034 2853 14
1062 2817 1182 2853 martii
1211 2816 1314 2854 1861.

365 2893 378 2913 ³
404 2892 439 2929 S.
466 2892 504 2928 C.
535 2892 575 2928 R.
602 2890 647 2927 22
674 2894 766 2937 sept.
797 2889 899 2927 1848.

365 2962 378 2981 ⁸
405 2963 440 3000 S.
470 2963 511 2999 R.
537 2962 570 2998 C.
602 2962 623 2999 5
650 2961 770 2999 martii
799 2959 901 3004 1821,
927 2960 949 2996 6
975 2964 1045 2997 oct.
1075 2960 1180 2996 1857.

365 3033 377 3052 ⁵
405 3033 438 3070 S.
468 3033 506 3070 C.
531 3033 624 3079 Epp.
652 3037 688 3069 et
714 3033 802 3078 Reg.
829 3032 876 3069 50
902 3031 981 3068 iulii
1011 3031 1113 3068 1874.
