2176 3386
267 181 346 221 262
910 191 1020 221 PAns
1050 193 1074 220 1.
1109 192 1165 221 DE
1194 191 1407 222 Pensoms

267 312 326 343 an
359 299 578 344 decenter
608 303 655 343 et
686 298 881 343 fideliter
913 297 1249 354 custodiantur,
1283 312 1343 343 an
1365 298 1519 343 adsint
1540 312 1702 344 earum
1727 300 1961 358 catalogus
1981 305 2047 346 at-

267 392 355 438 que
387 379 682 425 authenticae
714 385 867 425 certae
900 379 1020 435 fidei,
1056 393 1132 424 eas
1163 380 1287 424 enim
1322 394 1553 438 exponere
1586 394 1679 425 non
1726 381 1858 436 licet,
1901 395 1959 426 ne
2001 381 2047 426 in

269 462 480 507 Ecclesiis
511 463 696 523 quidem
730 464 975 521 exemptis,
1013 462 1098 507 nisi
1133 463 1257 521 prius
1279 463 1542 521 recognitae
1565 464 1934 524 approbataeque
1956 464 2049 509 sint

267 547 324 593 ab
355 547 612 602 Ordinario,
639 547 823 592 tametsi
848 547 938 591 iam
964 547 1180 605 probatae
1202 561 1227 591 a
1255 551 1460 593 Romano
1487 548 1708 593 Pontifice
1727 549 1757 592 ¹.
1795 552 1889 594 Nec
1921 549 2045 605 licet,

267 631 303 676 si
337 631 555 690 reliquiae
588 633 854 675 sanctorum
888 634 934 673 et
968 629 1382 675 instrumentorum
1417 629 1677 676 dominicae
1703 631 1926 689 passionis
1951 646 2047 691 per-

269 715 448 761 mixtae
475 716 567 759 sint
600 713 802 774 reliquiis
835 718 1119 768 sanctorum,
1155 717 1403 774 antequam
1437 719 1674 772 separatae
1701 715 1874 760 fuerint
1895 715 1926 760 ².

387 800 487 843 500.
524 798 680 851 Quoad
708 802 867 842 Beatos
896 797 1151 841 notandum
1175 797 1293 856 quod
1318 797 1387 842 his
1413 811 1498 842 nec
1522 798 1744 843 Ecclesias
1769 812 1854 844 nec
1878 798 2047 844 Altaria

267 897 535 941 nuncupare
578 882 735 936 liect³‚
774 895 857 925 nec
898 894 1057 924 eorum
1105 879 1317 939 reliquias
1358 880 1403 923 in
1448 880 1813 938 processionibus
1853 881 2046 926 circum-

268 966 400 1009 ferre.
433 968 483 1008 Et
500 978 659 1009 eorum
686 964 908 1021 imagines
931 969 976 1007 et
1002 963 1217 1023 reliquiae
1240 963 1287 1008 in
1312 963 1380 1008 his
1413 968 1598 1007 tantum
1627 961 1837 1008 Ecclesiis
1861 962 2048 1007 retineri

266 1051 311 1091 et
344 1046 512 1105 exponi
548 1051 751 1104 possunt,
789 1045 835 1089 in
868 1045 1032 1105 quibus
1064 1058 1224 1090 eorum
1258 1044 1458 1089 officium
1493 1045 1588 1089 lieri
1625 1044 1956 1102 permittitur'&

386 1131 484 1174 501.
527 1133 691 1173 Eorum
716 1143 827 1173 vero
849 1129 925 1187 qui
950 1142 1056 1173 cum
1077 1127 1337 1172 sanctitatis
1361 1129 1481 1172 fama
1507 1127 1783 1172 dormierint
1806 1126 2046 1185 imagines,

268 1227 324 1256 ne
360 1212 405 1256 in
438 1211 649 1256 sacrariis
681 1211 865 1270 quidem
900 1211 1198 1256 ecelesiarum
1233 1210 1432 1255 retinere
1466 1210 1589 1266 licet,
1618 1209 1709 1254 imo
1743 1209 1899 1254 necin
1924 1210 2047 1254 fene—

266 1299 464 1339 strarum
499 1295 632 1339 vitris
664 1295 909 1354 depingere
929 1295 959 1339 ⁵.

385 1379 484 1422 502.
524 1378 715 1423 Materia
750 1377 1027 1422 visitationis
1059 1379 1100 1433 5)
1128 1383 1236 1422 sunt
1270 1377 1415 1435 legata
1450 1376 1537 1435 pia.
1574 1377 1705 1422 Circa
1743 1389 1860 1435 quae
1898 1374 2044 1434 inqui-

266 1461 456 1505 rendum
502 1476 559 1506 an
594 1461 743 1520 aliqua
777 1461 928 1505 adsint
960 1475 1103 1520 eaque
1137 1461 1304 1519 scripta
1338 1460 1629 1505 retineantur
1661 1459 1708 1503 in
1745 1459 1868 1503 libris
1907 1462 2045 1517 atque

265 1544 559 1603 impleantur,
585 1550 666 1590 aut
696 1546 853 1605 siquae
887 1559 1006 1590 nova
1041 1545 1349 1590 instituuntur
1380 1558 1538 1589 eorum
1563 1542 1727 1587 notitia
1756 1542 1932 1587 Vicario
1961 1544 2044 1586 Ge-

264 1628 406 1672 nerali
441 1629 813 1674 communicetur
846 1635 895 1673 ut
917 1628 1181 1674 executioni
1206 1629 1501 1673 mandentur.

383 1714 483 1757 505.
523 1714 587 1757 Ad
620 1713 757 1757 baec:
793 1714 837 1770 4)
862 1713 1054 1757 materia
1079 1713 1358 1758 visitationis
1380 1718 1489 1758 sunt
1513 1712 1739 1758 Ecclesiae
1764 1725 1856 1756 non
1888 1726 2043 1756 exem-

263 1798 383 1851 ptae,
409 1795 529 1839 circa
562 1809 674 1854 quas
707 1795 1032 1854 inquirendum
1057 1810 1116 1840 an
1141 1796 1308 1841 liberae
1333 1798 1404 1841 vel
1436 1801 1707 1855 patronatae
1739 1797 1848 1853 sint,
1883 1811 1941 1840 an
1977 1810 2043 1840 re-

264 1879 500 1937 paratione
523 1879 759 1935 indigeant
791 1893 844 1923 ac
878 1879 1200 1924 instrumentis
1232 1882 1287 1924 ad
1310 1893 1462 1924 sacras
1487 1879 1751 1924 functiones
1775 1878 2046 1924 necessariis

262 1963 353 2007 sint
386 1963 667 2008 sufficienter
701 1965 969 2019 instructae,
1005 1979 1062 2009 an
1105 1979 1254 2010 novae
1295 1965 1596 2011 aedificentur
1635 1965 1805 2024 absque
1846 1964 1951 2008 dote
1998 1968 2044 2007 et

266 2046 468 2106 Episcopi
502 2047 705 2102 licentia,
740 2062 798 2092 an
833 2048 994 2092 altaria
1028 2048 1228 2092 habeant
1260 2048 1441 2093 iconem
1481 2061 1691 2103 sacram,
1736 2046 1931 2105 lapidem
1975 2059 2042 2090 sa-

261 2141 389 2172 crum
425 2134 690 2188 coopertum
727 2130 814 2174 tela
848 2136 1019 2185 cerata,
1055 2131 1143 2174 duo
1177 2130 1339 2175 saltem
1380 2130 1653 2175 candelabra
1698 2143 1803 2174 cum
1843 2129 2041 2188 imagine

261 2211 492 2267 Crucssixi,
529 2226 737 2257 mensam
774 2213 916 2258 tribus
948 2213 1126 2271 mappis
1146 2213 1259 2258 albis
1280 2219 1562 2271 coopertam,
1598 2227 1793 2273 quarum
1836 2212 2043 2272 superior

261 2310 317 2340 ex
353 2301 546 2356 utroque
579 2298 720 2341 latere
754 2298 847 2341 fere
870 2297 925 2341 ad
949 2297 1291 2356 suppedaneum
1315 2297 1579 2352 descendat,
1606 2297 1803 2342 fulcrum
1829 2296 2038 2352 missalis,

259 2379 449 2424 tabellas
480 2379 594 2424 sacri
629 2380 852 2435 convivii,
891 2380 1049 2439 psalmi
1086 2381 1269 2425 Lavabo
1301 2384 1347 2424 et
1384 2380 1615 2438 Evangelii
1650 2383 1691 2425 S.
1720 2379 1919 2424 loannis.

379 2462 481 2507 504.
509 2467 699 2521 Insuper
731 2463 771 2520 5)
800 2463 991 2507 materia
1024 2446 1305 2507 visitationis
1327 2468 1396 2507 est
1418 2462 1744 2518 Seminarium,
1771 2463 1893 2507 circa
1919 2461 2039 2521 quod

259 2543 489 2603 inquirere
533 2545 669 2590 debet
713 2545 959 2604 Episcopus
990 2560 1050 2590 an
1083 2545 1259 2590 alumni
1294 2546 1494 2591 babeant
1531 2546 1748 2605 requisita
1781 2559 1806 2589 a
1840 2544 2040 2591 Concilio

377 2774 387 2794 ¹
418 2776 542 2812 Sixtus
562 2776 592 2811 V
611 2775 734 2812 Consi.
759 2776 949 2812 Dominus.

377 2846 389 2865 ³
417 2847 454 2884 S.
479 2847 548 2883 Rit.
575 2847 709 2893 Congr.
733 2847 780 2884 20
805 2847 912 2883 Febr.
942 2846 1042 2883 1847.

376 2918 389 2936 ³
416 2918 451 2956 S.
479 2919 546 2955 Rit.
574 2918 709 2965 Congr.
738 2919 778 2954 11
808 2918 946 2964 Aprilis
974 2917 1077 2954 1840.

375 2988 389 3009 ⁸
415 2989 586 3027 Urbanus
612 2989 696 3026 V111
724 2989 848 3026 Consi.
877 2990 1162 3027 sanctissimum.

375 3061 388 3081 ³
414 3061 449 3098 S.
475 3061 547 3098 Rit.
573 3061 703 3107 congr.
730 3060 775 3097 24
802 3061 921 3098 Martii
950 3060 1051 3097 1860.
