2176 3386
262 170 342 211 290
903 183 1014 212 PARS
1042 184 1068 212 1.
1103 184 1160 212 DE
1189 183 1401 213 PERsoms

265 306 357 337 non
391 292 716 338 dioecesanum
743 294 773 336 ¹.
821 297 1036 339 Attamen
1070 293 1183 339 haec
1217 294 1371 352 praxis
1403 309 1578 340 novum
1614 295 1684 341 ius
1715 310 1809 340 non
1842 296 2042 353 induxit,

264 374 422 419 nullibi
458 375 582 420 enim
621 375 817 420 habetur
847 389 983 434 super
1015 390 1062 420 re
1094 382 1308 434 expressa
1347 376 1458 422 iuris
1490 378 1740 435 dispositio.
1796 383 1848 424 Et
1892 379 2045 438 praxis

263 457 402 503 citata
436 472 460 503 a
494 458 717 504 Cardinali
756 463 816 503 De
849 463 984 513 Luca,
1009 464 1055 503 et
1089 459 1391 505 resolutiones
1424 461 1465 504 S.
1497 465 1540 506 C.
1564 460 1750 506 Concilii
1784 475 1809 506 a
1844 462 2045 508 Ferraris

262 542 426 586 allatae
460 555 594 586 casus
637 542 855 600 speciales
903 541 1168 600 respiciunt.
1221 547 1370 596 Quare
1402 543 1648 588 dicendum
1691 548 1761 589 est
1800 544 1920 603 quod
1957 545 2040 590 etsi

264 625 408 683 magis
440 626 498 669 sit
529 630 837 683 opportunum
861 629 913 669 ut
941 625 1135 682 eligatur
1155 629 1421 681 extraneus,
1448 626 1548 684 eligi
1575 631 1723 685 potest
1755 627 1895 672 etiam
1922 628 2043 674 dioe-

263 721 458 753 cesanus
490 708 566 767 qui
601 722 655 752 ex
693 707 820 765 praxi
853 709 1109 766 appellatur
1144 707 1430 753 Provicarius
1464 709 1700 766 generalis.

382 792 482 835 557.
505 791 727 844 Quamvis
746 790 926 836 Vicario
944 791 1155 836 Generali
1181 791 1303 836 nulla
1324 792 1380 836 sit
1398 791 1596 849 dignitas
1614 792 1822 837 beneficii
1847 793 2041 849 ratione,

263 879 331 920 est
365 880 519 919 tamen
555 874 732 918 ratione
756 874 1049 931 magistratus
1078 888 1213 933 quem
1250 875 1380 931 gerit,
1406 875 1776 933 quandoquidem
1809 875 2046 931 dignitatis

264 958 450 1003 nomine
493 958 685 1016 quaevis
731 958 871 1002 etiam
922 956 1189 1002 continetur
1237 958 1600 1015 praeeminentia
1641 972 1697 1003 ex
1733 958 2044 1004 iurisdictione

265 1042 555 1100 proveniens.
594 1041 710 1086 Hinc
743 1041 889 1085 eidem
926 1041 1146 1099 competit
1180 1041 1249 1085 ius
1282 1042 1581 1099 praecedendi
1615 1055 1776 1086 omnes
1808 1041 1918 1087 alios
1951 1057 2043 1088 non

264 1126 397 1170 modo
431 1124 684 1170 canonicos
718 1138 880 1168 verum
914 1124 1054 1168 etiam
1104 1124 1333 1168 I‘raelatos
1379 1124 1595 1183 Episcopo
1641 1125 1910 1180 inferioreS,
1946 1126 2045 1171 sive

262 1211 468 1264 absente,
505 1208 602 1254 sive
638 1212 878 1267 praesente
916 1208 1151 1266 Episcopo,
1188 1222 1336 1267 neque
1370 1212 1551 1252 tantum
1588 1208 1632 1252 in
1667 1208 1845 1253 actibus
1882 1209 2046 1268 quibus

264 1292 454 1337 interest
488 1291 665 1335 ratione
699 1304 807 1335 suae
843 1290 1184 1347 iurisdictionis,
1221 1305 1383 1335 verum
1418 1290 1558 1335 etiam
1593 1290 1638 1335 in
1673 1292 1887 1336 omnibus
1926 1291 2041 1348 aliis,

262 1375 510 1420 dummodo
543 1380 782 1433 tamquam
819 1375 1024 1419 Vicarius
1056 1374 1239 1419 intersit
1272 1389 1420 1433 neque
1453 1373 1670 1420 Canonici
1709 1387 1861 1419 sacras
1895 1379 2046 1419 vestes

263 1463 439 1517 gerant,
476 1458 730 1502 cuiusmodi
766 1462 874 1501 sunt
914 1457 1139 1515 pluvialis,
1175 1458 1419 1502 dalmatica
1444 1458 1474 1502 ².
1523 1457 1647 1502 Unde
1681 1457 1888 1516 sequitur
1915 1456 2043 1501 Vica-

264 1542 382 1586 rium
430 1541 699 1586 Generalem
741 1540 904 1598 potiori
941 1540 1117 1585 ratione
1164 1540 1418 1598 digniorem
1453 1540 1602 1584 locum
1642 1539 1687 1583 in
1735 1538 2047 1598 spiritualibus

262 1623 470 1669 obtinere
505 1637 610 1681 prae
633 1622 947 1668 Gubernatore
971 1623 1225 1682 ceterisque
1260 1623 1483 1667 iudicibus
1517 1628 1563 1667 et
1592 1622 1941 1679 Comiilissariis,
1966 1621 2043 1681 qui

262 1708 381 1753 circa
418 1707 684 1765 temporalia
720 1707 901 1764 negotia
941 1707 1179 1751 constituti
1213 1712 1333 1752 sunt.
1369 1707 1581 1766 Sequitur
1614 1708 1798 1766 insuper
1830 1707 2042 1752 eumdem

262 1791 297 1837 si
332 1791 390 1835 sit
422 1790 679 1837 Canonicus
712 1795 850 1849 utque
884 1790 986 1835 talis
1019 1792 1157 1835 choro
1190 1791 1323 1846 adsit,
1359 1796 1534 1836 ceteros
1567 1791 1830 1835 nullatenus
1863 1804 2043 1849 praece·
2084 1844 2087 1851 Ι

261 1875 394 1929 dere,
429 1874 505 1919 sed
550 1875 698 1919 locum
734 1888 866 1918 suum
916 1878 1089 1930 tenere,
1126 1879 1171 1918 et
1203 1874 1239 1918 si
1274 1875 1386 1919 vel1t
1427 1875 1695 1932 praecedere
1734 1878 1784 1918 ut
1819 1874 2041 1930 vicarius,

262 1957 394 2002 debet
429 1957 635 2001 habitum
670 1957 987 2002 canonicalem
1020 1957 1269 2013 dimittere,
1295 1961 1406 2002 tunc
1433 1972 1542 2002 vero
1573 1956 1918 2002 distributiones
1950 1970 2042 2001 non

262 2043 467 2086 lucratur
503 2043 535 2086 ³.

999 2188 1231 2217 ARTICULUS
1265 2190 1309 2218 11.

751 2270 810 2310 De
838 2273 1058 2324 potestate
1092 2269 1263 2312 Vicariz'
1299 2267 1557 2311 Generalis.

384 2360 483 2405 558.
523 2360 587 2404 Ad
621 2364 895 2418 potestatem
928 2361 1090 2406 Vicarii
1125 2361 1359 2406 Generalis
1391 2361 1510 2420 quod
1528 2361 1717 2415 attinet,
1747 2365 1944 2419 quatuor
1977 2375 2043 2405 re-

263 2445 393 2503 gulae
423 2459 528 2503 prae
552 2445 695 2490 oculis
717 2444 953 2489 habendae
975 2448 1097 2488 sunt.
1139 2445 1175 2500 1)
1207 2448 1407 2488 Potestas
1432 2443 1596 2488 Vicarii
1623 2444 1858 2489 Generalis
1884 2448 2044 2503 utpote

263 2530 361 2574 3133
382 2529 530 2575 officio
553 2530 750 2584 adnexa,
777 2532 845 2573 est
867 2528 1096 2573 ordinaria
1121 2542 1212 2573 non
1237 2528 1458 2585 delegata.
1497 2529 1538 2583 2)
1564 2529 1729 2573 Eadem
1755 2529 1903 2573 vicem
1928 2529 2046 2586 gerit

263 2611 590 2657 iurisdictionis
623 2611 881 2657 ordinariae
909 2611 1111 2670 Episcopi
1138 2611 1199 2656 ita
1224 2616 1274 2655 ut
1297 2611 1341 2655 in
1368 2611 1422 2656 iis
1443 2625 1560 2671 quae
1593 2612 1648 2657 ad
1673 2625 1773 2656 eam
1811 2611 2046 2669 pertinent

263 2694 471 2739 Vicarius
503 2709 648 2739 unum
682 2694 893 2754 idemque
927 2708 1031 2739 cum
1070 2694 1286 2752 Episcopo
1328 2694 1466 2739 habet
1497 2694 1711 2740 tribunal.
1760 2695 1804 2751 3)
1836 2698 1885 2738 In
1921 2698 2043 2752 pote·

264 2782 382 2823 state
414 2792 550 2837 quam
591 2778 795 2822 Vicarius
818 2777 1052 2824 Generalis
1075 2777 1211 2822 habet
1233 2777 1436 2835 generali
1469 2777 1686 2822 mandato
1718 2791 1771 2822 ea
1794 2791 1887 2822 non
1920 2790 2042 2821 com·

383 2909 393 2929 ¹
424 2909 477 2946 Ita
502 2910 686 2946 Fannius
705 2908 743 2945 in
760 2908 962 2945 Biblioteca
983 2908 1070 2945 iuris
1091 2907 1267 2944 Canonici
1287 2907 1411 2954 plures
1436 2907 1540 2944 affert
1558 2908 1805 2945 resolutiones
1827 2906 1861 2943 S.
1876 2906 1913 2944 C.
1933 2906 2043 2944 Cone.

384 2981 396 2999 ⁸
423 2981 456 3018 S.
484 2980 618 3026 Congr.
645 2980 715 3016 Rit.
743 2979 763 3015 5
791 2989 876 3026 aug.
906 2978 995 3015 1602
1021 2983 1090 3016 etc.

385 3052 398 3072 ³
423 3051 458 3090 S.
487 3052 555 3089 Rit.
583 3052 720 3098 Congr:
746 3051 767 3087 2
794 3061 878 3097 aug.
907 3050 1012 3087 1605.

2143 1710 2176 2002 ⁴-¹·.·R?7*-'¹N''
2164 1672 2169 1688 ⁴*
2165 1631 2176 1637 1
2159 1603 2166 1613 ‘

2111 2376 2176 2764 {l

2112 2766 2139 2844 t
