2176 3386
239 187 319 227 466
884 197 994 226 PARS
1024 199 1048 226 1.
1083 198 1140 226 DE
1170 197 1381 227 PERsoms

240 305 443 351 ceditur:
479 308 594 350 haec
625 305 849 350 beneficia
897 304 1284 364 iurispatronatus
1317 305 1620 364 appellantur.
1671 304 1816 350 Laicis
1846 304 1917 349 ius
1948 304 2025 349 ad-

242 389 451 435 vocatiae
483 388 730 448 aliquando
763 401 1037 433 concessum
1070 391 1155 444 est,
1193 387 1262 433 ius
1299 391 1476 446 partem
1525 386 1723 432 habendi
1756 387 1830 432 vel
1877 386 2027 432 coale-

240 472 395 518 scendi
430 472 477 517 in
511 471 933 527 confraternitates,
970 470 1042 516 ius
1076 474 1254 530 partem
1305 469 1501 516 habendi
1535 470 1583 515 in
1618 470 1846 515 Ecclesiae
1887 469 2027 515 fabri-

241 550 319 597 cis.
360 557 420 597 De
453 551 524 596 his
556 550 760 596 breviter
791 549 1011 596 dicemus.

983 743 1215 773 Auricucus
1248 745 1275 773 1.

871 852 931 893 De
964 851 1067 893 iare
1096 853 1398 895 Patronacus.

360 970 461 1014 600.
503 967 755 1013 Remissive
787 968 842 1012 ad
876 971 1127 1013 tractatum
1163 968 1218 1012 de
1252 967 1503 1013 Beneficiis.

973 1162 1204 1191 ARTICULUS
1237 1163 1282 1191 ll.

872 1270 933 1311 De
965 1269 1069 1311 iare
1102 1267 1390 1312 advocatiae.

358 1381 458 1426 601.
499 1385 571 1425 lus
601 1379 872 1425 advocatiae
907 1379 1152 1439 aliquando
1180 1379 1237 1423 ab
1264 1378 1460 1423 Ecclesia
1498 1377 1780 1435 Principibus
1812 1390 1866 1421 ac
1898 1376 2026 1434 opti-

239 1465 437 1521 matibus
469 1463 740 1509 conceditur
774 1468 823 1507 ut
859 1463 1106 1508 Ecclesiam
1141 1464 1329 1522 eiusque
1353 1462 1473 1520 leges
1496 1462 1763 1516 defendant,
1790 1474 1882 1505 non
1913 1473 2027 1504 vero

237 1553 289 1594 ut
312 1547 560 1594 Ecclesiam
595 1551 757 1606 regant
788 1551 926 1606 atque
961 1548 1235 1604 gubernent.
1272 1550 1422 1599 Quare
1458 1544 1576 1590 Laici
1611 1542 1880 1589 advocatiae
1915 1542 2026 1587 iuris

239 1636 480 1691 praetextu
522 1631 698 1676 nullum
742 1630 1079 1675 ecclesiasticae
1115 1628 1445 1673 iurisdictionis
1486 1632 1641 1672 actum
1685 1639 1902 1671 exercere
1945 1639 2023 1670 va-

238 1714 347 1759 lent.
386 1717 486 1758 lure
519 1712 789 1758 advocatiae
837 1712 938 1757 laici
973 1727 1023 1757 ea
1061 1712 1159 1756 iura
1208 1710 1456 1770 acquirunt
1486 1723 1603 1768 quae
1635 1709 1692 1753 ab
1729 1707 1926 1753 Ecclesia
1959 1709 2028 1752 eis

237 1796 572 1851 conceduntur,
609 1809 753 1854 eaque
785 1800 947 1840 contra
984 1794 1208 1839 Ecclesiae
1243 1793 1533 1838 voluntatem
1566 1805 1783 1837 exercere
1818 1805 1908 1835 non
1945 1804 2024 1835 va·

239 1879 349 1934 lent,
387 1893 444 1923 ne
477 1878 547 1923 ius
581 1878 878 1936 protectionis
912 1877 957 1921 in
994 1877 1063 1921 ius
1095 1876 1402 1935 oppressionis
1438 1874 1664 1920 Ecclesiae
1702 1878 2018 1919 convertatur.

239 1966 409 2007 Verum
442 1962 575 2006 hodie
599 1961 679 2006 vix
712 1961 759 2005 in
787 1961 985 2006 Ecclesia
1018 1958 1230 2005 advocati
1265 1958 1587 2013 inveniuntur,
1613 1971 1719 2002 cum
1754 1962 1804 2001 ut
1835 1957 2020 2002 historia

236 2046 370 2090 docet
417 2045 502 2090 hoc
535 2044 632 2089 iure
679 2044 950 2089 advocatiae
998 2043 1100 2088 laici
1135 2041 1315 2100 saepius
1348 2041 1395 2085 in
1432 2041 1656 2086 Ecclesiae
1689 2041 2019 2086 detrimentum

239 2128 305 2171 usi
339 2127 447 2171 sint.
485 2130 726 2172 Caeterum
776 2126 830 2170 de
863 2125 1134 2171 advocatiae
1166 2125 1263 2169 iure
1311 2138 1444 2181 agere
1478 2123 1533 2168 ad
1572 2122 1640 2167 ius
1673 2122 1905 2180 publicum
1945 2126 2022 2166 Ec-

236 2209 545 2254 clesiasticum
593 2209 742 2267 potius
773 2223 912 2268 quam
946 2209 999 2252 ad
1035 2207 1104 2252 ius
1136 2206 1412 2252 canonicum
1449 2205 1678 2263 pertinere
1711 2204 1902 2250 evidens
1934 2209 2019 2248 est.

966 2400 1197 2430 ARTICULUS
1228 2400 1289 2429 111.

838 2498 897 2539 De
934 2493 1424 2551 Confralcrnicatibus.

358 2603 458 2647 602.
495 2601 859 2648 Confraternitas
890 2605 959 2646 est
990 2605 1147 2646 coetus
1191 2600 1370 2659 piorum
1409 2598 1610 2644 fidelium
1657 2602 1766 2655 (non
1801 2612 1911 2643 vero
1953 2612 2023 2642 re-

236 2685 516 2742 ligiosorum)
543 2685 598 2729 ad
621 2685 846 2744 quaedam
870 2684 940 2742 pia
966 2697 1100 2742 opera
1135 2683 1392 2728 exercenda
1416 2682 1690 2727 auctoritate
1712 2680 2021 2727 ecclesiastica

237 2767 476 2813 institutus
499 2769 531 2813 ¹.
2150 2769 2176 2826 ζ

355 2851 796 2898 Confraternitatum
844 2850 1066 2908 originem
1102 2850 1251 2910 quoad
1298 2848 1601 2894 substantiam
1636 2852 1846 2893 auctores
1895 2861 2021 2906 repe·
2128 2829 2176 2912 12³1,

235 2937 342 2978 tunt
372 2948 398 2978 a
431 2933 631 2992 collegiis
662 2934 780 2992 apud
813 2933 1023 2978 ethnicos
1056 2932 1318 2990 vigentibus
1349 2932 1404 2976 de
1425 2930 1589 2991 quibus
1620 2930 1667 2975 in
1697 2931 1781 2988 leg.
1823 2933 1901 2975 XII
1939 2931 2022 2973 Ta-

355 3064 361 3083 ¹
392 3064 463 3100 Cir.
493 3064 624 3101 Οικττι
652 3064 833 3111 Synopsis
860 3064 930 3100 hoc
957 3063 1080 3100 verbo.
