2176 3386
239 113 290 153 10
911 125 1021 155 PARS
1050 126 1093 155 ιι.
1127 126 1183 155 DE
1213 124 1351 155 nanus

975 319 1207 349 Anicetus
1239 321 1284 349 u.
1317 347 1319 350 ,

410 435 472 477 De
503 434 734 492 effectibus
768 436 1000 490 Baptz'smi
1029 439 1071 477 ec
1102 434 1157 477 de
1195 436 1428 491 Baptismo
1459 434 1540 478 sub
1572 434 1847 480 conditione.

359 562 459 606 (5⁹28.
499 563 698 607 Effectus
731 562 943 620 baptismi
978 567 1087 607 sunt
1134 563 1284 608 delere
1333 563 1552 621 originale
1592 568 1858 622 peccatum,
1893 569 1940 609 et
1972 565 2018 611 in

232 645 407 690 adultis
433 645 575 690 etiam
608 645 822 700 actualia,
861 645 1097 690 remittere
1130 660 1316 691 omnem
1342 660 1537 704 poenam
1572 647 1771 705 peccatis
1798 646 2015 703 debitam,

237 728 504 786 imprimere
537 729 870 773 characterem.
908 729 1215 783 Quamobrem
1261 729 1444 774 iteratio
1491 729 1705 789 baptismi
1738 730 1783 774 in
1822 730 2018 776 Ecclesia

235 824 420 870 semper
452 811 607 856 habita
641 815 709 855 est
742 811 1012 869 gravissima
1055 812 1208 870 culpa,
1244 812 1464 857 adversus
1501 827 1640 872 quam
1674 812 2020 871 irregularitatis

235 908 434 952 poenam
458 894 664 939 decrevit
699 895 825 940 Alex.
865 899 920 941 [ll
946 897 975 939 ¹.

357 978 458 1022 629.
495 978 623 1032 Quod
656 978 722 1034 si,
761 993 806 1022 re
840 984 1055 1024 accurate
1101 979 1408 1037 investigata,
1446 981 1675 1038 probabile
1713 981 1770 1026 ab
1802 981 2018 1047 examine

232 1061 412 1105 oriatur
443 1061 667 1107 dubitatio
700 1062 756 1106 de
790 1062 1007 1121 Baptismi
1043 1063 1278 1108 validitate
1314 1064 1384 1108 vel
1420 1064 1681 1120 collatione,
1708 1064 1862 1110 iterari
1886 1065 2019 1109 debet

237 1143 321 1188 sub
354 1143 633 1188 conditione.
671 1148 884 1190 Ceterum
921 1146 966 1190 in
1003 1146 1243 1191 iudicando
1276 1161 1334 1191 an
1370 1146 1605 1192 iterandus
1638 1147 1721 1202 sit,
1759 1162 1843 1192 nec
1876 1148 2018 1193 nimia

238 1227 461 1272 utendum
498 1228 717 1273 facilitate
750 1234 846 1284 est,
884 1243 968 1273 nec
1003 1229 1143 1274 nimia
1192 1229 1482 1286 difficultate,
1522 1231 1673 1288 agitur
1705 1231 1829 1276 enim
1864 1232 1918 1276 de
1951 1245 2018 1276 sa-

236 1317 477 1356 cramento
516 1325 726 1357 summae
771 1313 1072 1358 necessitatis.
1123 1319 1408 1372 Quapropter
1451 1314 1661 1372 'l'lleologi
1708 1315 2021 1359 communiter

236 1394 405 1438 docent
428 1400 477 1438 ut
503 1395 655 1439 iterari
695 1395 832 1454 possit
858 1400 1012 1440 tantae
1037 1395 1321 1441 necessitatis
1344 1401 1706 1452 sacramentum,
1742 1412 1834 1442 non
1870 1403 2020 1443 tantas

239 1477 407 1535 requiri
444 1477 644 1522 rationes
677 1478 731 1523 de
765 1479 862 1523 cius
898 1479 1052 1524 valore
1085 1480 1341 1536 dubitandi,
1376 1485 1576 1540 quantae
1611 1482 1908 1540 requiruntur
1939 1498 2019 1542 pro

240 1559 460 1604 iterandis
493 1561 658 1605 ceteris
691 1563 1008 1619 sacramentis3
1036 1568 1081 1607 et
1114 1563 1220 1608 licet
1251 1564 1440 1608 dubium
1463 1578 1610 1622 grave
1632 1567 1879 1625 exquirant
1910 1567 2017 1612 dum

233 1642 389 1701 agitur
421 1643 475 1687 de
511 1644 737 1703 plerisque
771 1647 1090 1702 sacramentis,
1116 1661 1221 1691 cum
1255 1646 1406 1704 agitur
1438 1647 1493 1692 de
1517 1647 1742 1706 baptismo
1767 1650 1839 1693 vel
1872 1663 2017 1694 sacer-

239 1729 379 1783 dotio,
424 1729 631 1788 aliquale
674 1729 862 1774 dubium
897 1732 1104 1776 sufficere
1140 1736 1299 1776 tenent
1322 1732 1353 1775 ².
1400 1735 1511 1776 Cum
1549 1746 1656 1777 vero
1694 1732 1903 1791 quaestio
1934 1735 2019 1778 ista

236 1812 502 1871 saepissime
536 1819 741 1857 recurrat
776 1814 821 1858 in
846 1814 1151 1859 conversione
1184 1813 1521 1859 haereticorum
1546 1814 1600 1858 ad
1634 1813 1787 1870 fidem,
1815 1820 2013 1873 praestat

239 1896 495 1940 recentiora
531 1898 755 1955 quaedam
793 1898 1076 1954 Apostolicae
1118 1897 1243 1941 Sedis
1274 1897 1551 1946 documenta
1586 1898 1632 1942 in
1669 1898 1869 1943 medium
1920 1913 1998 1958 pro

235 1981 375 2034 t'errc,
411 1995 467 2024 cx
502 1981 667 2039 quibus
700 1980 798 2024 crui
833 1981 1013 2025 criteria
1048 1986 1266 2039 poterunt
1297 1981 1352 2024 ad
1387 1980 1566 2040 praxim
1601 1981 1881 2026 deducenda.

359 2065 458 2109 650.
498 2069 707 2109 lamvero
744 2065 988 2122 Episcopus
1021 2065 1321 2110 Annecicnsis
1354 2064 1399 2109 in
1434 2065 1652 2109 Sabaudia
1688 2065 1875 2110 dubium
1922 2081 2018 2126 pro-

240 2150 390 2207 posuit
426 2172 444 2189 n
473 2154 538 2194 An
574 2149 851 2194 calvinistae
875 2153 921 2193 et
948 2148 1192 2193 Lutlierani
1218 2149 1261 2192 in
1289 2148 1373 2193 illis
1406 2149 1610 2207 partibus
1642 2149 1874 2206 degentes,
1910 2164 2017 2209 quo-

241 2248 342 2278 rum
376 2233 599 2291 baptisma
635 2233 824 2278 dubium
860 2239 905 2278 et
936 2237 1199 2292 suspectum
1234 2238 1318 2288 est,
1357 2232 1561 2277 infideles
1593 2232 1788 2277 habendi
1821 2232 1930 2288 sint,
1956 2233 2048 2285 ita,

240 2323 290 2361 ut
326 2318 446 2363 inter
479 2332 555 2363 cos
579 2323 625 2362 et
647 2318 896 2362 catholicos
923 2317 1201 2375 disparitatis
1223 2317 1372 2360 cultus
1394 2314 1776 2374 impedimentum
1800 2314 2020 2360 dirimens

233 2401 396 2446 adesse
422 2406 667 2446 censeatur
692 2435 730 2455 ,,.
768 2404 904 2458 Cong.
926 2403 968 2444 S.
993 2400 1080 2445 off.
1112 2399 1223 2444 feria
1252 2403 1324 2455 IV,
1351 2399 1422 2444 die
1451 2401 1500 2444 17
1531 2414 1640 2445 nov.
1671 2400 1798 2455 1850,
1835 2414 2018 2459 respon-

232 2485 369 2530 ›dit³:
426 2487 463 2541 l)
500 2485 657 2539 Quoad
708 2484 991 2539 haereticos,
1027 2497 1222 2542 quorum
1271 2487 1422 2528 sectae
1473 2483 1652 2528 ritualia
1703 2483 2020 2541 praescribunt

236 2569 531 2614 collationem
567 2567 779 2627 baptismi
814 2567 983 2626 absque
1016 2567 1276 2612 necessario
1309 2580 1391 2611 usu
1428 2567 1647 2612 materiae
1676 2571 1722 2612 et
1747 2568 1919 2612 formae
1951 2580 2018 2611 es-

236 2652 470 2708 sentialis,
505 2653 640 2697 debet
672 2650 929 2697 examinari
975 2645 1107 2695 casus
1150 2650 1449 2709 particularis.
1503 2652 1544 2707 2)
1579 2650 1733 2704 Quoad
1768 2650 1906 2706 alios,
1941 2650 2019 2708 qui

360 2856 366 2873 ¹
399 2855 440 2890 ln
466 2855 552 2900 Cap.
580 2854 641 2890 Ex
668 2854 875 2890 litterarum
902 2853 946 2890 de
975 2852 1139 2899 Apostat.
1166 2858 1201 2888 et
1228 2853 1369 2888 iterant.
1396 2851 1573 2898 Baptism.

356 2927 370 2946 ²
400 2927 453 2964 Cf.
485 2927 525 2963 R.
554 2929 593 2964 P.
621 2927 662 2962 D.
690 2926 931 2962 D‘Asmnann
957 2925 1009 2961 De
1035 2925 1133 2962 Sacr.
1159 2925 1195 2960 in
1219 2934 1348 2970 yenere
1378 2922 1471 2968 App.

356 2997 371 3016 ³
397 2997 544 3034 Collect.
573 3006 607 3032 n.
636 2996 716 3033 649.

2137 2618 2151 2767 -2-*2-
2139 2583 2152 2591 (
2142 2558 2147 2564 .

2160 2790 2164 2794 ’
2164 2576 2176 2753 σ-ιιι
2168 2500 2176 2539 ιν,
