2176 3386
750 194 881 223 Lmen
909 195 934 222 1.
969 194 1025 222 DE
1053 192 1248 222 CLEfflms
1426 229 1430 232 ⁴
1816 180 1892 220 123

110 308 154 363 2)
193 319 302 351 cum
336 305 584 351 Gratianus
617 302 664 347 in
697 315 779 347 suo
812 301 968 346 codice
1003 302 1130 359 plura
1163 314 1220 344 ex
1257 302 1362 345 iure
1392 300 1522 345 civili
1565 302 1890 345 Romanorum

112 388 397 443 inseruisset,
433 399 632 445 cumque
665 385 777 430 item
812 383 866 429 iis
898 383 1182 442 temporibus
1228 382 1340 427 iuris
1380 381 1531 426 civilis
1555 381 1890 426 'Romanorum

112 473 315 519 studium
351 470 631 517 reviviscere
664 469 905 527 coepisset,
941 466 1149 513 Gratiani
1184 466 1407 511 collectio'
1426 465 1734 510 studiosorum
1769 464 1892 521 inge-

115 557 202 602 niis
234 555 346 601 satis
377 554 602 610 faciebat3
640 553 682 607 5)
718 556 955 611 praeterea
989 550 1077 595 illis
1109 549 1392 608 temporibus
1417 545 1670 593 maximam
1695 547 1893 592 auctori-

112 645 256 685 tatem
293 637 540 682 habebant.
579 634 912 680 Universitates
944 633 1218 688 studiorum,
1256 632 1377 676 inter
1414 646 1527 691 quas
1572 633 1890 679 Bononiensis,

114 722 162 766 in
194 735 283 781 qua
316 726 416 765 tum
461 718 680 778 temporis
713 717 946 761 maximae
979 718 1131 761 famae
1165 715 1476 760 iurisconsulti
1509 715 1750 760 florebant.
1788 714 1893 758 Uni-

118 804 313 850 versitas
348 800 645 847 Bononiensis
687 800 892 846 Gratiani
935 798 1274 854 collectionem,
1316 811 1452 858 super
1491 813 1630 858 quam
1674 797 1894 842 lectiones

113 888 305 934 forsitan
339 886 524 944 abipso
556 884 777 930 Gratiano
824 884 869 927 in
910 896 961 928 ea
1006 882 1315 927 Universitatc
1358 881 1691 936 tradebantur,
1735 879 1893 924 statim

114 969 300 1027 recepit.

229 1060 378 1108 Quare
413 1052 546 1097 huius
580 1051 864 1096 collectionis
897 1050 1155 1102 occasione,
1193 1063 1315 1093 noxa
1352 1049 1546 1093 facultas
1580 1049 1626 1091 in
1662 1047 1895 1091 [niversi-

115 1143 209 1182 tate
245 1135 518 1181 Bononiensi
555 1135 766 1179 instituta
800 1139 883 1178 cst.
926 1133 1029 1178 Eius
1063 1133 1290 1191 professor
1326 1133 1557 1188 Mayistri,
1597 1133 1893 1174 Deci-ecorum

111 1221 331 1274 doctores,
354 1232 603 1277 eorumque
623 1218 859 1262 auditores
876 1219 1163 1269 canonistae,
1187 1215 1518 1258 Decretatistae
1535 1212 1746 1271 appellati
1768 1216 1891 1256 sunt.

116 1308 209 1348 [mo
244 1305 390 1348 factae
423 1307 531 1347 sunt
563 1303 618 1346 de
651 1301 855 1346 Gratiani
891 1301 1162 1345 collectione
1200 1300 1378 1356 gylossae
1425 1298 1776 1350 interlineares,
1814 1309 1896 1352 ap-

110 1394 326 1445 paratas,
352 1387 455 1431 dein
481 1387 682 1432 absolate
714 1388 1072 1430 commentaria.
1111 1382 1434 1428 Universitatis
1477 1380 1775 1425 Bononiensis
1817 1395 1896 1424 ex-

112 1471 334 1528 emplum,
368 1475 415 1515 et
448 1470 563 1515 aliae
598 1469 932 1513 [nixersitates
975 1467 1183 1511 imitatae
1231 1472 1364 1522 sunt,
1417 1467 1525 1510 hinc
1559 1466 1621 1509 nil
1657 1465 1823 1509 mirum
1859 1465 1894 1509 si

111 1553 209 1597 eius
242 1553 526 1597 existimatio
559 1553 781 1597 latissime
813 1550 960 1608 faerit
990 1557 1258 1607 propa-cata
1297 1551 1324 1593 ¹.

231 1636 387 1690 Quoad
422 1638 750 1680 auctoritatem
786 1636 1091 1678 intrinsecam
1126 1632 1298 1676 decreti
1332 1631 1538 1677 Gratiani
1575 1645 1790 1688 magnam
1831 1644 1895 1674 re-

116 1733 222 1763 xera
262 1733 353 1761 non
387 1733 478 1763 esse
510 1718 756 1762 dicendum
792 1722 875 1761 est.
914 1718 959 1771 a)
996 1717 1117 1761 Ordo
1141 1716 1216 1775 qui
1244 1716 1287 1760 in
1325 1720 1448 1760 recta
1485 1715 1683 1774 partium
1709 1714 1897 1773 disposi-

114 1802 239 1846 tione
273 1801 498 1856 consistit,
523 1803 716 1845 ommino
749 1800 1049 1856 desideratur-3
1086 1799 1193 1844 hinc
1229 1800 1454 1844 Antonius
1481 1797 1760 1856 Augustinus
1798 1798 1893 1842 ait:

117 1904 135 1924 a
173 1886 213 1928 si
244 1884 374 1941 apud
411 1886 699 1928 Gratianum
734 1890 885 1928 artem
920 1885 1137 1941 requiras
1169 1889 1210 1926 et
1241 1883 1457 1926 ordinem
1481 1881 1682 1929 dicendi.
1711 1880 1895 1937 frastra

115 1967 402 2011 laboraveris
429 1985 447 2004 v
476 1967 505 2010 ².
552 1968 590 2021 1))
629 1965 833 2011 Gratiani
868 1966 1079 2011 collectio
1115 1966 1271 2009 mattis
1302 1965 1540 2009 erroribus
1570 1969 1739 2021 scatet3
1776 1978 1897 2008 erra-

117 2050 184 2093 vit
216 2049 341 2094 enim
377 2049 423 2093 in
460 2050 722 2094 nominibus
756 2049 1014 2104 hominum,
1051 2049 1252 2103 urbium,
1281 2049 1643 2106 provinciarum,
1676 2049 1897 2094 Concilio-

117 2148 218 2178 rum
252 2140 361 2190 etc.,
397 2148 529 2193 saepe
564 2135 703 2179 falsae
736 2139 844 2178 sunt
879 2133 1214 2192 inscriptiones,
1251 2138 1297 2178 et
1319 2147 1434 2192 quac
1459 2133 1765 2178 Concilioium
1790 2138 1899 2178 sunt

119 2218 388 2261 Pontificum
426 2218 733 2264 Maximorum
768 2231 865 2262 esse
899 2218 1133 2271 dicuntur,
1172 2218 1241 2261 vel
1276 2231 1393 2276 quae
1426 2221 1535 2261 sunt
1567 2215 1760 2260 alicuius
1801 2216 1897 2274 Epi-

114 2301 255 2359 scopi,
296 2305 500 2345 Romano
535 2301 758 2357 Pontifici,
793 2306 874 2346 aut
905 2300 1107 2346 Concilio
1140 2300 1370 2355 Generali,
1409 2300 1480 2344 vel
1515 2299 1787 2357 provinciali
1822 2299 1898 2342 tri-

117 2384 336 2428 buuntur.
383 2387 596 2429 Attamen
632 2384 913 2429 clarissimus
947 2384 1202 2430 Vecchiotli
1237 2383 1570 2428 animadvertit
1601 2382 1792 2428 omnino
1832 2396 1897 2426 re·

119 2468 490 2525 prehendendam
524 2481 622 2512 esse
657 2487 677 2508 u
705 2468 764 2512 Ct.
806 2470 1080 2526 Greyorovii
1111 2468 1367 2513 audaciam
1392 2469 1474 2526 qai
1491 2467 1505 2489 ⁹⁰
1530 2467 1776 2525 affirmare
1803 2479 1894 2509 non

117 2552 339 2595 erubescit
387 2551 556 2595 librum
592 2551 717 2595 lianc
761 2552 1031 2608 deturpasse
1070 2553 1276 2595 notiones
1321 2551 1550 2594 iuridicas
1596 2550 1822 2594 Ecclesiae
1859 2554 1899 2592 et

119 2636 287 2689 Status,
323 2635 641 2693 iudiciumque
672 2636 884 2678 omnium
919 2640 1127 2679 aetatum
1159 2634 1424 2678 obscurasse
1455 2647 1511 2677 ea
1557 2637 1706 2676 mente
1741 2638 1787 2675 ott
1825 2644 1897 2675 sa-

116 2718 315 2762 cerdotio
349 2732 404 2762 ac
439 2720 677 2762 Primatai
709 2719 753 2762 S.
795 2718 1029 2776 Pontifices
1071 2719 1324 2774 imperinm
1357 2719 1408 2761 in
1453 2719 1670 2760 aniverso
1723 2715 1898 2758 mitndo

241 2917 247 2936 ¹
278 2918 329 2954 Cf.
360 2918 527 2955 WALmn
554 2928 613 2965 op.
631 2929 674 2961 c„
693 2918 765 2955 vol.
794 2917 823 2953 1.

239 2993 250 3011 ²
277 2993 356 3029 Lib.
386 2993 416 3035 1,
443 2993 578 3038 dialog.
607 2993 638 3035 1,
657 2992 702 3029 de
728 2992 873 3029 emend.
901 2992 1017 3028 Gau.

240 3065 252 3084 ³
280 3065 322 3101 In
340 3075 400 3109 op.
427 3065 478 3101 La
503 3065 614 3101 storia
641 3065 677 3100 di
704 3065 821 3100 Roma
846 3063 904 3100 nel
933 3062 980 3099 M.
1007 3063 1096 3105 Evo,
1125 3066 1147 3097 ι.
1174 3061 1208 3103 4,
1234 3071 1267 3107 p.
1294 3061 1373 3097 754.
