2176 3386
824 220 954 250 Lmen
983 221 1010 248 1.
1047 220 1104 249 DE
1133 220 1327 250 CLEmcls
1892 212 1973 252 373

305 327 348 381 2)
386 325 428 371 Si
462 325 622 371 titulus
653 325 934 372 constitutus
967 331 1037 372 est
1069 327 1116 372 in
1150 327 1342 373 ecclesia
1375 328 1617 384 saeculari,
1650 329 1902 375 cardinalis
1923 329 1972 375 in

185 408 347 454 eadem
382 413 600 468 potestas,
625 409 732 454 licet
754 409 999 469 aliquando
1022 410 1218 469 amplior
1250 411 1405 466 fuerit,
1431 422 1557 456 nunc
1579 416 1738 457 tamen
1776 416 1975 471 (praeter

184 506 235 537 ea
269 506 387 552 quae
420 492 542 537 dicta
576 493 701 550 sunt)
734 491 1058 550 complectitur
1090 498 1296 539 tantum:

305 577 350 632 a)
390 579 449 620 Ea
482 574 637 620 omnia
684 589 802 635 quae
852 576 1087 633 pertinent
1128 578 1185 636 ad
1219 577 1460 623 servitium
1510 580 1730 624 ecclesiae
1763 585 1843 625 aut
1884 581 1971 626 loci

184 658 262 718 pii,
297 658 418 704 circa
450 662 607 703 tamen
642 659 930 718 disciplinam
954 660 1314 706 ecclesiasticam
1344 667 1390 707 et
1412 676 1600 707 suorum
1635 665 1971 710 correctionem

182 741 427 787 dumtaxat
447 743 478 798 ¹,
502 742 797 788 oeconomice
823 742 1041 788 nimirum
1065 747 1203 803 atque
1226 745 1637 791 e>.traissdi(:ialiter
1658 731 1912 795 curandam
1937 749 1967 795 ².

299 826 340 881 b)
377 825 675 872 Collationem
702 826 1048 882 beneficiorum,
1073 841 1186 887 qaae
1220 828 1267 873 in
1300 828 1407 886 ipsis
1441 829 1588 875 titulis
1610 829 1821 876 instituta
1845 837 1969 889 sunt,

182 908 432 954 dummodo
466 914 622 954 tamen
657 908 908 954 Cardinalis
940 909 1140 956 titularis
1172 910 1219 956 in
1254 912 1385 957 Curia
1421 912 1617 958 resideat.
1639 913 1668 956 ⁸.

300 992 341 1043 5)
382 992 611 1037 Utrobixis
657 992 717 1037 sit
762 993 1069 1050 constitutus,
1105 1000 1174 1040 est
1221 995 1408 1054 insuper
1450 997 1675 1042 Cardinali
1714 998 1759 1042 in
1810 999 1970 1044 eodem

183 1079 384 1134 potestas
415 1076 682 1121 conferendi
717 1081 899 1134 praeter
930 1081 1170 1123 tonsuram
1206 1079 1401 1125 Ordines
1432 1079 1571 1125 etiam
1608 1080 1825 1138 minores,
1851 1083 1971 1142 quod

183 1159 374 1218 proinde
406 1164 644 1218 nequeunt
676 1159 722 1204 in
758 1160 872 1205 I'rbe
907 1160 934 1204 ii
970 1161 1257 1218 Cardinales,
1291 1162 1366 1222 qui
1414 1167 1523 1208 sunt
1560 1163 1763 1223 Episcopi
1811 1165 1970 1210 subur-

183 1243 358 1298 bicarii,
394 1243 499 1301 quia
532 1243 705 1300 degunt
738 1248 869 1289 extra
906 1244 1064 1290 titulos
1096 1259 1218 1302 suos,
1254 1246 1362 1291 licet
1396 1246 1440 1291 in
1475 1248 1675 1306 cappella
1712 1248 1780 1293 sui
1816 1249 1970 1307 palatii

187 1327 381 1384 primam
416 1330 654 1370 tonsuram
690 1328 901 1372 conferre
935 1328 1110 1385 possint
1132 1329 1163 1373 ⁴.

481 1453 513 1488 2.
539 1473 586 1476 —
611 1453 670 1488 De
694 1452 731 1489 S.
759 1453 803 1490 R.
830 1454 876 1490 E.
905 1455 1184 1492 Cardinalium
1208 1459 1405 1503 potestate
1429 1458 1522 1494 sede
1547 1463 1725 1496 vacante.

300 1545 402 1589 476.
444 1548 505 1588 De
541 1548 781 1603 potestate,
813 1560 950 1605 quam
986 1548 1248 1593 Cardinales
1281 1563 1498 1594 exercere
1532 1555 1721 1608 possunt
1754 1552 1859 1596 sede
1895 1566 1970 1597 va·

182 1633 335 1683 cante,
370 1628 691 1686 distinguenda
731 1634 800 1674 est
839 1644 890 1674 ea
925 1644 1042 1690 quae
1069 1636 1166 1675 toto
1199 1633 1351 1677 coetui
1385 1634 1622 1692 competit,
1658 1635 1714 1679 ab
1746 1649 1816 1691 ea,
1854 1650 1970 1694 quae

184 1709 467 1767 singulorum
505 1711 679 1770 propria
713 1717 781 1757 est
817 1726 896 1771 pro
929 1727 1010 1757 suo
1044 1715 1308 1772 particulari
1342 1730 1551 1761 munere.
1592 1722 1703 1776 Ergo

254 1788 257 1792 ’
306 1796 343 1850 1)
379 1798 584 1840 Potestas
621 1809 700 1841 seu
735 1797 987 1842 iurisdictio
1036 1798 1176 1844 totius
1224 1804 1383 1844 coetus
1428 1803 1626 1859 (praeter
1668 1802 1737 1846 ius
1773 1803 1970 1861 eligendi

184 1880 422 1923 Summum
461 1879 745 1935 Pontificem)
782 1881 837 1925 ad
871 1894 1004 1926 casus
1037 1886 1220 1927 tantum
1243 1884 1513 1928 extenditur
1534 1885 1740 1942 urgentis
1774 1888 1969 1932 necessi—

182 1960 304 2016 tatis,
341 1962 437 2006 sive
481 1967 643 2020 agatur
686 1963 741 2008 de
779 1964 914 2008 terris
966 1965 1191 2010 Ecclesiae
1243 1969 1476 2012 Romanae
1518 1969 1837 2027 defendendiS,
1872 1972 1970 2016 sive

181 2044 269 2088 alio
303 2045 483 2102 urgenti
516 2050 562 2090 et
594 2047 722 2104 gravi
759 2047 985 2105 periculo,
1022 2049 1141 2107 quod
1183 2049 1359 2094 duabus
1391 2065 1416 2095 e
1449 2051 1595 2097 trIbus
1636 2053 1839 2098 eiusdem
1880 2055 1968 2099 col·

180 2126 280 2185 legii
318 2128 521 2186 partibus
553 2129 644 2173 tale
679 2129 892 2174 videatur
915 2131 946 2174 ⁵.

301 2213 341 2267 2)
383 2215 442 2255 De
474 2211 758 2270 singulorum
793 2217 1017 2271 potestate
1051 2215 1178 2260 varia
1214 2217 1365 2274 regula
1390 2221 1459 2261 est
1490 2232 1568 2276 pro
1593 2219 1722 2264 vario
1757 2234 1965 2276 munere,

183 2294 426 2339 nimii-um:

302 2379 346 2435 α)
383 2378 648 2434 camerarii,
685 2380 1033 2425 l'oenitenliarii
1057 2386 1102 2425 et
1127 2382 1292 2427 Vicarii
1322 2383 1453 2428 Urbis
1477 2389 1677 2442 potestas
1701 2386 1760 2430 ita
1791 2392 1964 2443 manet,

182 2466 248 2517 ut,
284 2461 319 2505 si
355 2461 399 2505 in
434 2462 650 2507 Conclavi
685 2463 925 2519 decedant,
961 2464 1136 2508 duobus
1169 2464 1395 2523 prioribus
1425 2480 1711 2513 successores
1743 2483 1768 2513 a
1803 2472 1844 2514 S.
1872 2471 1966 2514 Col-

302 2594 309 2612 ¹
341 2594 466 2631 Innoc.
493 2594 576 2638 XII,
601 2594 724 2631 Consl.
751 2596 936 2632 Romanus
963 2597 1143 2643 Pontifeae,
1170 2598 1192 2634 5
1220 2598 1365 2635 Octobr.
1383 2599 1483 2642 1692,
1510 2604 1524 2640 ἓ
1551 2601 1744 2637 Postremo.

299 2665 312 2684 ²
339 2665 514 2703 Prromus
541 2667 593 2703 De
621 2666 826 2704 Controver.
853 2668 1058 2711 Patronor„
1078 2669 1225 2715 allegat.
1252 2669 1310 2712 41,
1336 2680 1371 2707 n.
1397 2670 1454 2706 51.

299 2735 312 2754 ³
338 2737 497 2774 Rmmn
527 2739 570 2774 In
598 2739 746 2784 reputas
774 2739 927 2776 Cameli..
965 2740 1009 2776 ad
1044 2750 1120 2786 reg.
1154 2741 1234 2777 8³11]
1262 2746 1276 2782 ἓ
1301 2742 1348 2778 5⁴)
1381 2753 1468 2789 seq„
1500 2748 1535 2779 et
1567 2744 1617 2780 ibi
1645 2744 1779 2780 decret.
1807 2744 1968 2782 Alexan-

180 2805 234 2842 dri
261 2805 340 2849 vu,
366 2815 426 2842 an.
455 2807 556 2844 1651.

297 2876 310 2896 ⁵
338 2877 535 2914 Beuemcr.
562 2879 660 2922 XIV,
687 2881 812 2917 Const.
841 2882 898 2918 Ad
925 2883 1160 2926 audientiam,
1191 2883 1234 2919 16
1260 2884 1367 2920 Febr.
1388 2884 1490 2920 1745.

299 2949 311 2969 ⁵
337 2950 425 2988 Pius
444 2951 505 2994 IV,
532 2952 687 2988 Constit.
713 2955 755 2989 In
781 2954 963 3001 eligendis,
990 2955 1012 2992 9
1040 2955 1212 2992 Octobris
1232 2956 1346 2999 1562;
1375 2957 1578 2994 FAGNANus
1599 2955 1637 2994 in
1664 2968 1744 3003 cap.
1775 2959 1864 2995 Cum
1881 2961 1966 2996 olim

181 3019 225 3056 de
253 3021 408 3058 maiorit.
434 3029 470 3060 et
488 3023 606 3066 obed,
635 3033 670 3060 n.
689 3025 722 3066 5,
741 3024 797 3061 62.
830 3024 881 3063 Cf.
900 3026 1012 3062 eliam
1039 3026 1165 3063 Const.
1193 3027 1392 3064 Clementis
1423 3029 1504 3072 XII,
1535 3030 1780 3077 Apostolatus,
1806 3030 1828 3066 4
1856 3031 1966 3068 Octo-

182 3093 257 3131 bris
284 3094 387 3132 1752.
