2176 3386
262 187 338 228 134
900 201 1009 230 PARS
1037 202 1061 230 1.
1099 202 1157 230 DE
1186 201 1396 231 PERsole

260 302 307 347 in
342 305 600 362 regularum
635 319 719 350 usu
752 306 902 351 curari
934 306 1117 352 debent.
1155 307 1329 360 Quibus
1361 307 1522 367 positis
1555 308 1825 368 praecipuae
1858 311 2042 368 regulae

260 387 568 433 declarativae
603 388 997 448 interpretationis
1029 393 1165 435 sunt:
2169 380 2176 434 ἔ

388 472 422 525 l)
461 471 599 516 verba
632 472 743 517 satis
774 473 895 518 clara
930 487 1021 518 non
1056 473 1301 518 admittere
1335 473 1767 533 interpretationem
1798 476 1811 498 ²
1846 476 1933 520 nisi
1968 478 2041 522 vel

263 558 426 598 natura
459 555 474 577 ‘²
507 554 640 599 aliter
669 555 876 610 suadeat,
912 556 986 600 vel
1019 556 1141 600 aliud
1173 556 1369 601 sensisse
1403 556 1707 614 legislatorem
1748 557 1807 602 sit
1849 557 2041 603 manife-

261 640 382 680 stum
410 637 423 659 ³
458 638 524 681 uti
557 636 593 682 si
626 651 757 682 secus
787 643 1006 697 sequatur
1037 639 1286 684 absurdum
1311 640 1342 685 ⁶.

382 723 423 777 2)
459 721 596 766 verba
639 722 867 779 generalia
914 723 1189 780 generaliter
1232 738 1332 770 esse
1380 725 1648 784 excipienda
1685 724 1771 770 nisi
1819 724 1905 770 alia
1944 725 2041 782 lege

262 803 444 861 speciali
478 804 587 861 legis
619 805 843 862 generalis
874 818 1036 850 sensus
1069 805 1208 851 fuerit
1240 808 1552 852 coarctatus⁵.

379 888 420 938 5)
459 887 531 931 ubi
568 889 640 932 lex
677 902 768 932 non
811 887 1051 946 distinguit
1095 903 1178 934 nec
1228 904 1310 935 nos
1360 891 1641 950 distinguere
1682 892 1845 936 debere
1868 893 1884 916 ⁶
1921 892 2040 950 quod

265 974 356 1014 tam
393 970 437 1014 in
474 971 799 1016 favorabilibus
831 986 970 1031 quam
1004 973 1050 1016 in
1085 972 1251 1019 odiosis
1287 980 1501 1019 servatur
1524 976 1553 1019 ⁷.

381 1055 422 1109 4)
461 1054 496 1097 si
532 1054 640 1111 legis
673 1055 811 1099 verba
845 1055 1072 1111 duplicem
1121 1056 1505 1114 significationem
1545 1058 1745 1102 habeant
1783 1059 2039 1102 naturalem

264 1151 427 1195 nempe
460 1152 576 1196 quae
612 1144 791 1196 recepta
816 1144 884 1184 est
907 1154 959 1184 ac
983 1140 1240 1195 iuridicam,
1267 1141 1652 1199 significationem
1682 1141 1923 1187 iuridicam
1948 1155 2039 1186 non

263 1234 359 1264 esse
392 1221 722 1267 attendendam
747 1222 832 1266 nisi
862 1222 911 1289 ⁸in
948 1223 1308 1269 favorabilibus8
1342 1225 1592 1269 dummodo
1626 1225 1742 1270 ratio
1774 1224 1907 1270 aliter
1947 1238 2040 1269 non

262 1303 450 1347 suadeat
489 1303 551 1347 uti
603 1304 647 1348 in
699 1306 851 1363 regula
889 1307 949 1351 1.a
982 1307 1101 1366 quod
1149 1307 1418 1365 praesertim
1468 1308 1616 1367 quoad
1665 1309 1784 1366 leges
1830 1308 2043 1366 poenales

262 1385 410 1432 locum
447 1388 582 1432 babet
608 1388 652 1432 in
686 1389 850 1448 quibus
883 1390 1126 1448 benignior
1160 1390 1480 1449 interpretatio
1515 1391 1738 1450 accipitur
1759 1391 1791 1436 ⁹.

381 1471 421 1525 5>
458 1471 569 1515 Odia
605 1473 919 1530 restringenda
942 1487 1056 1529 esse,
1083 1474 1265 1519 favores
1297 1475 1598 1532 ampliandos,
1623 1475 1870 1520 dummodo
1901 1475 2038 1519 inter-

265 1554 458 1610 pretatio
491 1554 601 1599 iuris
635 1569 726 1599 non
761 1556 820 1600 sit
851 1557 1109 1614 corruptela
1135 1558 1184 1601 ¹⁰.
1222 1557 1340 1602 Hinc
1375 1556 1651 1602 favorabiles
1683 1558 1803 1615 leges
1840 1562 1948 1602 sunt
1979 1558 2039 1602 la-

262 1640 334 1680 tae
370 1637 777 1695 interpretationis,
813 1639 999 1684 strictae
1035 1654 1143 1684 vero
1179 1640 1298 1698 leges
1330 1641 1532 1685 odiosae.

381 1723 421 1774 6)
461 1725 558 1766 Non
586 1723 683 1779 plus
714 1722 769 1766 de
804 1722 939 1780 priori
975 1723 1071 1781 lege
1106 1727 1337 1768 mutatum
1361 1723 1545 1769 censeri
1577 1723 1696 1782 quod
1732 1723 1777 1767 in
1803 1724 2039 1783 posteriori

264 1817 531 1862 expressum
566 1811 648 1849 est.

382 1889 422 1944 7)
463 1893 597 1946 Leges
629 1903 746 1948 quae
779 1889 1038 1934 contrariae
1075 1889 1319 1934 videantur
1351 1889 1388 1934 si
1425 1890 1521 1935 fleri
1558 1890 1697 1948 possit
1729 1889 2039 1935 conciliandas

260 1984 356 2015 esse
389 1985 520 2016 secus
568 1973 818 2017 secundam
851 1973 886 2017 si
921 1973 1130 2032 specialis
1177 1973 1349 2031 primae
1383 1973 1588 2031 generali
1628 1973 1910 2031 praevalere,
1948 1987 2038 2017 non

384 2135 390 2153 ¹
422 2136 471 2172 Cf.
492 2137 617 2172 Rzuw.
638 2148 670 2172 o.
698 2148 740 2181 c.‚
762 2137 783 2173 l.
805 2138 835 2179 1,
857 2147 888 2183 p.
910 2137 942 2173 2.

383 2208 394 2225 '²
420 2208 458 2243 L.
479 2207 525 2244 68
542 2209 586 2245 de
609 2209 647 2244 R.
667 2209 693 2244 1.

383 2280 395 2299 ³
422 2282 459 2317 L.
480 2281 537 2321 67,
565 2292 628 2327 pr„
648 2282 692 2319 ile
712 2282 830 2327 legat,
855 2282 875 2317 l.
899 2282 942 2318 15
960 2283 1003 2319 de
1030 2292 1156 2320 exous.
1177 2283 1257 2318 Τυῑ.

382 2352 395 2370 ²*
422 2354 458 2388 G.
478 2353 541 2395 6,§
563 2354 593 2397 1,
615 2354 658 2389 de
679 2354 806 2390 Maior.

381 2424 393 2442 ³
421 2424 527 2461 quta
549 2426 712 2470 regulam
740 2426 829 2462 iuris
858 2427 894 2461 in
921 2426 957 2462 6⁰
992 2440 1004 2457 α
1025 2427 1150 2472 generi
1184 2436 1248 2472 per
1273 2426 1436 2471 speciem
1469 2426 1668 2471 derogatur
1686 2438 1699 2455 w
1726 2435 1758 2460 c.
1784 2423 1840 2468 22,
1867 2423 1912 2460 de
1938 2423 2041 2468 priv„

264 2505 294 2531 c.
312 2495 372 2531 ult.
391 2496 436 2531 (le
455 2496 514 2532 off.
532 2497 643 2532 vicar.
664 2498 700 2532 in
718 2496 764 2533 6⁰.
794 2498 831 2533 L·
852 2498 884 2539 9,
902 2508 965 2544 pr„
985 2498 1029 2534 «le
1055 2498 1175 2544 suppl.
1201 2498 1321 2543 legat,
1348 2498 1369 2533 l.
1395 2497 1451 2541 65,
1479 2501 1492 2537 S
1514 2497 1555 2533 de
1576 2497 1664 2538 viro,
1683 2495 1750 2533 sol.
1770 2495 1885 2539 Matr„
1903 2504 1935 2530 c.
1956 2493 1978 2529 4
1997 2494 2041 2530 de

265 2567 427 2604 translat.
454 2568 578 2614 Episc.

381 2639 393 2658 ⁶
421 2641 457 2676 L.
476 2639 498 2675 9
517 2641 560 2676 de
587 2641 770 2686 postulat„
791 2641 812 2676 l.
838 2641 871 2677 9.
897 2641 941 2676 de
969 2642 1059 2678 iuris
1079 2645 1114 2678 et
1146 2641 1230 2677 facti
1255 2641 1473 2686 ignorantia,
1495 2650 1574 2686 cap.
1593 2639 1615 2675 6
1635 2639 1680 2676 de
1706 2637 1864 2675 maiorit.

382 2711 393 2729 ⁷
421 2713 508 2758 Gap.
528 2711 571 2748 12
590 2712 634 2749 de
652 2713 816 2749 decimis.

378 2781 390 2801 ⁸
418 2783 503 2828 Leg.
524 2783 543 2818 7
570 2783 614 2819 de
634 2782 789 2828 suppell.
818 2783 903 2829 leg„
930 2792 1011 2828 cap.
1032 2784 1050 2819 7
1071 2783 1116 2821 de
1135 2793 1262 2829 spons.
1294 2783 1347 2819 Ita
1368 2787 1547 2820 statutum
1573 2786 1628 2818 est
1654 2781 1914 2828 cognationem
1940 2779 2044 2825 spiri-

262 2854 396 2891 tualem
423 2855 592 2891 contrahi
618 2865 702 2891 cum
731 2855 914 2900 baptizato
943 2855 1096 2901 eiusque
1122 2859 1223 2900 patre
1259 2860 1294 2892 et
1326 2859 1456 2891 matre.
1495 2854 1571 2890 Iam
1612 2853 1670 2890 bie
1696 2852 1951 2898 intelliguntur
1976 2850 2040 2886 filii

262 2927 448 2964 naturales
475 2937 549 2963 non
579 2928 757 2973 adoptivi.
1559 2913 1562 2915 Α

338 3049 342 3053 ¹
382 2998 394 3018 ⁹
421 2999 459 3035 L.
481 2999 549 3036 198
566 2999 610 3035 de
630 3000 702 3036 RR.
720 3001 818 3043 iuris,
837 3009 917 3045 cap.
937 2998 983 3036 49
1001 2999 1047 3036 de
1067 3000 1107 3036 R.
1127 2999 1198 3036 Iur.
1225 3000 1261 3035 in
1281 2999 1329 3036 6⁰.

370 3069 398 3088 ¹⁰
425 3071 510 3117 Cap.
531 3072 573 3108 15
590 3075 624 3109 et
642 3072 688 3109 49
706 3071 750 3108 de
769 3081 843 3117 reg.
862 3071 929 3108 iur.
951 3071 989 3107 in
1008 3071 1056 3107 6⁰.
