2176 3386
207 211 286 251 176
883 222 991 251 PARS
1019 223 1060 250 11.
1093 222 1147 250 nr:
1179 222 1316 251 iii-:uus

204 332 250 387 5)
288 331 606 376 contrahentis
639 330 849 375 infidelis.
903 330 1019 375 Hinc
1052 331 1098 375 in
1133 331 1439 375 contrahente
1480 330 1600 376 fideli
1646 345 1825 377 cessare
1856 331 1992 377 debet

208 414 462 474 periculum
498 414 822 474 periersionis,
859 418 1068 472 respectu
1094 414 1232 472 prolis
1256 414 1516 459 nasciturae
1539 415 1675 460 debet
1695 415 1743 460 in
1766 418 1868 461 tuto
1891 429 1991 461 esse

206 499 419 543 educatio
455 498 499 543 in
536 512 643 542 vera
679 498 914 555 religione,
950 502 995 541 et
1029 497 1075 541 in
1109 497 1414 542 contrahente
1457 497 1627 543 infideli
1666 498 1802 544 debet
1839 497 1987 558 aliqua

204 582 527 628 conversionis
558 595 660 640 spes
692 581 925 639 effulgere,
961 585 1012 625 ut
1045 586 1249 626 remotus
1280 581 1338 626 sit
1373 581 1679 639 perversionis
1712 582 1987 640 periculum,

208 669 309 709 tum
345 669 552 722 respectu
588 664 796 721 coniugis
834 663 1007 718 fidelis,
1061 668 1157 708 tum
1204 663 1340 722 prolis
1383 665 1658 708 nasciturae.
1710 669 1861 718 Quare
1893 664 1990 710 Cle-

211 759 341 790 mens
376 750 472 791 xlii
497 747 510 769 ¹
545 745 798 790 declaravit
834 759 924 789 non
961 745 1097 789 licere
1135 745 1364 803 Episcopis
1396 750 1442 789 et
1480 745 1669 789 Vicariis
1693 748 1800 804 Ap,
1824 745 1989 805 quibus

204 829 266 873 ab
301 830 555 887 Apostolica
591 829 702 874 Sede
737 829 929 874 facultas
961 829 1231 873 conceditur
1262 828 1555 886 dispensandi
1591 828 1637 873 in
1682 827 1989 873 matrimoniis

204 925 345 970 super
375 912 642 969 disparitate
674 913 841 966 cultus,
875 926 926 956 ea
952 912 1015 955 uti
1039 911 1223 970 quando
1259 911 1510 969 periculum
1544 911 1662 956 adsit
1685 910 1992 970 perversionis

206 994 397 1039 alterius
429 995 649 1052 coniugis.
683 998 970 1054 Quapropter
1002 995 1186 1039 eosdem
1225 995 1465 1054 Episcopus
1498 1009 1551 1039 ae
1576 994 1780 1039 Viearios
1806 997 1990 1053 Aposto-

209 1077 318 1122 li¹os
349 1078 467 1122 serio
502 1078 756 1122 monendos
788 1091 903 1133 esse,
941 1083 991 1122 ut
1023 1078 1215 1122 omnino
1248 1083 1294 1122 et
1315 1078 1594 1123 adamussim
1617 1082 1807 1123 servent
1834 1076 1989 1122 condi-

209 1160 358 1205 tiones
390 1161 436 1205 in
472 1161 667 1205 formula
703 1160 864 1205 indulti
901 1160 1006 1218 ipsis
1041 1160 1356 1219 praescriptas.
1407 1165 1500 1205 Hac
1542 1160 1597 1204 de
1641 1174 1688 1204 re
1721 1160 1988 1204 conferatur

204 1243 329 1288 aliud
364 1258 475 1302 opus
507 1259 528 1288 a
568 1245 697 1289 nobis
729 1245 903 1288 editum
939 1246 1002 1288 De
1034 1244 1456 1301 dispensationibus
1481 1243 1927 1288 matrimonialibus.

955 1422 1160 1463 SECTIO
1193 1422 1242 1462 ΙΙ.

710 1549 764 1576 DE
795 1547 1108 1576 lMPEDIMENTIS
1141 1547 1487 1575 lMPEDIENTIBUS.

329 1662 429 1706 981.
469 1661 767 1719 impedientia
803 1661 1132 1719 impedimenta
1166 1660 1379 1705 oriuntur
1414 1659 1483 1704 vel
1517 1674 1575 1704 ex
1599 1660 1860 1705 reverentia
1886 1660 1989 1704 reli-

206 1746 330 1804 gioni
363 1745 532 1800 debita,
569 1746 641 1790 vel
675 1760 732 1789 ex
770 1744 1074 1803 prohibitione
1108 1743 1337 1801 legitimae
1369 1742 1675 1798 auctoritatis,
1715 1743 1786 1787 vel
1822 1758 1878 1788 ex
1905 1742 1992 1788 alia

204 1828 485 1887 obligatione
517 1843 541 1873 a
575 1827 956 1873 contrahentibus
989 1830 1079 1872 iam
1112 1832 1363 1885 assumpta.

328 1913 426 1958 982.
465 1913 500 1957 1.
528 1915 663 1956 Porro
697 1927 752 1956 ex
790 1912 1050 1956 reverentia
1087 1910 1290 1969 religioni
1324 1911 1492 1967 debita,
1528 1912 1767 1970 sequentia
1802 1910 1991 1969 impedi·

210 2001 366 2041 menta
400 1999 706 2055 promanant:
748 1996 784 2050 1)
813 2001 990 2051 tempus
1022 1993 1278 2051 feriatum;
1314 1995 1356 2047 2)
1388 2000 1543 2038 votum
1575 1994 1772 2050 simplex
1803 1996 1992 2038 eastita-

204 2082 264 2123 tis
275 2098 290 2133 ;
326 2079 367 2134 5)
404 2081 592 2123 inscitia
625 2077 1005 2122 rudimentorum
1038 2077 1171 2136 sidei‚·
1207 2077 1248 2131 4)
1286 2076 1672 2134 impedimentum
1706 2077 1881 2119 minatae
1919 2088 1988 2118 re-

206 2163 414 2220 liyionis.

329 2246 427 2290 985.
462 2248 659 2303 Tempus
694 2245 910 2289 feriatum
943 2248 1013 2288 est
1044 2258 1069 2288 a
1105 2244 1248 2301 prima
1300 2242 1533 2286 Dominica
1574 2241 1803 2286 adventus
1847 2253 1990 2299 usque

205 2330 263 2374 ad
298 2329 418 2374 diem
457 2328 749 2387 Epiphaniae,
784 2332 831 2372 et
863 2341 887 2371 a
922 2326 1033 2371 feria
1067 2331 1230 2386 quarta
1262 2326 1478 2371 Cinerum
1513 2338 1655 2384 usque
1687 2324 1742 2369 ad
1776 2328 1990 2368 octavam

210 2411 444 2457 Pascbatis
478 2410 718 2456 inclusive.
756 2415 850 2455 Hoc
887 2414 1089 2468 tempore
1125 2407 1420 2454 matrimonia
1457 2411 1646 2466 possunt
1668 2406 1872 2451 absolute
1895 2404 1992 2464 qui-

207 2495 316 2540 dem
350 2495 587 2550 celebrari,
623 2494 700 2538 sed
733 2494 903 2551 absque
945 2491 1315 2538 solemnitatibus
1337 2491 1369 2534 ².
1420 2494 1484 2534 Ex
1530 2489 1793 2549 particulari
1834 2493 1991 2533 tamen

210 2578 307 2635 lege
341 2578 416 2623 vel
448 2576 782 2622 consuetudine
816 2576 965 2634 ipsum
1000 2574 1350 2620 matrimonium
1384 2574 1431 2618 in
1457 2573 1690 2618 nonnullis
1711 2571 1995 2617 dioecesibus

213 2661 412 2705 vetitum
445 2664 530 2715 est,
565 2674 652 2719 qua
678 2660 723 2704 in
749 2658 991 2717 hypothesi
1014 2658 1200 2703 licentia
1223 2656 1453 2702 ordinarii
1477 2655 1742 2712 requiritur.
1780 2654 1858 2699 His
1881 2667 1991 2699 vero

206 2744 370 2789 diebus
401 2758 427 2788 a
462 2743 654 2802 nuptiali
688 2741 1007 2788 benedictione
1040 2741 1389 2797 abstinendum,
1422 2753 1566 2799 eaque
1598 2738 1646 2783 in
1680 2742 1863 2796 tempus
1903 2751 1994 2797 quo

211 2826 355 2884 possit
386 2840 445 2871 ex
488 2824 641 2870 rituali
688 2824 912 2870 Ecclesiae
955 2824 1052 2881 lege
1095 2821 1320 2881 impertiri
1362 2826 1432 2866 est
1472 2819 1740 2865 differenda.
1794 2817 1836 2863 si
1881 2822 1996 2863 tunc

334 3011 343 3030 ¹
373 3011 416 3047 In
441 3011 575 3057 Congr.
603 3011 638 3048 S.
665 3008 731 3046 Off.
757 3009 804 3046 29
831 3010 903 3046 ian.
932 3008 1021 3045 1767
1049 3008 1096 3044 ad
1122 3008 1192 3054 Ep.
1214 3006 1495 3044 Nanlcinensem.

334 3083 347 3101 ¹
374 3082 511 3120 Bened.
538 3082 636 3127 XIV,
661 3081 771 3118 [πεῖν.
798 3081 857 3118 80.
