2176 3386
263 193 343 233 242
909 198 1019 228 Pasas
1049 199 1073 226 1.
1108 198 1165 226 DE
1194 195 1406 226 Pensoms

265 242 2044 264 —-———-—-———-——————————-—-—

266 314 389 373 scopi
423 325 638 372 expressa
673 310 847 355 mentio
880 308 975 354 fiat.
1012 309 1059 358 7)
1084 307 1229 352 Solius
1261 318 1421 350 eorum
1456 302 1721 348 testimonio
1765 301 1970 349 creditur
2001 301 2047 346 in

267 399 380 443 foro.
418 397 460 453 8)
485 394 812 458 Indulgebutias,
848 391 1068 436 limitatas
1099 395 1257 434 tamen
1292 392 1339 433 et
1363 387 1651 445 temporales,
1676 385 1927 431 concedere
1951 397 2048 444 pos·

266 484 392 535 sunt,
430 491 596 536 nempe
630 477 674 520 in
709 474 997 520 dedicatione
1030 472 1250 517 ecclesiae
1283 471 1420 515 unius
1464 469 1574 514 anni
1626 468 1957 526 indulgentias,
2000 467 2048 512 in

268 561 588 607 anniversario
621 557 939 612 dedicationis,
965 557 1038 600 vel
1063 555 1189 609 alias,
1226 552 1535 611 indulgentias
1565 553 1624 597 40
1645 551 1838 596 dierum.
1876 551 1919 609 9)
1943 554 2050 597 Gra-

268 646 421 691 viores
453 658 612 689 eorum
647 655 812 687 causae
848 638 1030 684 nonnisi
1065 652 1089 682 a
1122 642 1326 683 Romano
1354 634 1570 680 Pontifice
1593 634 1783 679 iudicari
1810 634 2047 691 possunt¹.

275 731 343 787 10)
374 731 565 774 Possunt
588 726 835 779 celebrare,
862 723 933 767 vel
956 721 1208 767 concedere
1232 719 1515 778 cappellanis
1537 718 1630 763 suis
1659 722 1710 761 ut
1732 718 1778 762 in
1802 716 2053 761 domestico

272 813 437 858 sacello
471 809 720 862 celebrent,
759 821 837 865 pro
869 820 951 850 suo
985 805 1059 850 vel
1093 804 1294 848 familiae
1329 802 1571 848 commodo
1606 800 1810 855 missam,
1845 804 1953 844 ante
1976 813 2053 843 au-

276 911 425 941 roram
463 895 532 938 vel
570 898 668 952 post
702 891 955 936 meridiem.
1007 890 1293 946 11)uen1u=n
1334 887 1443 930 dum
1482 887 1748 943 aegrotant,
1791 885 1948 927 morbo
1987 882 2053 927 in-

275 981 590 1038 gravescente,
629 975 892 1020 ministrare
926 973 991 1017 eis
1025 972 1249 1016 viaticum
1283 974 1329 1014 et
1363 974 1622 1014 extremam
1656 967 1926 1011 unctionem
1958 980 2055 1024 per·

276 1063 394 1106 tinet
426 1062 481 1106 ad
516 1059 710 1118 primam
744 1056 1016 1114 dignitatem
1049 1053 1258 1112 Capituli.
1296 1056 1394 1097 Sac.
1430 1055 1591 1108 Congr.
1627 1048 1797 1094 Concil.
1834 1048 1905 1093 die
1938 1049 2057 1092 71u·

279 1145 341 1190 nii
383 1145 491 1189 1760
523 1140 776 1187 declaravit
813 1139 1080 1198 Episcopum
1118 1150 1243 1196 posse
1277 1135 1441 1193 eligere
1475 1149 1499 1179 a
1532 1148 1621 1193 quo
1654 1133 1763 1190 ungi
1798 1131 1942 1186 malit,
1977 1145 2057 1176 seu

278 1227 514 1273 sacristam
551 1226 592 1270 id
626 1230 694 1269 est
728 1223 949 1269 maiorem
984 1220 1175 1279 Capituli
1210 1219 1278 1264 sui
1319 1217 1616 1276 dignitatem,
1662 1229 1741 1260 seu
1788 1215 2055 1259 parochum.

277 1317 415 1357 Porro
451 1310 704 1355 notandum
739 1312 807 1352 est
839 1307 959 1366 quod
994 1303 1228 1363 privilegia
1263 1316 1379 1362 quae
1414 1302 1457 1345 in
1493 1301 1584 1345 sola
1631 1300 1848 1344 facultate
1888 1294 2058 1355 aliquid

279 1396 440 1455 agendi
476 1394 752 1447 consistunt,
790 1405 880 1435 non
915 1389 1195 1434 amittuntur
1217 1387 1274 1430 ab
1300 1385 1515 1443 Episcopo
1540 1398 1618 1442 per
1641 1397 1732 1426 non
1762 1394 1892 1425 usum
1917 1393 2059 1439 quan-

280 1485 528 1538 tocumque
564 1484 768 1534 tempore
801 1474 1141 1519 continuatum.

1018 1663 1249 1693 Ammonos
1283 1663 1321 1690 v.

891 1772 955 1813 De
990 1769 1201 1825 Episcopi
1232 1766 1464 1810 oneribus.

405 1903 505 1947 277.
542 1906 772 1945 Honorem
792 1895 1043 1956 quemlibet
1067 1893 1293 1952 peculiare
1317 1905 1369 1935 ac
1395 1888 1624 1948 proprium
1649 1886 1898 1932 comitatur
1930 1896 2062 1929 onus.

286 1987 401 2032 Hinc
434 1981 701 2043 episcopalis
729 1980 927 2038 dignitas
950 1978 1043 2022 suis
1067 1991 1158 2020 non
1192 1974 1456 2019 destituitur
1487 1970 1854 2030 obligationibus,
1885 1972 1983 2011 tum
2018 1967 2064 2010 in

287 2068 600 2127 suscipiendo,
637 2070 736 2109 tum
782 2062 984 2107 maxime
1027 2060 1071 2103 in
1113 2058 1373 2104 exercendo
1410 2056 1702 2114 episcopatu,
1737 2065 1849 2112 quas
1892 2051 1938 2095 in
1981 2051 2068 2094 hoc

289 2154 490 2199 Articulo
519 2149 892 2208 perstringemus.

411 2240 545 2279 Porro
580 2233 624 2276 in
659 2231 945 2289 episcopatus
990 2225 1277 2283 susceptione
1316 2223 1404 2267 duo
1443 2225 1552 2266 sunt
1599 2221 1962 2264 commemoratu
2005 2214 2068 2259 di·

290 2333 395 2378 gna,
432 2316 607 2362 scilicet
641 2311 863 2358 Prot‘essio
889 2309 1007 2364 lidei,
1033 2322 1148 2368 quae
1181 2306 1277 2351 [ieri
1301 2306 1357 2350 ab
1383 2304 1597 2362 Episcopo
1619 2302 1754 2345 debet
1776 2313 1931 2344 coram
1956 2299 2068 2355 Apo-

289 2402 448 2447 stolica
483 2400 594 2444 Sede
626 2402 734 2441 ante
767 2393 1167 2439 confirmationem
1188 2390 1221 2445 ²,
1259 2390 1391 2448 idque
1425 2386 1566 2432 etiam
1601 2399 1678 2443 per
1703 2386 2067 2435 Procuratorem,

292 2494 337 2533 et
371 2487 684 2531 iuramentum
720 2479 952 2524 fidelitatis
984 2491 1088 2534 erga
1118 2481 1372 2521 Romanum
1398 2471 1683 2525 Pontificem,
1708 2468 1826 2528 quod
1853 2463 2071 2525 praestari

293 2571 406 2616 solet
439 2570 485 2613 in
522 2568 616 2626 ipsa
650 2562 1013 2610 consecratione.

412 2652 540 2708 Quod
572 2655 728 2695 autem
761 2647 929 2692 attinet
951 2645 1005 2690 ad
1030 2657 1170 2689 onera
1202 2655 1319 2701 quae
1356 2639 1572 2698 Episcopo
1607 2637 1652 2681 in
1686 2633 1944 2680 exercendo
1981 2629 2072 2688 epi-

294 2741 482 2798 scopatu
518 2733 810 2787 incumbunt,
846 2733 1026 2788 praeter
1059 2741 1111 2771 ea
1145 2725 1301 2769 omnia
1333 2737 1450 2783 quae
1484 2722 1528 2765 in
1563 2718 1785 2765 eiusmodi
1818 2716 1965 2762 officio
1997 2713 2074 2758 ad-

416 2920 424 2938 ¹
454 2919 563 2955 Cone.
591 2917 686 2953 Trid.
715 2917 812 2953 sess.
841 2913 937 2957 XIII,
958 2914 1044 2958 Cap.
1072 2910 1157 2947 VIII
1183 2909 1228 2946 de
1255 2908 1331 2945 Ref.
1358 2907 1409 2944 Cf.
1437 2907 1610 2944 BARBOSA
1628 2906 1669 2942 de
1686 2904 1741 2951 off-
1760 2905 1793 2940 et
1809 2903 1936 2949 potest.
1954 2899 2075 2946 Epi-30.

297 2993 337 3030 P.
363 2991 396 3034 5,
425 2989 493 3026 All.
525 2988 601 3031 112,
628 2998 664 3024 n.
691 2986 747 3023 21.

418 3062 430 3080 ²
457 3061 564 3106 Greg.
594 3059 680 3096 XIV
706 3058 827 3094 Const.
857 3057 957 3092 Onus
982 3054 1198 3101 apostolicae
1225 3052 1268 3088 15
1294 3050 1379 3087 Maii
1409 3048 1510 3085 1595.
