2176 3386
836 220 968 254 mnu
995 224 1023 254 1.
1054 225 1114 254 DE
1141 225 1337 256 emmas
1899 221 1976 263 371

929 399 1160 430 Afl'ncums
1189 402 1236 431 n.

550 511 611 553 De
644 511 688 555 S.
717 513 771 555 R.
800 515 852 556 Ε.
880 513 1211 560 Cardinalium
1243 517 1614 576 obliyationibus.

254 660 257 664 ’
306 658 409 703 475.
445 660 574 712 Quod
605 660 776 704 attinet
807 661 863 705 ad
896 661 1222 722 obligationes.
1268 666 1456 712 eaedem
1484 670 1644 728 'ample
1677 679 1977 730 exponuntur

187 745 324 801 atque
358 741 622 786 indicantur
653 757 678 787 a
713 747 862 789 Leone
884 749 921 790 Χ
947 745 979 801 ¹,
1013 761 1209 806 quarum
1244 749 1516 809 praecipuae
1548 753 1605 798 ad
1637 755 1724 800 tria
1760 756 1872 803 haec
1901 772 1974 804 ca-

188 823 281 884 pita
315 826 522 870 revocari
558 831 777 884 possunt:

310 908 348 966 1)
383 907 449 952 Ad
481 908 613 954 officii
650 910 818 968 proprii
852 913 1243 973 exequutionem;
1279 919 1398 976 quod
1433 920 1653 977 pertinet:

304 991 350 1047 a)
387 992 583 1037 Consilio
616 1006 697 1038 suo
733 997 993 1041 Romanum
1028 998 1296 1046 Pontificem
1341 1002 1526 1061 iuvare,
1561 1004 1660 1052 sive
1699 1008 1743 1053 in
1779 1012 1820 1055 S.
1858 1013 1971 1056 Con—

186 1074 542 1132 gregationibus,
576 1076 741 1135 quibus
771 1082 829 1122 ab
859 1079 1020 1125 eodem
1053 1082 1268 1142 adscripti
1301 1091 1425 1143 sunt,
1460 1089 1559 1134 sive
1591 1092 1972 1156 quotiescumque

184 1157 241 1201 ab
273 1171 326 1202 eo
359 1158 532 1202 suerint
565 1160 768 1218 requisiti
794 1162 824 1206 ².

300 1241 339 1297 b)
378 1241 511 1286 'rituli
545 1242 614 1287 sui
650 1243 762 1300 loca,
799 1259 1050 1306 eorumque
1085 1263 1301 1307 personas
1334 1253 1495 1300 saitem
1529 1256 1719 1315 singulis
1743 1260 1878 1305 annis
1903 1262 1968 1306 vi-

182 1322 337 1378 sitare,
373 1328 510 1383 atque
545 1324 587 1369 in
613 1340 771 1372 eorum
809 1329 955 1374 vitam
990 1329 1220 1390 inquirere
1245 1335 1275 1379 ³.

300 1407 341 1462 2)
380 1407 444 1451 Ad
477 1407 624 1465 leges,
659 1423 775 1467 quae
809 1415 960 1456 rectae
994 1414 1128 1459 officii
1163 1419 1462 1477 exequutioni
1504 1425 1788 1472 necessariae
1833 1432 1963 1488 sunt;

180 1502 270 1548 quo
304 1490 518 1548 pertinet.

299 1575 344 1630 a)
381 1578 508 1620 Onus
540 1576 586 1620 in
624 1580 829 1624 Romana
853 1580 984 1626 Curia
1009 1582 1234 1628 residendi
1260 1585 1292 1642 ⁸3
1330 1587 1392 1632 ita
1427 1593 1477 1633 ut
1509 1590 1608 1637 sine
1635 1596 1827 1641 Romani
1853 1601 1967 1643 Pon-

7 1664 26 1708 ὶ-
179 1656 315 1702 tificis
348 1659 482 1703 venia
520 1673 613 1704 non
648 1661 820 1718 possint
842 1663 899 1707 ab
922 1665 1038 1709 Urbe
1073 1668 1301 1724 recedere,
1330 1673 1565 1733 multoque
1600 1676 1752 1722 minus
1784 1693 1810 1724 a
1843 1684 1964 1726 statu

178 1741 487 1787 ecclesiastico
512 1744 551 1798 5;
590 1743 642 1788 iis
666 1748 847 1790 tanturn
873 1748 1079 1806 exceptis
1104 1750 1181 1809 qui
1209 1751 1529 1812 Episcopatum
1553 1759 1628 1817 qui
1653 1774 1677 1804 e
1701 1774 1780 1806 sex
1805 1764 1964 1810 subur-

176 1823 358 1869 bicariis
392 1839 484 1870 non
518 1825 576 1870 sit
609 1826 640 1882 ⁶,
678 1827 890 1873 obtinent
924 1831 954 1874 ⁷.

294 1909 334 1965 b)
372 1913 463 1954 Lex
496 1909 665 1954 silentii
709 1913 924 1957 servandi
965 1917 1113 1974 quoad
1154 1919 1436 1978 Collegarum
1479 1924 1691 1984 suffragia
1731 1929 1774 1973 in
1810 1932 1962 1976 Consi-

175 1991 315 2036 storio
348 1991 513 2037 emissa
537 1993 567 2036 ⁸.

293 2073 334 2130 5)
373 2075 437 2118 Ad
472 2075 594 2120 vitae
629 2077 945 2135 honestatem3
995 2096 1084 2141 quo
1122 2084 1322 2142 pertinet
1364 2088 1584 2136 modestia
1623 2107 1677 2137 ac
1726 2095 1962 2154 frugalitas

173 2169 197 2200 a
233 2157 351 2200 fastu
385 2157 653 2215 abhorrenS,
688 2163 787 2205 turn
821 2163 1016 2208 comitas
1041 2165 1086 2210 in
1111 2167 1397 2226 excipiendis
1429 2174 1658 2232 omnibus,
1690 2181 1960 2236 praesertim

174 2253 284 2284 vero
320 2239 564 2300 Episcopis‚
589 2257 702 2302 quos
726 2244 975 2292 honorifice
998 2249 1155 2295 haberi
1177 2252 1333 2310 decet3
1369 2259 1506 2316 atque
1529 2259 1615 2304 alia
1638 2260 1898 2309 huiusmodi
1923 2266 1955 2311 ⁹.

292 2371 301 2390 ¹
330 2372 452 2410 Const.
481 2375 674 2420 supernae,
701 2377 723 2412 5
750 2378 836 2414 Maii
866 2380 967 2417 1514.

290 2442 302 2460 ²
329 2442 380 2479 Cf.
407 2443 542 2480 dictam
568 2445 690 2483 Const.
719 2448 912 2494 Sapei-nae,
940 2461 974 2488 n.
1004 2452 1058 2489 18.

289 2513 302 2533 ⁸
328 2515 433 2551 Dicta
459 2515 582 2553 Const.
609 2518 804 2564 supernae,
823 2531 858 2556 n.
878 2520 946 2567 19;
973 2523 1102 2561 Xistus
1122 2525 1165 2568 V,
1195 2527 1522 2575 Const.Reli9iosa,
1553 2532 1596 2568 15
1615 2532 1703 2578 Apr.
1725 2534 1826 2578 1587,
1846 2546 1880 2573 n.
1902 2537 1956 2574 12.

288 2584 302 2604 '⁴
328 2585 453 2622 Const.
479 2587 539 2625 cit.
566 2589 763 2635 supernae,
791 2601 826 2629 n.
853 2591 909 2628 28.

288 2655 301 2674 ³
328 2656 454 2694 lnnoc.
482 2659 526 2702 X,
553 2659 676 2698 Const.
703 2660 794 2698 Cum
819 2663 941 2707 iuxta,
971 2665 1013 2702 19
1040 2666 1147 2704 Febr.
1176 2668 1284 2714 164&
1324 2670 1541 2727 ΙῬΑῦῙκῐΑΝυεΙ
1564 2674 1599 2710 in
1636 2675 1723 2722 Cap.
1748 2677 1810 2713 Ex·
1833 2681 1955 2725 aestis,

169 2726 214 2763 de
239 2727 361 2764 cleric.
380 2739 457 2766 non
483 2732 604 2777 resid.‚
630 2743 666 2769 n.
696 2734 740 2771 10
755 2739 791 2772 et
810 2745 888 2782 seq.

287 2799 300 2819 ⁶
325 2800 528 2840 FAGNANUS
555 2804 593 2840 in
618 2814 699 2851 cap.
725 2807 870 2844 Bonum
894 2820 1022 2846 nomen
1047 2811 1091 2847 de
1120 2813 1289 2857 postulat.
1318 2815 1480 2860 praelat„
1508 2827 1543 2853 n.
1572 2818 1627 2855 18.

286 2869 299 2888 ⁷
326 2871 498 2910 Urbanus
523 2874 621 2918 VIII,
648 2877 771 2914 Consi.
799 2879 928 2916 Sancta
955 2882 1132 2926 synodus,
1162 2883 1206 2919 12
1226 2885 1309 2921 Dec.
1331 2885 1441 2929 1654;
1469 2888 1671 2927 FAGNANus
1691 2891 1729 2928 in
1747 2901 1826 2939 cap.
1856 2894 1953 2937 Qua-

168 2938 250 2976 liter
273 2940 295 2977 9
320 2941 364 2978 de
390 2941 476 2979 cler.
502 2953 578 2981 non
605 2946 728 2989 resid.,
752 2952 788 2985 et
812 2949 851 2985 in
877 2959 956 2998 cap.
983 2952 1126 2990 Bonum
1151 2965 1290 2998 nomen,
1318 2965 1355 2991 n.
1373 2956 1429 2993 57.

281 3010 296 3032 ⁸
321 3012 444 3051 const.
471 3015 532 3052 cit.
557 3017 755 3063 Supernae,
782 3029 818 3056 n.
845 3021 902 3058 50.

286 3082 299 3102 ⁹
325 3082 446 3121 Coust.
472 3086 532 3123 cit.
559 3088 753 3134 supernae,
779 3101 814 3128 n.
844 3091 888 3129 16
913 3098 950 3130 et
974 3103 1050 3141 seq.
