2176 3386
219 181 301 222 394
860 191 970 221 PARS
999 192 1027 220 1.
1060 192 1117 220 DE
1146 190 1358 220 PEnsoms

223 305 324 347 ctus
357 300 566 347 beneficii
601 301 865 360 capitularis
898 300 1147 360 percipere,
1182 314 1268 345 nec
1300 305 1432 346 actus
1465 302 1792 347 iurisdictionis
1824 301 1997 362 capitu-

221 385 329 430 laris
361 398 592 439 exercere,
631 398 716 429 nec
750 383 1013 428 functiones
1045 383 1320 441 capitulares
1359 383 1680 429 administrare
1722 384 1993 441 respective.

221 467 414 522 Quando
446 481 558 512 vero
589 466 845 524 Capitulum
880 480 968 525 qua
1004 467 1092 510 tale
1116 466 1422 523 interdicitur,
1449 471 1558 511 tunc
1581 466 1876 512 interdictum
1902 482 1995 513 non

221 554 291 595 est
324 548 615 608 particulare,
651 550 727 593 sed
763 548 999 605 generale;
1044 562 1103 592 ex
1138 548 1181 592 vi
1217 547 1320 593 talis
1352 562 1573 593 censurae
1598 552 1790 593 manent
1813 548 1998 594 interdi-

222 633 283 678 cti
325 632 490 690 singuli
533 632 808 690 capitulares
850 636 900 675 ut
943 636 1093 688 partes
1135 631 1320 690 capituli
1362 635 1486 676 sunt.
1536 635 1748 678 Ceterum
1793 633 2000 679 censuris

222 731 356 775 parce
392 715 458 760 uti
504 715 672 760 debent
708 714 937 759 Ordinarii
975 729 1032 759 ex
1077 714 1393 759 Tridentino¹.

344 799 444 843 500.
473 802 717 857 Postquam
742 797 944 842 vidimus
969 798 1076 857 quid
1099 798 1234 842 debet
1256 798 1511 856 Capitulum
1534 798 1770 858 Episcopo,
1796 804 2001 857 superest

223 881 404 926 videre:
447 883 483 936 l)
510 881 618 940 quid
654 881 794 941 possit
816 881 1071 939 Capitulum
1106 881 1203 926 sine
1227 886 1400 926 etcum
1430 881 1670 940 Episcop03
1706 884 1747 931 2)
1774 882 1882 941 quid
1907 897 1996 927 non

224 964 363 1022 possit
401 964 646 1023 Episcopus
679 963 777 1008 sine
810 963 1030 1020 Capitulo.

341 1046 602 1104 Capitulum
636 1047 741 1091 sede
774 1046 1018 1104 episcopali
1055 1047 1203 1104 plena,
1239 1049 1358 1092 sicut
1393 1047 1503 1092 nihil
1539 1052 1685 1105 potest
1709 1049 1910 1092 statuere
1945 1048 1999 1092 de

224 1131 277 1175 iis
310 1131 443 1174 rebus
475 1144 592 1189 quae
614 1130 669 1174 ad
692 1130 912 1175 dioecesis
938 1131 1007 1174 vel
1031 1130 1407 1175 dioecesanorum
1432 1131 1636 1188 regimen
1662 1130 1913 1188 pertinent,
1938 1130 1997 1175 ita

222 1228 328 1259 cum
363 1213 667 1271 dependentia
700 1214 756 1258 ab
794 1215 1009 1272 Episcopo
1044 1219 1192 1273 potest
1225 1215 1403 1259 minora
1436 1215 1660 1274 quaedam
1702 1228 1818 1274 quae
1865 1213 1997 1271 perti·

223 1301 337 1341 nent
369 1297 421 1341 ad
459 1297 628 1342 bonum
663 1298 870 1343 ordinem
905 1303 952 1342 et
986 1298 1188 1356 regimen
1223 1298 1416 1356 Capituli
1450 1302 1668 1353 statuere,
1714 1297 1853 1342 etiam
1899 1297 1998 1342 sine

221 1394 436 1439 expresso
470 1395 695 1426 consensu
732 1386 778 1426 et
811 1381 1163 1427 confirmatione
1200 1381 1419 1440 Episcopi.

341 1465 560 1510 Graviora
595 1471 749 1510 autem
783 1480 899 1525 quae
938 1471 1149 1524 spectant
1187 1467 1242 1511 ad
1289 1465 1512 1510 Ecclesiae
1551 1465 1833 1511 cathedralis
1879 1479 2000 1510 com-

224 1550 410 1594 modum
443 1554 490 1594 et
521 1551 576 1593 ad
609 1550 951 1594 observantiam
986 1550 1389 1605 consuetudinum,
1427 1564 1518 1595 non
1554 1554 1698 1608 potest
1742 1550 1999 1608 Capitulum

223 1646 308 1677 nec
341 1633 615 1688 decernere,
655 1648 738 1678 nec
782 1634 1046 1689 immutare,
1091 1638 1171 1678 aut
1213 1633 1462 1692 quidquam
1504 1634 1623 1678 circa
1667 1633 1739 1677 illa
1779 1637 1997 1687 statuere,

222 1716 321 1761 sine
355 1730 579 1762 consensu
619 1717 840 1775 Episcopi.

340 1805 576 1854 Quaenam
614 1815 721 1845 vero
754 1801 847 1844 sint
880 1814 932 1845 ea
967 1800 1144 1844 minora
1180 1802 1376 1844 rel'ertur
1416 1815 1440 1844 a
1478 1799 1770 1844 Reiffenstuel
1812 1798 1897 1842 Tit.
1943 1801 1998 1852 11,

221 1884 276 1927 dc
314 1885 458 1928 Consi.
496 1898 639 1943 eaque
672 1888 795 1939 sunt,
831 1898 904 1928 ex.
942 1898 1028 1942 gn,
1078 1884 1198 1943 quod
1246 1889 1372 1928 certo
1407 1883 1541 1928 modo
1586 1882 1879 1942 quotidianae
1925 1880 2001 1925 ob-

224 1967 466 2012 ventiones
498 1967 849 2022 distribuantur,
885 1967 1005 2026 quod
1040 1967 1116 2012 tali
1152 1967 1310 2011 ordine
1343 1966 1561 2012 Canonici
1593 1967 1648 2011 ad
1691 1966 1882 2011 chorum
1931 1964 2000 2008 vel

222 2051 479 2108 Capitulum
516 2057 758 2106 vocentur,
795 2050 1051 2095 universim
1085 2065 1136 2094 ea
1174 2052 1268 2095 sere
1301 2050 1456 2095 onmia
1479 2064 1594 2110 quae
1618 2053 1908 2095 concernunt
1930 2063 1998 2093 or-

222 2134 508 2178 dinationem
543 2134 687 2189 chori,
723 2148 782 2178 ex
808 2137 923 2178 Rota
957 2134 982 2178 5
1016 2133 1222 2178 decemb.
1265 2134 1375 2178 1595
1409 2147 1562 2178 coram
1597 2133 1816 2179 Corduba.

345 2221 402 2261 Ea
437 2231 547 2262 vero
580 2231 790 2275 graviora
823 2231 939 2275 quae
974 2222 1211 2276 nequeunt
1243 2217 1382 2260 statui
1416 2232 1441 2261 a
1475 2217 1696 2275 Capitulo,
1732 2216 1810 2260 sed
1844 2228 1998 2260 neces·

222 2299 341 2343 sario
392 2300 632 2358 requirunt
676 2313 953 2345 consensum
996 2300 1232 2358 Episcopi,
1268 2298 1523 2344 universim
1572 2298 1792 2356 explicuit
1837 2300 2001 2343 Suarez

223 2395 302 2440 per
333 2396 385 2426 ea
422 2382 585 2430 verba:
620 2397 740 2442 qwae
770 2389 979 2440 spectant
1012 2383 1075 2428 ad
1109 2383 1338 2428 Ecclesiae
1381 2381 1668 2427 cathedralis
1709 2381 2000 2426 commodam

223 2470 269 2510 et
301 2465 355 2510 ad
390 2466 734 2511 observantiam
766 2466 1060 2526 antiquarum
1085 2467 1500 2522 consuetudinum-3
1537 2479 1610 2510 ex.
1636 2480 1700 2523 gr.
1725 2479 1818 2510 non
1852 2469 2001 2523 potest

223 2549 481 2608 Capitulum
516 2552 768 2594 concedere
802 2555 853 2593 ut
884 2549 1102 2596 Canonici
1136 2549 1289 2594 absint
1321 2550 1452 2594 ultra.
1473 2554 1566 2594 tres
1602 2562 1780 2593 menses
1821 2563 1845 2593 a
1891 2549 1998 2593 resi-

222 2634 403 2691 dentia;
457 2647 547 2678 non
592 2638 739 2692 potest
787 2633 1052 2692 permittere
1099 2632 1436 2677 extinctionem
1485 2645 1563 2676 seu
1612 2631 1997 2677 affrancationem

222 2732 360 2777 quam
397 2722 567 2762 vocant
599 2717 832 2776 pensionis
875 2716 1058 2762 relictae
1098 2716 1296 2761 fabricae
1339 2715 1597 2772 sacristiae,
1647 2707 1719 2761 vel
1762 2715 1998 2770 ecclesiae,

222 2800 341 2845 sicut
378 2815 463 2845 nec
495 2800 749 2844 distrahere
783 2798 1116 2844 commodando
1152 2800 1222 2844 vel
1257 2799 1449 2844 locando
1485 2798 1668 2843 mobilia
1702 2802 1783 2843 aut
1824 2797 2002 2856 suppel-

221 2885 396 2929 lectiles
431 2884 650 2942 pretiosas
681 2883 885 2928 eiusdem
918 2881 1136 2928 ecclesiae
1172 2884 1241 2927 vel
1266 2882 1501 2927 sacristiae
1527 2899 1537 2939 ;
1575 2879 1733 2941 nequit
1757 2881 2002 2926 admittere

345 3061 353 3080 ¹
383 3061 479 3098 Sess.
506 3061 624 3103 XXV,
648 3061 738 3107 Cap.
767 3060 818 3096 ΙΙΙ
846 3060 890 3096 de
916 3059 1076 3097 Reform.
