2176 3386
203 173 282 213 392
845 183 955 213 PARS
984 184 1008 212 1.
1044 183 1100 212 DE
1129 182 1342 212 Pssnsoms

204 305 321 351 quae
353 291 400 336 in
435 292 611 337 duobus
644 291 932 350 potissimum
966 291 1178 337 consistit
1211 305 1402 348 nempe:
1442 291 1481 348 1)
1508 290 1554 335 in
1590 290 1720 335 iustis
1753 277 1981 335 mandatis

207 373 410 432 Episcopi
435 373 718 432 excipiendis
741 378 787 418 et
809 373 1128 430 observandis3
1165 374 1206 429 2)
1234 372 1280 417 in
1306 371 1510 419 eiusdem
1533 371 1701 416 iudicio
1723 371 1976 416 subeundo.

205 459 362 515 Itaque
395 456 653 515 Capitulum
684 457 818 501 debet
852 470 1009 514 parere
1052 455 1268 513 Episcopo
1311 455 1358 499 in
1403 454 1673 513 exequendo
1713 453 1811 499 eius
1853 467 1981 498 man-

203 539 325 584 dato.
365 543 517 584 Potest
547 543 704 584 autem
741 539 986 598 Episcopus
1020 539 1238 584 mandare
1271 537 1477 596 Capitulo
1509 536 1665 582 omnia
1698 550 1751 581 ea
1773 550 1889 596 quae
1913 550 1981 581 ra-

204 620 330 666 tione
363 626 510 667 status
541 622 780 677 clericalis,
815 621 950 666 officii
984 626 1031 666 et
1063 620 1272 666 beneficii
1307 621 1578 679 praestanda
1612 623 1721 664 sunt
1743 621 1813 664 vel
1843 633 1868 663 a
1891 618 1980 663 sin-

205 704 320 763 gulis
351 705 610 761 Canonicis,
647 706 719 749 vel
753 719 777 749 a
810 708 907 749 toto
940 705 1145 763 Capituli)
1168 703 1298 748 iuxta
1321 716 1474 748 sacros
1496 715 1710 747 canones.
1744 702 1862 747 Hinc
1886 706 1980 760 pot·

204 793 274 834 est
305 789 460 834 iubere
494 794 544 834 ut
578 789 808 834 indicatur
838 789 1115 847 Capitulum,
1139 788 1322 847 quando
1349 787 1593 846 Episcopus
1617 787 1716 831 vult
1740 784 1982 831 Canonicis

204 873 374 932 aliquid
406 887 676 931 proponere,
712 874 822 917 item
858 877 910 916 ut
943 877 1123 929 petatur
1156 873 1350 916 facultas
1381 871 1438 915 ab
1471 871 1567 930 ipso
1602 871 1675 914 vel
1707 869 1804 914 eius
1853 868 1980 914 Vica-

206 957 272 1001 rio
306 958 515 1003 Generali
550 956 740 1014 cogendi
774 955 1032 1014 Capitulum
1067 955 1112 999 in
1137 955 1295 1000 diebus
1319 953 1710 999 extraordinariis.
1749 956 1902 997 Potest
1924 966 1982 996 ex

206 1041 323 1086 iusta
356 1055 493 1086 causa
526 1040 733 1084 inhibere
768 1054 825 1085 ne
858 1043 1142 1084 convocetur
1175 1038 1451 1097 Capitulum,
1487 1038 1598 1082 item
1632 1036 1788 1095 poenis
1809 1040 1856 1080 et
1877 1049 1981 1081 cen-

206 1124 323 1169 suris
356 1137 516 1182 cogere
550 1123 803 1169 Canonicos
835 1123 891 1167 ad
926 1122 1250 1181 praestandum
1284 1121 1366 1166 sibi
1401 1121 1638 1179 exemplar
1675 1124 1864 1165 actuum
1906 1122 1983 1165 Ca-

206 1208 487 1267 pitularium.
536 1208 599 1252 Ad
632 1208 765 1253 haec:
802 1211 951 1265 potest
983 1207 1203 1251 mandare
1245 1205 1487 1251 Canonicis
1528 1209 1578 1248 ut
1618 1204 1834 1248 intersint
1876 1217 1981 1248 con-

206 1291 325 1336 cioni
362 1296 565 1349 tempore
599 1290 827 1335 adventus
858 1294 904 1334 et
935 1289 1327 1349 quadragesimae,
1362 1294 1414 1332 ut
1447 1287 1662 1332 intersint
1687 1285 1982 1345 processioni-

205 1376 289 1419 bus
320 1375 377 1418 ab
413 1374 629 1432 Episcopo
662 1374 715 1418 de
749 1372 938 1418 consilio
971 1372 1183 1431 Capituli,
1207 1371 1314 1416 licet
1338 1385 1430 1416 non
1453 1372 1508 1415 de
1528 1370 1733 1415 eiusdem
1758 1381 1983 1413 consensu

206 1458 407 1512 indictis,
443 1471 523 1516 pro
558 1457 736 1515 publico
770 1457 961 1511 honore,
997 1457 1116 1500 bono
1150 1457 1223 1500 vel
1267 1455 1535 1508 commodo,
1570 1452 1775 1512 aliisque.
1833 1455 1985 1497 Potest

208 1542 427 1586 mandare
462 1555 518 1585 ne
554 1542 703 1599 plures
735 1540 870 1585 simul
904 1540 1002 1584 sine
1035 1552 1114 1584 sua
1149 1538 1333 1584 licentia
1370 1536 1637 1582 vacationes
1686 1535 1985 1580 trimestrales

207 1629 410 1679 sumant,
448 1638 505 1668 ne
538 1624 704 1668 chorus
738 1623 875 1667 nimis
908 1623 1175 1681 infrequens
1208 1621 1303 1675 liat,
1338 1634 1391 1665 ac
1423 1619 1608 1664 divinus
1631 1619 1780 1663 cultus
1806 1617 1981 1661 minua·

206 1712 298 1763 tur,
334 1711 379 1751 et
412 1711 561 1765 polest
591 1706 731 1751 etiam
768 1705 1029 1765 praecipere
1061 1709 1199 1764 quota
1235 1718 1336 1762 pars
1368 1703 1533 1748 debeat
1564 1715 1744 1759 semper
1765 1700 1811 1744 in
1845 1701 1983 1745 choro

208 1792 443 1836 interesse.

323 1876 426 1921 497.
454 1876 579 1929 Quod
605 1889 715 1919 vero
738 1874 906 1919 attinet
928 1874 984 1919 ad
1001 1874 1100 1918 eius
1120 1872 1336 1917 iudicium
1361 1871 1667 1925 subeundum,
1689 1870 1838 1914 forum
1861 1882 1984 1912 com·

207 1965 365 2019 petens
397 1959 590 2018 Capituli
624 1963 692 2004 est
724 1958 925 2003 tribunal
971 1956 1202 2015 Episcopi,
1250 1955 1370 2000 unde
1411 1954 1448 1999 si
1491 1953 1679 1998 iuridice
1724 1951 1983 2009 Capitulum

206 2045 278 2089 vel
312 2043 592 2102 Capitulares
623 2043 842 2097 citentur,
879 2041 925 2085 in
959 2055 1012 2086 eo
1048 2039 1263 2084 tribunali
1299 2043 1517 2083 tenentur
1560 2050 1841 2094 comparere.
1898 2039 1982 2079 Ex-

205 2127 321 2185 cipe,
358 2125 444 2170 nisi
481 2140 559 2184 per
590 2125 842 2182 legitimam
866 2123 1239 2182 appellationem,
1268 2123 1339 2166 vel
1364 2120 1615 2179 legitimam
1641 2118 1981 2164 recusationem

205 2211 485 2269 Capitulares
518 2210 591 2254 vel
624 2209 883 2266 Capitulum
921 2206 1125 2266 Episcopi
1160 2206 1381 2251 iudicium
1413 2203 1644 2249 declinare
1669 2203 1870 2247 valeant.
1911 2200 1982 2245 Di-

206 2293 361 2338 ximus
393 2294 653 2350 leyitimam
686 2291 1063 2349 appellationem3
1102 2303 1210 2333 nam
1243 2287 1485 2346 appellatio
1518 2286 1700 2340 frivola,
1726 2299 1843 2344 quae
1876 2283 1935 2328 sit
1957 2298 1982 2327 a

207 2376 437 2420 sententia
471 2373 835 2428 interlocutoria,
870 2372 980 2416 item
1014 2385 1130 2430 quae
1163 2370 1223 2415 sit
1255 2370 1301 2414 in
1335 2369 1483 2414 causis
1515 2382 1595 2413 seu
1618 2366 1751 2412 factis
1775 2365 1982 2421 notoriis,

207 2462 288 2503 aut
321 2457 396 2501 ubi
430 2458 753 2502 tantummodo
785 2455 936 2513 agitur
967 2455 1021 2499 de
1055 2453 1330 2499 executione
1363 2453 1489 2510 legis,
1534 2466 1626 2497 non
1671 2449 1983 2495 admittitur¹.

209 2540 522 2587 Pariformiter
554 2554 648 2584 non
681 2539 943 2583 admittitur
975 2553 1026 2583 ea
1059 2538 1319 2596 appellatio,
1357 2550 1473 2596 quae
1509 2534 1663 2580 deficit
1696 2534 1742 2578 in
1778 2533 1985 2577 substan-

207 2623 390 2669 tialibus
421 2622 754 2681 appellationis,
790 2635 907 2681 quae
940 2626 1046 2665 sunt
1079 2621 1299 2680 quinque,
1338 2633 1502 2677 nempe
1539 2618 1685 2676 primo
1712 2620 1763 2660 ut
1787 2615 1982 2672 interpo-

183 2713 347 2753 'natur
378 2722 403 2752 a
437 2707 639 2765 legitima
674 2719 891 2764 persona;
926 2705 1128 2756 secundo
1162 2709 1213 2748 ut
1246 2703 1567 2761 interponatur
1610 2702 1731 2746 intra
1781 2698 1985 2744 debitum

208 2796 406 2849 tempus,
441 2789 615 2835 scilicet
646 2804 672 2835 a
704 2789 802 2834 iure
835 2801 1132 2844 concessum3
1172 2786 1304 2831 tertio
1338 2791 1388 2830 ut
1423 2788 1702 2844 proponatur
1737 2796 1894 2829 coram
1927 2781 1986 2825 le·

210 2873 369 2932 gitimo
402 2872 579 2930 iudice;
614 2876 778 2932 quarto
810 2875 862 2915 ut
895 2870 974 2915 fiat
1005 2871 1061 2915 ad
1083 2868 1339 2928 legitimum
1366 2868 1591 2925 iudicem;
1627 2867 1790 2926 quinto
1824 2869 1874 2909 ut
1896 2876 1987 2909 ser-

331 3043 339 3061 ¹
369 3043 567 3079 Pffimsscus
593 3042 645 3079 lit.
675 3039 718 3076 15
744 3041 786 3077 de
804 3041 896 3087 App.
