2176 3386
242 183 323 225 438
884 192 993 221 rans
1022 194 1046 221 1.
1082 194 1138 221 DE
1167 192 1378 222 pensoms

242 302 392 363 quoad
425 300 664 371 moniales,
697 314 835 359 quam
877 300 1026 359 quoad
1070 300 1298 358 regulares
1334 299 1473 344 viros.
1521 303 1612 345 Nos
1651 313 1839 358 agemus
1884 301 1924 358 1)
1960 301 2015 346 de

242 387 452 432 clausura
487 384 785 441 monialium3
821 385 863 440 2)
888 383 944 428 de
966 383 1174 428 clausura
1207 383 1430 429 virorum.

764 527 781 573 g
810 528 839 563 1.
866 548 911 550 —
939 527 997 562 De
1023 527 1219 563 Clausum
1246 526 1495 563 Monialium.

364 634 638 680 Monialibus
683 634 941 678 clausuram
990 637 1255 691 perpetuam
1305 632 1521 692 imposuit
1553 632 1811 679 Bonifacius
1843 636 1941 679 VIII
1975 635 2013 690 ¹,

243 733 436 778 eamque
460 716 723 761 'tridentina
747 715 956 773 Synodns
988 719 1033 759 et
1066 719 1308 772 sequentes
1334 714 1573 759 Pontifices
1605 716 1938 762 continuarunt
1970 722 2016 763 et

242 804 491 855 auxerunt,
516 803 703 844 onerata
741 799 1062 856 Episcoporum
1095 797 1377 843 conscientia
1413 812 1468 842 ne
1501 777 1797 843 eam'vialari
1831 801 2013 857 permit-

246 888 410 928 terent.
448 887 541 926 Iloc
574 880 772 925 officium
806 885 1026 925 exercent
1063 879 1264 938 Episcopi
1299 884 1522 938 potestate
1569 880 1815 937 ordinaria,
1850 881 1886 925 si
1920 895 2016 926 mo-

245 966 443 1011 nasteria
470 966 575 1024 ipsis
598 964 800 1008 subiecta
822 968 946 1018 sunt,
967 968 1191 1021 potestate
1218 978 1324 1008 vero
1347 964 1569 1021 delegata,
1589 964 1624 1008 si
1643 968 1751 1008 sunt
1773 970 2012 1023 exemp1a3

243 1050 341 1094 sive
376 1048 499 1093 enim
527 1047 746 1091 moniales
780 1046 1044 1091 immediate
1071 1050 1274 1091 Romano
1300 1046 1503 1091 Pontifici
1537 1046 1732 1102 subsint,
1757 1047 1854 1091 sive
1882 1048 2015 1093 alicui

249 1133 481 1191 Episcopo,
507 1131 604 1176 sive
638 1131 845 1175 Praelato
879 1130 1091 1188 regulari,
1117 1132 1354 1175 clausurae
1387 1130 1625 1188 vigilantia
1663 1130 1879 1190 Episcopo
1913 1132 2015 1187 loci,

245 1219 290 1262 in
325 1231 413 1276 quo
453 1215 779 1261 nonasterium
814 1214 987 1269 existit,
1023 1213 1284 1259 concredita
1317 1219 1400 1259 est.

365 1301 464 1345 565.
502 1300 745 1345 Clausurae
778 1299 850 1342 lex
884 1298 973 1342 duo
1008 1298 1247 1356 Importat:
1289 1299 1326 1353 1)
1356 1312 1411 1341 ne
1446 1297 1667 1343 moniales
1694 1313 1718 1342 e
1754 1298 2018 1344 monasterii

245 1385 383 1444 septis
407 1384 725 1442 egrediantur,
762 1384 803 1438 02)
833 1397 888 1426 ne
911 1381 1045 1426 alicui
1070 1386 1292 1425 extraneo
1316 1380 1449 1425 liceat
1474 1380 2017 1438 monasterium-ingredi.

248 1475 300 1515 Et
332 1469 377 1513 in
414 1468 571 1528 primis
606 1482 697 1513 non
732 1467 838 1511 licet
873 1466 1161 1520 monialibus,
1197 1465 1337 1509 ctiam
1372 1464 1426 1508 ad
1461 1464 1599 1509 breve
1636 1469 1830 1524 tempus,
1866 1479 1890 1508 c
1924 1480 2017 1509 mo—

245 1553 430 1599 nasterii
465 1553 604 1610 septis
640 1564 928 1610 quocumque
963 1552 1202 1607 praetextu
1237 1546 1404 1604 egredi,
1430 1546 1515 1590 nisi
1548 1561 1604 1591 ex
1641 1547 1755 1591 iusta
1793 1561 1928 1592 causa
1962 1549 2018 1592 ab

249 1636 465 1695 Episcopo
489 1635 798 1694 approbanda,
825 1639 870 1677 ct
893 1632 1030 1676 ctiam
1065 1646 1090 1676 a
1124 1630 1362 1688 Superiore
1394 1630 1593 1686 Ordinis,
1619 1630 1654 1675 si
1687 1631 2016 1676 monasterium

247 1719 382 1764 fucrit
402 1724 671 1776 exemptum
687 1718 716 1761 ².
746 1715 1011 1761 Iluiusmodi
1032 1728 1195 1760 causae
1213 1720 1462 1758 censentur
1481 1726 1710 1770 mayolum
1731 1715 2016 1769 incendium,

246 1804 502 1862 infirmitas
524 1803 684 1859 leprae
706 1805 785 1845 aut
807 1800 1063 1857 epidemiae
1095 1797 1299 1856 aliaeque
1332 1796 1502 1841 similes
1528 1801 1608 1840 aut
1635 1797 1919 1854 urgentiores
1940 1811 2015 1841 ex.

245 1901 310 1945 gr.
352 1885 626 1941 z'ticctzclatz'o,
661 1885 859 1928 hostiam
908 1885 1126 1926 incursus
1159 1885 1247 1925 etc.
1298 1883 1348 1924 In
1382 1880 1450 1924 liis
1488 1884 1644 1924 autem
1686 1878 1864 1924 casibus
1908 1894 2019 1924 non-

246 1970 332 2015 nisi
366 1970 429 2014 ad
468 1970 782 2012 neeessariam
826 1972 1003 2022 tempus
1043 1969 1173 2009 extra
1224 1962 1556 2008 monasterium
1599 1975 1696 2006 esse
1735 1961 1902 2007 licebit.
1955 1966 2018 2007 Ita

246 2053 350 2098 Pius
375 2056 406 2096 V
435 2054 479 2097 in
514 2052 590 2096 cit.
618 2055 764 2096 const.
803 2049 892 2093 Sub
925 2050 1073 2107 leprae
1108 2047 1295 2092 nomine
1332 2046 1459 2091 venit
1493 2046 1677 2091 morbus
1708 2047 2015 2104 contagiosus,

245 2138 302 2183 ob
338 2151 505 2197 quem,
548 2150 600 2180 eo
634 2135 832 2179 infectus
867 2134 935 2177 vel
979 2131 1175 2187 intecta,
1211 2146 1235 2175 a
1269 2130 1504 2175 communi
1538 2130 1747 2175 omnium
1789 2130 2018 2174 consortio

245 2225 496 2280 separatur.
540 2223 639 2263 Non
674 2223 926 2263 esttamen
958 2215 1160 2273 legitima
1194 2228 1328 2259 causa
1367 2212 1582 2270 exeundi,
1617 2212 1653 2257 si
1688 2213 2016 2257 monasterium

246 2305 305 2350 sit
336 2319 481 2363 capax
516 2317 569 2348 ac
601 2317 653 2347 ea
686 2301 745 2346 sit
778 2299 988 2344 medendi
1022 2299 1170 2343 eidem
1205 2296 1464 2341 infirmitati
1498 2294 1815 2350 commoditas,
1841 2298 1887 2339 et
1919 2294 2018 2338 nul-

246 2388 339 2432 lum
375 2386 616 2431 immineat
647 2384 746 2428 aliis
779 2381 1053 2427 monialibus
1087 2380 1355 2439 periculum.
1399 2377 1708 2436 Appellatione
1734 2391 1843 2422 vero
1874 2376 2020 2434 epide-

248 2471 367 2516 miae
400 2468 684 2527 significatur
715 2465 867 2525 quivis
900 2464 1085 2509 morbus
1117 2461 1434 2520 contagiosus,
1471 2460 1717 2518 malignam
1749 2458 2017 2518 qualitatem

248 2554 592 2614 praeseferens,
627 2550 702 2610 qui
739 2549 869 2594 facile
902 2548 958 2592 ad
990 2546 1101 2591 alios
1132 2545 1403 2590 diffunditur
1435 2558 1541 2589 cum
1580 2542 1827 2588 manifesto
1861 2541 2020 2586 mortis

249 2637 447 2695 periculo
471 2636 502 2691 ³,
538 2634 707 2694 quique
753 2631 1058 2686 coenobium,
1093 2634 1139 2674 et
1179 2643 1269 2674 non
1319 2628 1478 2672 urbem
1512 2629 1693 2671 tantum
1738 2624 1961 2669 invaserit
1983 2623 2015 2668 ⁴.

367 2794 374 2812 ¹
404 2793 489 2838 Cap.
517 2792 534 2827 1
563 2792 604 2827 de
630 2793 711 2827 stat.
737 2799 809 2835 req.
838 2788 875 2824 ln
901 2789 933 2824 6.

366 2865 377 2882 ²
406 2864 439 2901 S.
467 2863 553 2900 PIus
580 2863 624 2907 V,
651 2862 774 2898 Const.
802 2860 930 2897 Decori
955 2862 986 2895 et
1013 2858 1198 2895 honestati.

366 2935 379 2955 ³
404 2937 458 2972 Dr:
485 2934 728 2971 ALExAsoms
764 2933 803 2969 in
829 2942 939 2978 opere
969 2932 1011 2966 de
1036 2932 1181 2975 consess.
1211 2928 1370 2970 monial„
1397 2927 1439 2964 de
1463 2927 1575 2962 olaus.
1601 2935 1669 2971 cap
1695 2924 1727 2968 7,
1753 2933 1830 2970 par.
1855 2922 1900 2967 93
1925 2922 2016 2958 ZAc—

246 3018 335 3046 cnut
361 3009 503 3052 Quaest.
530 3006 682 3043 medico·
669 3005 816 3052 -leqales
840 3004 903 3040 lib.
930 3003 963 3045 8,
991 3003 1046 3038 ist.
1072 3001 1104 3037 5.

364 3078 640 3124 'Sae.Cong1·.
659 3071 1272 3123 Epp.etRegular.20feb1720;
1300 3040 1520 3107 Benedictus
1542 3068 1629 3106 XIV
1654 3068 1696 3105 de
1713 3067 1852 3114 synodo
1877 3064 1940 3101 lib.
1956 3063 2014 3106 l5,

246 3161 276 3187 e.
304 3152 358 3195 12,
386 3152 445 3188 51.
