2176 3386
779 183 910 212 LIBER
938 184 962 212 1.
993 184 1051 212 DE
1081 183 1275 213 cummis
1846 171 1926 211 315

134 292 318 349 talibus,
343 292 379 338 si
402 292 594 338 ecclesia
618 291 855 350 hospitalis
876 293 1133 350 sepulturas
1156 292 1324 337 habeat
1343 292 1415 336 vel
1439 291 1662 351 hospitale
1684 291 1744 337 sit
1765 306 1923 338 exem-

135 379 291 434 ptum,
331 379 401 421 est
437 376 750 434 cappellanus.
1562 361 1571 371 ⁰

252 463 346 503 Hoc
377 458 446 503 ius
478 459 721 504 funerandi
757 459 842 504 tria
866 458 1208 518 complectitur:
1237 457 1595 522 iusbsepelz’endz’,
1621 459 1694 501 ius
1715 459 1917 502 interve·

134 541 300 586 utendi
329 540 577 599 funeribus
608 546 654 587 et
686 545 759 587 ius
787 529 1083 600 percipiendi
1112 541 1427 586 emolu-menta
1467 556 1522 585 ex
1554 540 1802 598 funeribus
1844 541 1919 586 ob-

135 624 385 670 venientia.

253 704 353 750 582.
377 706 538 760 Quoad
556 705 912 764 iussepeliendi,
939 697 1306 765 exceptis'certis
1329 705 1508 750 casibus
1530 719 1554 750 a
1574 705 1672 750 iure
1705 705 1921 750 determi-

135 786 272 843 natis,
298 787 383 832 hoc
407 787 1230 853 priyatjyeffia—dhparochumpertinet.
1272 792 1447 832 Dantur
1469 787 1593 832 enim
1623 788 1735 833 certi
1770 801 1919 844 casus,

135 868 182 914 in
215 869 378 928 quibus
410 871 612 928 legitime
646 871 951 930 parochianus
983 871 1163 930 sepeliri
1200 876 1347 929 potest
1378 871 1435 915 ab
1466 870 1566 915 aliis
1598 885 1737 930 quam
1771 886 1794 916 a
1822 885 1919 929 pro-

134 953 230 1011 prio
264 955 462 1011 parocho
495 958 540 999 et
573 954 678 999 alibi
711 969 849 1014 quam
883 955 930 999 in
966 955 1207 1013 parochiae
1246 968 1353 999 suae
1393 954 1582 999 ecclesia
1627 954 1698 999 x‘el
1741 968 1920 999 coeme-

133 1037 264 1081 terio.
302 1038 933 1103 UHHQffll-‹zgeffllfflsffln
967 1037 1050 1093 sibi
1085 1037 1250 1095 eligere
1285 1040 1447 1095 potest.
1499 1042 1621 1082 Haec
1661 1037 1825 1081 electio
1870 1036 1920 1081 li-

134 1119 330 1165 berrima
363 1126 432 1166 est
466 1123 526 1166 ita
561 1127 610 1167 ut
643 1137 729 1167 nec
764 1128 961 1181 potestas
995 1122 1082 1167 viri
1117 1123 1162 1166 in
1199 1136 1422 1178 uxorem,
1458 1136 1576 1180 quae
1614 1122 1726 1166 alias
1766 1127 1920 1169 ,tumu-

134 1203 267 1248 landa
301 1209 420 1249 esset
453 1204 498 1248 in
533 1206 739 1262 sepulcro
777 1206 946 1261 mariti,
983 1210 1029 1250 et
1060 1206 1244 1265 quidem
1279 1204 1428 1250 ultimi
1471 1205 1507 1249 si
1560 1206 1708 1263 plures
1751 1206 1916 1250 habue-

135 1286 193 1330 rit
219 1287 248 1341 ί,
287 1301 370 1332 nec
403 1288 547 1347 patria
582 1293 781 1346 potestas
814 1289 1146 1347 impedimento
1179 1288 1238 1333 sit
1271 1288 1361 1333 lilio
1387 1288 1542 1346 puberi
1565 1290 1813 1347 quominus
1836 1288 1919 1333 sibi

134 1369 285 1428 eligat,
321 1371 460 1415 etiam
495 1372 592 1416 sine
626 1386 852 1417 consensu
887 1373 1042 1431 patris,
1078 1373 1411 1430 sepulturam'2.
1448 1374 1605 1427 Quoad
1640 1373 1916 1431 impuberes,

132 1454 206 1512 qui
242 1459 403 1499 carent
435 1454 629 1513 eligendi
664 1456 778 1511 iure,
815 1457 920 1501 licet
955 1456 1069 1515 patri
1103 1460 1183 1501 aut
1217 1457 1370 1511 matri,
1406 1455 1440 1500 si
1478 1461 1606 1514 pater
1652 1456 1794 1511 desit,
1841 1470 1919 1513 pro

132 1535 240 1590 ipsis
261 1536 426 1594 eligere
449 1539 730 1596 sepulturam
757 1540 787 1583 ³.
825 1539 866 1584 Si
900 1539 1001 1598 quis
1033 1540 1291 1597 sepulcrum
1328 1540 1553 1584 maiorum
1587 1540 1769 1595 habeat,
1795 1539 1917 1584 eoin

132 1619 231 1664 loco
264 1624 333 1665 est
365 1621 667 1678 sepeliendus,
704 1622 985 1682 subindeque
1019 1624 1053 1668 si
1089 1624 1282 1668 ecclesia
1315 1638 1339 1668 a
1375 1623 1688 1668 iurisdictione
1734 1623 1918 1680 parochi

130 1707 347 1762 exempta
381 1703 455 1759 sit,
493 1708 538 1748 et
572 1705 773 1762 proprios
809 1706 972 1750 habeat
1007 1711 1238 1762 Rectores,
1274 1707 1329 1751 ad
1373 1707 1480 1762 hos,
1526 1721 1617 1751 non
1662 1711 1819 1751 autem
1862 1707 1918 1751 ad

132 1789 403 1842 Parochum,
440 1788 686 1844 pertinebit
719 1789 880 1839 Missas
911 1803 1094 1844 canere,
1130 1790 1308 1850 aliaque
1355 1804 1567 1848 peragere
1610 1804 1747 1849 super
1788 1790 1918 1835 cada-

132 1882 215 1913 ver
241 1869 463 1926 defuncti,
499 1886 616 1930 quae
649 1872 696 1916 in
734 1873 899 1918 Rituali
936 1877 1141 1918 Romano
1176 1876 1453 1932 praescripta
1493 1874 1854 1919 inveniuntur¹¹.

251 1954 353 1999 585.
391 1955 604 2013 Exceptis
634 1955 686 2001 iis
712 1955 907 2012 casibus,
933 1958 989 2002 ad
1024 1958 1278 2002 Parochum
1314 1957 1536 2017 competit
1571 1959 1638 2002 ius
1671 1958 1917 2016 sepeliendi

131 2050 290 2081 eorum
326 2037 577 2094 cadavera,
613 2039 689 2097 qui
730 2040 848 2084 intra
889 2044 1129 2085 Paroeciae
1168 2041 1281 2085 lines
1323 2041 1635 2096 decesserunt,
1682 2041 1789 2085 licet
1825 2042 1919 2086 sint

131 2119 267 2164 alieni
291 2121 575 2178 parochiani,
610 2136 805 2180 quorum
840 2127 997 2168 tamen
1030 2123 1255 2168 cadavera
1290 2125 1528 2180 commode
1557 2129 1602 2168 et
1624 2124 1793 2183 absque
1826 2123 1918 2168 ullo

133 2202 332 2260 periculo
364 2204 418 2248 ad
456 2205 682 2263 propriam
722 2207 980 2252 Paroeciam
1016 2207 1254 2251 transferri
1291 2212 1536 2267 nequeant.

252 2288 353 2332 584.
394 2290 547 2333 Relate
583 2303 692 2334 vero
725 2290 779 2334 ad
813 2290 883 2339 ius
905 2291 1167 2346 funerandi,
1192 2292 1278 2336 hoc
1313 2291 1542 2349 integrum
1577 2292 1632 2337 ad
1667 2293 1916 2350 parochnm

135 2371 348 2428 pertinet,
373 2372 408 2416 si
432 2373 676 2417 defunctus
705 2373 750 2417 in
776 2374 984 2431 paroecia
1009 2375 1080 2419 vel
1107 2375 1284 2433 publico
1318 2375 1594 2420 coemeterio
1619 2375 1918 2419 tumulandus

134 2454 203 2498 sit.
237 2455 365 2509 Quod
399 2455 433 2500 si
467 2456 521 2500 ad
555 2457 666 2501 alios
701 2457 927 2515 pertineat
960 2459 1150 2516 sepelire
1183 2459 1397 2514 cadaver,
1434 2463 1546 2503 tunc
1580 2459 1632 2502 ad
1682 2459 1914 2516 proprium

134 2539 382 2596 parochum
416 2545 593 2607 spectat
625 2542 789 2585 stolam
822 2541 1017 2597 deferre,
1053 2556 1217 2599 corpus
1249 2556 1273 2586 e
1305 2542 1442 2587 domo
1475 2542 1654 2597 efferre,
1690 2555 1807 2599 aqua
1842 2541 1915 2586 he-

135 2623 314 2667 nedicta
348 2637 585 2682 aspergere
618 2629 664 2668 et
712 2624 978 2682 praecinere
1025 2625 1329 2684 antiphonam
1382 2626 1667 2670 Eoeuuabum
1700 2628 1911 2682 Domino,

254 2763 260 2780 ¹
291 2762 376 2808 Cap.
404 2762 436 2806 5,
461 2764 484 2804 ἓ
511 2762 541 2805 1,
568 2763 612 2800 de
639 2773 715 2809 sep.
743 2763 780 2798 in
807 2763 838 2818 6.

251 2833 263 2851 ’
290 2833 375 2878 Cap.
404 2834 423 2869 7
452 2833 486 2869 h.
516 2838 551 2878 t.‚
577 2834 665 2879 Gap.
693 2832 715 2869 4
740 2834 821 2871 eod.
848 2834 886 2870 in
912 2833 943 2871 6.

254 2903 267 2923 ³
293 2903 378 2950 Cap.
406 2905 425 2940 7
455 2905 488 2941 h.
515 2908 539 2941 t.

251 2975 265 2995 ³
291 2977 370 3013 Sac.
397 2976 467 3012 Rit.
493 2976 625 3022 Congr.
652 2976 709 3012 die
738 2976 784 3013 20
809 2978 1022 3014 novembris
1049 2976 1141 3014 1628
1165 2979 1263 3024 apud
1290 2978 1522 3016 GARDELLINI
1551 2989 1585 3015 n.
1607 2977 1688 3021 652,
1714 2984 1750 3015 et
1779 2979 1813 3015 iu
1842 2979 1914 3015 An-

133 3048 247 3084 drien.
278 3047 319 3085 10
346 3047 434 3084 febr.
466 3047 556 3086 1629
583 3047 645 3086 rel.
672 3059 694 3085 a
722 3048 837 3085 (ΞΛΜ).
864 3059 900 3085 n.
927 3048 1009 3086 648.
