2176 3386
727 185 856 214 menn
884 185 908 213 1.
944 184 1002 213 DE
1030 182 1225 212 CLERICIS
1794 171 1866 210 131

87 295 215 340 beat:
250 293 327 354 qui
361 293 487 338 enim
522 293 642 351 leges
678 293 801 337 ferre
834 295 999 349 potest,
1035 290 1176 335 etiam
1209 291 1329 347 leges
1360 289 1482 334 solus
1503 287 1709 346 legaliter
1730 288 1868 333 inter-

86 382 264 438 pretare
285 377 420 422 debet
446 377 474 420 ².
513 379 739 421 Attamen
766 374 956 420 inferior
978 388 1035 419 ex
1059 372 1243 432 speciali
1261 371 1587 418 commissione
1617 371 1870 430 Superioris

86 463 207 519 leges
229 459 533 518 interpretare
559 459 700 514 valet,
726 458 821 516 agit
843 456 967 502 enim
992 457 1039 500 in
1064 468 1169 501 casu
1196 469 1289 499 non
1323 453 1503 512 propria
1526 454 1604 499 sed
1626 453 1871 512 superioris

85 544 360 591 auctoritate
394 543 426 588 ².
474 547 540 588 Ita
573 545 735 587 Sacrae
768 541 1154 600 Congregationes
1191 554 1262 584 ex⁴
1285 538 1518 584 pontificis
1552 539 1769 583 mandato
1802 538 1871 583 ius

87 642 334 676 commune
366 627 611 687 aliquando
646 627 1032 685 interpretantur.
1071 624 1377 682 Delegationis
1408 624 1507 668 iure
1539 638 1613 669 ex.
1641 638 1705 681 gr.
1736 627 1870 668 Sacra

85 711 271 759 Concilii
304 708 602 769 Congrega'tio
627 710 640 732 ³
677 708 944 754 authentice
987 709 1197 754 consulto
1245 708 1463 753 Pontifice
1505 721 1707 753 canones
1749 707 1867 752 Trid.

88 796 428 853 interpretatur.
478 797 574 837 lmo
611 791 711 837 Pius
746 795 798 836 IV
827 792 839 815 ³·
875 790 1134 850 specialiter
1167 790 1399 850 prohibuit
1430 790 1692 835 doctoribus
1723 790 1871 849 priva·

86 879 146 923 tis
179 876 607 936 interpretationem
631 875 729 920 sive
754 874 1119 929 commentariis,
1145 873 1244 918 sive
1276 873 1449 932 glossis,
1478 872 1869 928 adnotationibus,

88 960 270 1007 scholiis
305 961 348 1005 in
383 973 585 1005 canones
619 958 911 1004 'tridentinos
934 973 990 1003 ea:
1008 957 1216 1016 professo
1249 962 1511 1017 susceptam
1544 961 1591 1001 et
1622 956 1745 1015 typis
1782 956 1871 1000 edi·

88 1050 181 1089 tam
217 1044 386 1103 absque
422 1046 574 1102 Apost.
613 1043 736 1087 Sedis
769 1055 1014 1096 consensu,
1051 1041 1268 1086 Praelatis
1300 1042 1484 1100 quidem
1508 1041 1592 1086 sub
1623 1055 1767 1099 poena
1802 1043 1872 1084 tn-

90 1128 272 1171 terdictz'
302 1127 358 1171 ab
391 1129 606 1183 inyressa
647 1127 898 1178 Ecclesiae,·
938 1126 1038 1171 aliis
1069 1127 1151 1169 sab
1185 1139 1338 1183 poena
1380 1129 1874 1171 eaecommam'cation‘e's

90 1211 215 1255 latae
246 1212 517 1254 sententiae.
574 1209 738 1254 Eodem
773 1209 870 1254 iure
912 1210 1118 1268 delegato
1159 1211 1277 1267 apud
1319 1213 1548 1254 Romanos
1581 1210 1701 1267 leges
1734 1209 1873 1253 inter-

92 1293 332 1351 pretabant
370 1292 677 1336 iurisconsulti
726 1312 744 1333 a
772 1306 971 1351 qaorum
1014 1295 1226 1337 omnium
1268 1294 1527 1337 sententiae
1564 1299 1603 1336 et
1636 1295 1875 1349 opiniones

90 1391 194 1421 eam
232 1379 556 1422 auctoritatem
604 1378 819 1421 tenebant
863 1383 910 1421 at
953 1378 1098 1421 iudici
1144 1377 1356 1421 recedere
1388 1391 1418 1421 a
1451 1391 1667 1434 'responso
1713 1390 1873 1421 eoram

93 1474 185 1504 non
210 1461 365 1504 liceret
392 1478 409 1496 n
439 1461 468 1503 ³.
514 1461 696 1505 [Jsaalis
724 1460 1043 1518 interpretatio
1067 1475 1124 1504 ex
1149 1440 1351 1518 legitima
1376 1459 1709 1506 consuetudine
1732 1459 1877 1503 oritur

89 1559 204 1603 quae
240 1544 367 1588 iuxta
402 1543 471 1588 ius
493 1543 674 1589 dicitur.
722 1548 796 1588 Est
829 1543 953 1588 enim
988 1544 1271 1588 consuetudo
1308 1563 1326 1583 α
1352 1546 1527 1600 optima
1554 1545 1709 1599 leyam
1733 1546 1876 1587 inter·

89 1642 194 1685 pres
222 1646 239 1663 π
278 1627 308 1670 ⁶.
348 1633 410 1673 lta
436 1628 721 1672 consuetudo
760 1628 997 1672 decretum
1033 1627 1150 1672 Trid.
1181 1630 1320 1672 relate
1348 1628 1404 1672 ad
1439 1627 1621 1686 parochi
1655 1628 1876 1672 adsisten-

93 1710 202 1755 tiam
254 1709 298 1754 in
350 1710 630 1755 matrimonii
681 1710 990 1755 celebratione
1020 1712 1031 1732 ⁷
1073 1711 1373 1769 interpretata
1411 1715 1510 1766 est,
1558 1715 1607 1755 ut
1652 1711 1878 1756 alteruter

92 1791 325 1850 parochus
359 1792 443 1837 viri
480 1797 560 1838 aut
596 1793 801 1838 mulieris
833 1794 1043 1839 sufficiat.
1086 1797 1254 1838 Verum
1292 1794 1439 1852 prouti
1474 1795 1757 1839 consuetudo
1790 1799 1875 1849 est,

93 1877 158 1921 uti
192 1876 410 1931 diximus,
445 1878 682 1922 iudicialis
720 1877 792 1921 vel
829 1878 1221 1927 exto-aiadicialis‚
1251 1877 1311 1921 ita
1339 1882 1385 1921 ct
1407 1877 1517 1935 legis
1540 1876 1874 1936 interpretatio.

94 1961 292 2019 Utraque
326 1960 644 2018 interpretatio
669 1960 869 2018 teyalem
895 1960 1325 2018 interpretationem
1351 1961 1544 2016 inducit,
1570 1975 1676 2006 cum
1702 1961 1746 2006 in
1771 1976 1877 2006 con-

95 2043 335 2088 suetudine
371 2042 557 2088 iuridica
593 2044 837 2098 fundetur,
868 2057 985 2103 quae
1020 2046 1111 2088 vim
1146 2044 1258 2101 lepis
1296 2044 1446 2089 habet.
1495 2045 1779 2090 Doctrinal‘e's
1813 2044 1878 2089 in-

95 2125 361 2183 terpretatio
401 2139 491 2169 non
526 2125 701 2170 inducit
739 2125 823 2170 nisi
866 2128 1093 2170 maiorem
1128 2126 1199 2170 vel
1239 2129 1469 2170 nzinorem
1503 2128 1878 2184 probabilitatem

97 2209 222 2253 iuxta
243 2208 460 2263 rationes,
496 2208 540 2252 in
575 2208 740 2267 quibus
773 2209 1129 2253 fundamentum
1166 2209 1316 2253 habet.
1356 2209 1663 2254 Nihilominus
1697 2210 1878 2268 plurimi

98 2291 303 2336 facienda
327 2296 412 2345 est,
437 2291 541 2350 quia
578 2292 795 2336 facillime
830 2306 936 2337 cum
970 2306 1021 2337 ea
1058 2292 1377 2350 interpretatio
1400 2292 1671 2338 authentica
1705 2298 1878 2338 9111311-

99 2374 203 2429 ale's,
224 2374 321 2418 sive
344 2375 739 2430 eaftraz'udictalis,
769 2375 866 2420 sive
892 2376 1128 2420 iad'e'cialis
1150 2376 1497 2434 coniunguntur
1514 2376 1544 2420 ⁸.
1573 2380 1673 2421 Non
1697 2377 1878 2421 tradun-

219 2548 226 2565 ¹
257 2548 306 2586 Cf.
326 2548 396 2594 leg.
426 2549 479 2592 12,
509 2550 562 2592 11,
590 2549 622 2585 9.
659 2550 745 2587 Cod.
766 2531 811 2587 de
839 2551 920 2596 leg.;
949 2561 1027 2597 rap.
1055 2552 1097 2587 51
1127 2552 1171 2587 de
1199 2557 1291 2588 sent.
1317 2562 1459 2588 excom.

219 2619 231 2637 ²
258 2620 308 2655 Cf.
335 2620 456 2656 MAcu.
483 2631 515 2656 v.
535 2631 565 2657 c.
591 2621 635 2657 de
655 2626 773 2658 const.
801 2627 814 2662 g
842 2621 902 2659 VI.

219 2691 231 2710 ³
258 2692 363 2727 quta
389 2694 512 2728 const.
540 2693 631 2729 Sixti
660 2693 691 2729 V
719 2693 914 2729 Immensa.

218 2764 230 2781 ³
256 2763 360 2800 Bulla
378 2764 587 2800 Benedictus
614 2765 712 2801 Deus
743 2765 785 2801 16
814 2766 887 2802 lan.
912 2766 1011 2802 1564.

218 2835 230 2853 ¹⁵
258 2835 348 2881 Imp.
375 2836 461 2873 lust.
489 2836 572 2873 inst.
598 2847 758 2946 ιὲιῡιν
787 2838 890 2874 Rom
911 2837 932 2873 l
963 2838 1040 2879 1,1
1062 2837 1095 2881 Ξ,
1122 2838 1184 2878 Ξ.8

219 2905 232 2925 ⁶
259 2907 297 2942 C.
323 2907 345 2943 8
370 2907 414 2943 de
441 2914 595 2944 consuet
725 2909 781 2951 57,
808 2908 907 2973 5811.
935 2909 979 2945 de
1007 2909 1077 2954 ltg.
1098 2909 1227 2960 Recrui.
1254 2909 1300 2945 45
1326 2910 1394 2946 iur.
1413 2911 1451 2946 in
1477 2909 1526 2945 6⁰.

220 2975 355 3013 ·s.ess
383 2977 439 3019 24,
465 2988 496 3014 c.
525 2979 555 3023 1,
574 2979 618 3015 de
645 2979 706 3015 res.
735 2984 819 3015 mat.
858 2975 872 3001 1
998 2990 1000 2993 ’
1043 2979 1091 3005 ῑ’1“
1147 2989 1165 2997 ·’
1227 2979 1307 3014 1..»
1349 2993 1387 3011 ›ae
1423 2996 1457 3002 -=

222 3047 235 3066 ‘³
261 3047 310 3084 Cf
332 3049 478 3086 SUAnEz
505 3049 526 3085 l.
554 3050 615 3094 VI,
642 3051 766 3087 Rmrr.
795 3050 814 3087 l.
837 3050 909 3094 1,1.
931 3051 984 3094 11,
1006 3051 1162 3092 ξ15-17.
