2176 3386
190 160 271 200 314
551 173 902 204 SUPPLEMENTUM
931 175 1210 210 QUORUMDAM
1239 175 1606 206 nocuMENTonum

191 276 283 322 tius
322 281 379 324 lV
409 278 578 340 aliique
611 280 806 326 Romani
842 281 1110 339 Pontifices,
1144 282 1222 342 qui
1259 283 1568 330 Orientalibus
1609 284 1842 345 quidpiam
1884 290 1972 332 sta-

190 364 337 417 tuere,
372 375 554 421 semper
584 363 880 409 declararunt.
909 366 1231 410 substinendos
1262 380 1354 411 esse
1384 370 1518 423 ritus,
1546 381 1709 424 mores,
1735 375 1972 414 eonsuetu-

190 445 412 504 dinesque
434 448 740 503 Graecorum,
760 462 853 507 qua
878 451 928 493 in
950 455 1102 506 parte,
1124 463 1208 494 nec
1230 450 1341 508 fidei
1360 450 1615 496 catholicae
1638 452 1971 509 adversamur,

190 544 275 575 nec
303 531 570 588 perieulum
605 538 842 589 yenerant
883 535 1192 589 animarum,
1227 540 1312 579 aut
1361 535 1704 581 Ecclesiasticae
1743 536 1975 594 deroyant

189 612 433 658 honestati.
470 615 613 672 Igitur
635 615 1011 671 constitutiones,
1037 615 1083 660 in
1107 616 1272 676 quibus
1302 617 1452 675 agitur
1483 618 1539 662 de
1570 617 1826 678 disciplina,
1856 634 1972 679 quae

190 697 369 756 propria
393 697 451 742 sit
479 698 702 743 Ecclesiae
730 699 932 751 Latinae,
957 713 982 743 a
1007 700 1200 744 materia
1234 699 1346 758 ipsa,
1382 700 1436 745 de
1458 715 1545 760 qua
1580 705 1738 759 agunt,
1774 702 1829 746 ad
1855 703 1974 747 solos

190 779 376 824 Latinos
407 785 720 837 coarctantur,
757 782 886 826 iuxta
919 783 1156 839 generales
1192 782 1541 839 declarationes,
1575 798 1691 844 quae
1730 784 1844 829 ritus
1877 799 1972 830 mo-

190 875 352 921 resque
399 862 703 907 Orientalium
759 864 983 921 probant,
1020 864 1117 909 sive
1152 865 1442 924 permittunt.
1495 867 1802 921 Quamobrem
1838 869 1972 912 huius

189 945 370 1002 generis
402 946 780 998 Constitutiones,
818 946 903 992 nisi
937 961 1152 1005 expresse
1184 948 1239 992 de
1271 949 1581 995 Orientalibus
1617 950 1880 1008 disponant,
1915 951 1971 996 ad

189 1026 309 1085 ipsos
372 1042 462 1072 non
498 1034 607 1073 sunt
639 1030 974 1075 extendendae.
1016 1031 1317 1077 Durissimum
1351 1032 1475 1077 enim
1510 1038 1645 1089 esset,
1681 1033 1830 1094 inquit
1864 1037 1971 1079 Ver-

189 1111 387 1167 ricellus,
424 1126 585 1170 cogere
617 1112 875 1158 orientales
907 1113 1152 1158 redeuntes
1184 1115 1240 1159 ad
1274 1115 1581 1178 obedientiam
1628 1117 1752 1162 Sedis
1785 1121 1969 1175 Aposto—

189 1194 303 1238 licae
335 1194 391 1239 ad
425 1195 737 1240 observandas
770 1209 931 1240 omnes
951 1196 1316 1242 Constitutiones
1341 1212 1485 1242 novas
1512 1203 1821 1244 Romanorum
1860 1203 1968 1244 Pon-

188 1278 390 1336 tilicum3
427 1283 565 1337 atque
598 1279 651 1323 ad
690 1279 819 1333 ritus,
857 1280 1306 1340 consuetudinesque
1342 1283 1599 1337 mutandas,
1635 1297 1752 1341 quae
1797 1283 1969 1340 pericu—

187 1360 281 1403 lum
317 1373 408 1404 non
434 1365 659 1417 generant
681 1359 963 1415 animarum,
990 1374 1075 1405 nec
1108 1366 1216 1404 sunt
1239 1362 1576 1407 ecclesiasticae
1610 1363 1839 1408 honestati
1863 1377 1969 1409 con-

188 1443 370 1487 trariae.

308 1530 364 1572 At
400 1532 444 1572 P.
480 1541 504 1572 a
540 1531 685 1572 Breno
707 1527 1070 1573 Constitutioncs
1103 1528 1305 1574 indicare
1343 1530 1538 1585 videtur,
1574 1544 1689 1590 quae
1723 1531 1840 1575 latae
1878 1530 1970 1575 sint

187 1628 268 1672 pro
303 1612 515 1657 tollendis
547 1611 777 1667 abusibus,
819 1611 895 1670 qui
929 1617 1038 1656 sunt
1077 1612 1148 1656 vel
1172 1626 1269 1658 esse
1303 1619 1494 1672 possunt
1527 1613 1708 1673 utrique
1747 1613 1970 1658 Ecclesiae

186 1709 474 1751 communes,
498 1697 582 1740 lioc
607 1699 675 1740 est
697 1694 862 1754 quibus
888 1710 1061 1753 poenae
1085 1701 1370 1747 statuuntur,
1393 1701 1443 1741 ut
1460 1711 1511 1741 ea
1531 1712 1555 1741 e
1576 1697 1724 1741 medio
1749 1697 1970 1741 tollantur

188 1776 258 1819 vel
296 1775 620 1833 impediantur,
657 1790 773 1835 quae
806 1775 1144 1821 ecclesiasticae
1168 1777 1390 1834 derogant
1414 1777 1660 1832 honestati,
1689 1779 1760 1822 vel
1795 1778 1968 1836 pericu-

186 1860 279 1904 lum
315 1864 539 1917 generant
572 1861 852 1915 animarum,
889 1864 968 1903 aut
1002 1865 1052 1904 ut
1084 1862 1347 1905 executioni
1385 1862 1663 1906 mandentur
1709 1867 1965 1921 praecepta,

184 1958 301 2004 quae
334 1944 390 1988 ad
424 1948 666 2003 utramque
712 1945 959 1988 Ecclesiam
1008 1944 1258 2002 pertinent.
1312 1944 1355 1988 Id
1390 1949 1544 1989 autem
1582 1959 1741 1989 verum
1781 1950 1879 2002 est,
1915 1960 1968 1991 ac

186 2032 350 2074 Sacrae
382 2027 757 2085 congregationis
794 2028 996 2073 Decretis
1028 2028 1219 2072 omnino
1253 2042 1525 2073 consonum.
1576 2033 1688 2073 Dum
1723 2028 1846 2073 enim
1886 2033 1967 2074 Ro⁴

186 2113 309 2158 mani
346 2112 605 2167 Pontifices,
643 2126 721 2169 pro
755 2112 985 2169 pastorali,
1022 2126 1159 2171 quam
1196 2117 1377 2169 gerunt,
1417 2112 1638 2156 Dominici
1664 2111 1812 2170 gregis
1839 2126 1964 2169 cura,

184 2212 242 2242 ex
278 2196 494 2241 universa
547 2195 741 2241 Ecclesia
792 2208 890 2239 sese
931 2195 1095 2240 abusos
1144 2194 1300 2239 tollere
1337 2195 1452 2239 velle
1499 2196 1784 2251 declamant,
1820 2210 1873 2240 ac
1914 2209 1966 2240 ea

183 2295 419 2335 amovere,
444 2295 562 2340 quae
596 2280 641 2324 in
670 2279 850 2324 ruinam
885 2279 1058 2324 cedunt
1079 2277 1360 2334 animarum,
1386 2283 1432 2323 et
1455 2277 1776 2323 ecclesiasticis
1811 2279 1967 2336 poenis

183 2378 295 2410 oves
327 2377 488 2408 omnes
520 2362 602 2407 sibi
637 2361 924 2406 concreditas
956 2361 1144 2405 student
1183 2362 1236 2406 ad
1271 2367 1488 2406 aeternae
1536 2361 1695 2406 salutis
1728 2361 1852 2406 viam
1900 2375 1966 2405 re-

186 2461 376 2503 vocare3
426 2446 811 2505 praesumendum
846 2446 1036 2490 omnino
1069 2449 1154 2501 est,
1183 2444 1298 2490 velle
1331 2459 1492 2489 omnes
1525 2444 1715 2489 omnino
1747 2445 1963 2502 obligare,

183 2530 291 2574 dum
325 2530 381 2574 ad
415 2529 679 2574 universam
720 2529 967 2573 Ecclesiam
1000 2526 1363 2573 Constitutiones
1394 2527 1612 2586 dirigunt,
1638 2543 1692 2573 ac
1713 2528 1967 2573 excludunt

184 2614 437 2659 neminem.
493 2613 606 2658 Hinc
654 2626 895 2671 supremae
944 2611 1260 2671 Inquisitionis
1307 2611 1490 2657 decreto
1526 2625 1650 2656 anno
1693 2613 1797 2656 1651
1835 2611 1907 2656 die
1938 2613 1966 2657 4

184 2696 282 2741 Iulii
321 2695 561 2741 definitum
596 2700 682 2751 est,
716 2695 975 2740 Orientales
1007 2694 1153 2739 tribus
1186 2694 1231 2739 in
1266 2694 1445 2739 casibus
1480 2699 1791 2739 Romanorum
1814 2693 1966 2739 Ponti·

183 2779 322 2825 ficum
361 2778 777 2825 Constitutionibus
818 2778 1164 2836 comprehendi.
1217 2778 1421 2822 Primum
1458 2779 1567 2823 dum
1600 2782 1744 2836 agunt
1775 2778 1830 2822 de
1863 2777 1965 2822 lidei

182 2862 412 2919 dogmate.
451 2861 621 2906 Deinde
654 2861 762 2906 dum
798 2875 1011 2920 expresse
1055 2861 1268 2906 Pontifex
1302 2874 1381 2906 eos
1411 2860 1649 2919 designat,
1684 2865 1735 2905 ut
1777 2860 1822 2905 in
1856 2873 1962 2905 casu

182 2943 582 2989 schismaticorum
618 2944 663 2989 in
700 2945 820 2989 Bulla
854 2947 1047 2990 Coenae.
1089 2949 1298 3000 Demum,
1333 2944 1442 2989 dum
1474 2944 1617 2990 deiis
1649 2944 1869 3002 implicite
1900 2943 1966 2989 di·

183 3026 352 3085 sponit,
389 3032 438 3071 ut
471 3027 518 3071 in
551 3027 731 3072 casibus
762 3027 1080 3086 appellationis
1111 3027 1165 3072 ad
1201 3028 1408 3072 futurum
1445 3027 1718 3085 Concilium,
1754 3027 1963 3085 deferen-
