2176 3386
1178 35 1228 51 5⁷³.
1244 30 1357 63 ἰὼ
1360 31 1440 51 »ss'Q
1452 29 1506 72 εἷς»)
1511 35 1677 51 ὶμιίο,
1711 25 1913 51 λιν-,ιωᾉᾸᾼ-

55 125 114 136 ··
139 102 355 168 'shyteri
389 71 479 155 cui
485 73 620 156 tacta
652 100 714 152 sit
728 57 949 151 facultas
959 56 1086 151 iilud
1126 57 1509 159 administrandi,
1543 103 1619 148 vel
1650 101 1739 148 alia
1770 114 1942 160 urgens

155 181 424 238 necessitas.
1080 200 1082 202 ·

270 276 371 321 652.
407 276 463 319 Ul
497 272 820 328 confirmandi,
855 271 930 332 qui
966 267 1103 316 usum
1138 268 1331 315 rationis
1363 268 1554 324 habent,
1589 267 1727 327 digne
1753 268 1840 313 hoc
1863 271 1939 313 Sa·

142 361 441 404 cramentum
491 355 745 414 recipiant,
781 354 952 399 debent
990 366 1089 399 esse
1123 352 1169 397 in
1204 352 1382 410 gratia,
1417 354 1464 396 et
1506 351 1607 396 ideo
1651 350 1939 396 conveniens

148 441 284 486 valde
315 444 402 495 est,
436 443 488 484 ut
521 437 640 483 illius
671 435 950 496 susceptioni
986 435 1288 495 praemittant
1320 433 1713 480 Sacramentalem
1752 434 1937 480 Confes-

143 525 343 569 :sionem.
395 522 438 567 Si
471 521 596 567 enim
639 520 811 566 conscii
852 518 1046 565 alicuius
1079 517 1257 578 peccati
1297 517 1509 572 lethalis,
1544 517 1664 576 quod
1697 516 1846 572 absit,
1881 516 1937 561 ad

145 605 555 652 Confirmationem
589 603 888 658 accederent,
925 615 1016 646 non
1051 601 1199 645 solum
1235 599 1370 644 huius
1418 598 1704 644 sacramenti
1738 598 1936 656 gratiam

145 703 239 733 non
262 687 548 747 ,reciperent,
584 686 660 731 sed
695 685 970 743 gravissimo
1003 682 1242 741 sacrilegio
1274 695 1321 727 se
1355 682 1600 741 illigarent.

266 772 366 816 655.
407 774 535 816 [uxta
571 774 777 814 veterem
816 766 1041 813 Ecclesiae
1074 780 1209 812 nsum
1245 765 1550 811 confirmandi
1583 765 1806 810 deberent
1838 779 1936 810 esse

113 917 116 921 ἦ
143 852 305 909 ieiuni,
337 853 681 912 optandumque
714 856 953 910 propterea
977 854 1115 903 esset,
1142 854 1193 894 ut
1215 849 1258 894 id
1284 849 1434 908 ipsum
1464 850 1508 894 in
1535 848 1767 909 praesenti
1789 849 1934 894 etiam

140 943 422 983 servaretur.

263 1021 364 1066 654.
402 1023 538 1065 Sacro
578 1018 827 1063 chrismate
877 1016 1068 1062 liniendi
1100 1019 1212 1061 ante
1246 1015 1489 1073 diligenter
1535 1014 1774 1060 erudiendi
1824 1018 1935 1059 sunt

141 1105 272 1149 iuxta
299 1103 559 1149 doctrinam
593 1100 899 1148 cathechismi
937 1100 1129 1145 Romani
1170 1100 1225 1144 de
1260 1102 1443 1155 natura,
1479 1098 1720 1157 dignitate,
1756 1098 1931 1144 effecti·

141 1187 225 1232 bus
266 1202 320 1233 ac
365 1186 739 1244 dispositionibus
771 1185 826 1230 ad
860 1185 996 1243 digne
1029 1188 1372 1229 sacramentum
1414 1182 1675 1227 huiusmodi
1711 1181 1933 1242 recipien-

138 1272 251 1316 dum
287 1269 646 1330 praerequisitis.
699 1272 812 1314 [tem
856 1271 1037 1326 oportet
1070 1273 1120 1311 ut
1155 1267 1448 1312 instruantur
1495 1267 1615 1311 circa
1666 1265 1769 1311 fidei
1812 1267 1931 1311 rudi-

141 1357 316 1408 menta,
355 1353 563 1409 Decalogi
597 1357 643 1397 et
681 1352 906 1397 Ecclesiae
942 1355 1201 1410 praecepta,
1228 1351 1348 1395 circa
1384 1355 1514 1396 actus
1543 1349 1770 1413 virtutum
1804 1351 1931 1394 theo-

139 1436 388 1495 logalium,
423 1451 477 1481 ac
510 1436 767 1481 orationem
822 1434 1141 1489 Dominicam,
1177 1438 1223 1478 et
1271 1435 1588 1492 Apostolorum
1640 1434 1927 1492 Symbolum,

136 1534 257 1579 quae
291 1519 512 1564 memoria
550 1522 756 1563 teneant.

260 1603 359 1648 655.
397 1605 609 1647 Ceterum
650 1600 928 1647 Missionarii
979 1614 1071 1645 non
1121 1600 1342 1645 omittant
1392 1599 1546 1644 fideles
1593 1599 1677 1644 sibi
1730 1600 1929 1646 creditos

134 1687 279 1731 etiam
315 1686 504 1741 hortari,
532 1690 580 1731 ut
614 1685 1024 1731 Confirmationem
1058 1684 1210 1729 debito
1235 1688 1442 1742 tempore
1477 1682 1702 1741 recipiant
1725 1697 1811 1728 nec
1834 1697 1929 1728 non

138 1775 189 1814 ut
223 1774 435 1828 parentes
469 1769 583 1814 lilios
606 1782 711 1814 suos
734 1768 998 1813 confirmari
1033 1771 1224 1823 curent;
1262 1766 1345 1810 etsi
1380 1766 1506 1810 enim
1541 1765 1626 1810 hoc
1666 1779 1927 1811 sacramen-

136 1858 234 1898 tnm
271 1868 363 1898 non
397 1853 455 1898 sit
487 1854 542 1898 de
578 1852 851 1898 necessitate
901 1850 1039 1896 medii
1073 1851 1129 1895 ad
1163 1849 1388 1905 salntem,
1427 1854 1583 1894 tamen
1633 1848 1732 1894 sine
1775 1849 1929 1907 gravis

136 1936 312 1994 peccati
362 1940 492 1981 reatu
527 1935 692 1994 negligi
728 1949 820 1980 non
856 1938 1005 1992 potest
1037 1947 1142 1979 cum
1194 1933 1301 1977 illud
1350 1931 1627 1990 suscipiendi
1668 1935 1927 1990 opportuna

133 2019 265 2064 adest
296 2019 491 2064 occasio.
531 2023 667 2063 Porro
701 2018 813 2063 haec
846 2016 1073 2071 doctrina,
1110 2015 1146 2061 si
1182 2030 1288 2074 prae
1321 2015 1552 2070 omnibus,
1588 2015 1663 2074 qui
1699 2019 1808 2059 sunt
1841 2029 1923 2060 un-

132 2101 297 2160 dique,
333 2101 709 2148 Christifidelibus
744 2114 852 2145 vera
885 2105 980 2154 est,
1017 2100 1163 2144 mullo
1198 2098 1342 2155 magis
1375 2098 1525 2143 locum
1568 2097 1705 2141 habet
1738 2097 1785 2141 in
1820 2097 1923 2153 illis,

134 2184 211 2243 qui
248 2184 292 2228 in
318 2184 453 2229 terris
485 2184 658 2243 degunt
692 2182 1050 2238 haereticorum,
1079 2182 1148 2226 vel
1186 2194 1486 2240 paganorum,
1511 2178 1558 2224 in
1592 2179 1757 2238 quibus
1780 2193 1923 2238 quan-

130 2267 280 2327 doque
322 2268 543 2313 adversus
590 2267 842 2312 catholicos
875 2265 1219 2325 persecutiones
1268 2264 1516 2322 ingruunt,
1553 2262 1674 2307 unde
1712 2275 1825 2320 opus
1857 2267 1926 2306 est

134 2357 186 2396 ut
230 2351 511 2410 septiformis
554 2351 745 2410 Spiritus
779 2350 953 2395 virtute
998 2350 1298 2404 roborentur,
1334 2362 1423 2407 qua
1471 2361 1562 2392 non
1606 2347 1753 2391 solum
1789 2346 1924 2391 corde

131 2435 325 2480 credant
356 2435 412 2480 ad
447 2435 689 2491 iustitiam,
725 2434 801 2479 sed
836 2433 978 2478 etiam
1011 2447 1089 2478 ore
1123 2431 1463 2478 confessionem
1509 2429 1684 2475 faciant
1716 2429 1772 2474 ad
1805 2429 1922 2474 salu-

134 2522 246 2574 tem,
273 2532 410 2578 seque
436 2523 618 2576 paratos
639 2517 891 2563 exhibeant
931 2531 1011 2575 pro
1033 2516 1211 2561 Christo
1236 2515 1377 2559 etiam
1411 2514 1687 2571 sanguinem
1711 2513 1919 2557 fundere.

254 2603 354 2647 656.
390 2604 503 2648 Cum
538 2603 624 2647 hoc
656 2605 1002 2647 sacramentum
1027 2599 1318 2645 indelebilem
1344 2598 1390 2642 in
1415 2597 1571 2642 anima
1605 2597 1922 2642 characterem

137 2684 392 2744 imprimat,
429 2685 634 2730 reiterari
670 2699 761 2730 non
796 2685 948 2739 debet,
984 2688 1030 2728 et
1063 2688 1303 2742 propterea
1336 2681 1413 2740 qui
1441 2685 1511 2725 est
1534 2679 1835 2724 confirmatus
1867 2679 1923 2724 ad

136 2768 246 2812 illud
272 2768 588 2827 recipiendum
622 2782 714 2812 non
738 2767 906 2812 audeat
930 2767 1166 2821 accedere,
1192 2765 1328 2810 sicuti
1354 2777 1439 2809 nec
1468 2761 1918 2817 excommunicatus,

134 2850 430 2906 interdictus,
467 2851 514 2895 in
547 2850 719 2895 divinis
750 2849 1105 2895 communicans
1138 2861 1245 2892 cum
1280 2846 1555 2902 haereticis,
1591 2850 1672 2890 aut
1703 2845 1921 2890 schisma-
