2176 3386
195 113 276 157 216
863 114 974 157 PARS
1002 128 1043 158 11.
1072 128 1130 158 nr:
1159 128 1296 158 nanus

878 414 1185 470 TITULUS
1226 416 1288 469 II.

565 578 641 632 De
681 579 850 632 rebus
890 579 1178 634 Ecclesiae
1218 582 1603 656 spiritualibus

333 675 535 750 quibus
575 675 739 728 homo
781 674 963 729 officia
1004 697 1138 750 erqa
1175 677 1372 739 Deum,
1413 700 1545 752 erga
1583 684 1834 755 seipsum

766 791 898 844 erga
937 771 1077 824 alios
1117 772 1400 846 adimplet.
1494 770 1498 774 ’

316 974 443 1018 1090.
479 974 537 1017 Ut
578 972 712 1018 huius
752 974 873 1019 tituli
921 975 1163 1020 materiam
1198 976 1380 1034 penitus
1415 978 1682 1035 expleamus
1715 977 1972 1024 videbimus

197 1058 234 1110 1)
271 1057 326 1101 de
359 1056 465 1102 Fide
498 1057 703 1102 exterius
734 1057 1023 1116 profitenda,
1074 1059 1115 1114 2)
1152 1061 1206 1104 de
1240 1059 1543 1105 Societatibus
1574 1060 1788 1118 secretis,
1840 1063 1882 1118 5)
1917 1062 1972 1107 de

195 1141 489 1186 iurisiurandi
522 1146 570 1186 et
601 1142 655 1187 de
688 1142 784 1187 voti
818 1143 1060 1201 religione,
1095 1144 1138 1200 [1)
1164 1144 1219 1189 116
1253 1147 1388 1190 Sacra
1422 1145 1621 1203 Liturgia
1654 1147 1799 1204 deque
1832 1146 1972 1191 sacris

193 1224 420 1269 Ecclesiae
454 1225 633 1281 ritibus,
670 1226 710 1281 5)
747 1226 801 1270 de
839 1226 1048 1272 Ecclesiis
1078 1230 1195 1282 etc.,
1232 1228 1274 1284 6)
1297 1227 1351 1272 116
1383 1228 1690 1279 Monasteriis,
1726 1229 1768 1284 7)
1798 1229 1852 1273 de
1885 1233 1970 1273 Ho-

192 1308 444 1368 spitalibus‚
480 1308 522 1366 8)
559 1310 613 1354 de
647 1310 930 1365 seminariis,
967 1311 1008 1366 9)
1046 1310 1100 1354 de
1135 1310 1387 1369 Sepulturis
1419 1315 1466 1356 et
1497 1311 1792 1356 coemeteriis
1824 1315 1911 1357 etc.

954 1557 1133 1607 CAPUT
1165 1560 1195 1601 Ι.

680 1701 740 1737 DE
769 1701 877 1737 FIDE
904 1701 1142 1739 EXTERms
1169 1701 1484 1739 PROFITENDA.

313 1830 441 1874 1091.
476 1829 700 1884 Quamvis
731 1829 787 1873 ad
821 1828 955 1873 fidem
990 1829 1194 1873 exterius
1239 1827 1542 1887 profitendam
1592 1841 1684 1872 non
1728 1832 1972 1873 teneamur

190 1926 388 1972 semper,
424 1927 509 1957 1166
543 1912 589 1957 111
621 1911 826 1971 quolibet
858 1913 973 1968 loco,
1008 1913 1085 1957 sed
1118 1912 1265 1957 solum
1300 1925 1404 1957 cum
1440 1925 1520 1969 per
1552 1911 1686 1956 huius
1722 1911 1966 1956 confessio-

190 1997 261 2042 nis
293 1996 588 2042 omissionem
622 1996 969 2041 subtraheretur
1001 1995 1148 2040 honor
1182 1999 1272 2040 Deo
1306 1994 1508 2050 debitus,
1544 1994 1617 2039 vel
1658 1994 1831 2039 utilitas
1873 2009 1973 2052 pro·

189 2079 328 2125 ximis
360 2079 684 2138 impendenda,
722 2092 959 2138 nunquam
994 2082 1148 2123 tamen
1188 2077 1363 2122 licitum
1389 2082 1474 2134 est,
1500 2091 1557 2122 ne
1592 2077 1752 2122 mortis
1784 2077 1967 2137 quidem

188 2162 488 2208 declinandae
521 2175 675 2216 causa,
701 2176 803 2206 eam
827 2176 1011 2219 negare,
1039 2162 1111 2206 vel
1145 2161 1305 2205 falsam
1340 2159 1606 2218 religionem
1637 2159 1870 2215 simulare,
1896 2160 1969 2205 vel

189 2260 328 2291 verae
360 2245 463 2290 fidei
498 2245 734 2304 negandae
757 2245 1009 2303 periculum
1033 2243 1116 2288 sibi
1141 2243 1332 2302 aliisque
1366 2242 1570 2288 iniicere.
1609 2245 1826 2288 Attamen
1860 2257 1966 2287 cum

190 2331 275 2375 1136
308 2330 355 2375 111
389 2344 437 2374 1-6
469 2328 813 2374 controversiae
845 2342 898 2373 ac
930 2327 1065 2373 dubia
1106 2327 1355 2372 identidem
1399 2326 1625 2385 evangelii
1669 2326 1970 2386 praeconibus

190 2414 237 2459 in
271 2413 476 2472 partibus
510 2411 762 2457 infidelium
797 2416 842 2456 et
873 2412 1210 2456 haereticorum
1234 2410 1504 2468 degentibus
1526 2409 1836 2466 suboriantur,
1871 2409 1969 2470 qui-

189 2497 273 2541 bus
303 2495 574 2541 dirimendis
606 2508 738 2555 pares
770 2509 862 2540 non
897 2499 1021 2550 sunt,
1057 2493 1336 2553 praestiterit
1367 2494 1515 2553 aliqua
1550 2492 1786 2538 doctrinae
1819 2491 1968 2551 capita

189 2579 290 2624 11616
324 2593 608 2638 proponere,
645 2578 811 2637 partim
844 2592 902 2622 ex
939 2576 1184 2623 Pontiliciis
1226 2575 1670 2631 Constitutionibus,
1708 2573 1872 2633 partim
1910 2587 1969 2619 ex

190 2662 394 2708 Decretis
426 2665 497 2708 SS.
535 2662 665 2707 Urbis
696 2661 1111 2720 Congregationum
1145 2661 1440 2719 deprompta,
1475 2659 1639 2719 quibus
1683 2656 1820 2703 certis
1851 2656 1968 2702 chri·

189 2746 366 2791 stianae
400 2745 630 2804 religionis
664 2744 901 2804 principiis
933 2745 979 2789 in
1015 2743 1286 2789 memoriam
1321 2743 1575 2798 revocatis,
1609 2741 1718 2802 quid
1750 2741 1797 2785 in
1832 2754 1966 2800 pecu-

188 2828 374 2874 liaribus
407 2828 585 2874 casibus
617 2827 912 2874 iudicandum
949 2828 1019 2873 vel
1052 2827 1279 2886 agendum
1313 2826 1372 2871 sit
1405 2825 1590 2885 patebit.

310 2914 506 2969 Agemus
539 2910 690 2970 itaque
727 2911 772 2955 10
805 2910 861 2955 de
894 2910 1032 2955 falsae
1066 2908 1298 2967 religionis
1329 2907 1646 2965 simulatione;
1683 2906 1727 2952 2⁰
1757 2907 1813 2952 de
1844 2919 1968 2952 com-

189 2992 504 3039 municatione
539 2986 643 3037 cum
678 2991 937 3037 infidelibus
968 2995 1015 3037 et
1046 2990 1327 3037 acatholicis.
