<?xml version="1.0" encoding="UTF-8"?>
<!DOCTYPE html PUBLIC "-//W3C//DTD XHTML 1.0 Transitional//EN"
    "http://www.w3.org/TR/xhtml1/DTD/xhtml1-transitional.dtd">
<html xmlns="http://www.w3.org/1999/xhtml" xml:lang="en" lang="en">
 <head>
  <title>
</title>
<meta http-equiv="Content-Type" content="text/html;charset=utf-8" />
  <meta name='ocr-system' content='tesseract 3.04.00' />
  <meta name='ocr-capabilities' content='ocr_page ocr_carea ocr_par ocr_line ocrx_word'/>
</head>
<body>
  <div class='ocr_page' id='page_1' title='image "apparatus00ziteuoft_0347.png"; bbox 0 0 2176 3386; ppageno 0'>
   <div class='ocr_carea' id='block_1_1' title="bbox 0 0 1591 243">
    <p class='ocr_par' dir='ltr' id='par_1_1' title="bbox 0 0 1591 243">
     <span class='ocr_line' id='line_1_1' title="bbox 0 0 1591 243; baseline 0 3143"><span class='ocrx_word' id='word_1_1' title='bbox 0 0 1591 243; x_wconf 95' lang='lat' dir='ltr'><strong> </strong></span> 
     </span>
    </p>
   </div>
   <div class='ocr_carea' id='block_1_2' title="bbox 36 3119 52 3165">
    <p class='ocr_par' dir='ltr' id='par_1_2' title="bbox 36 3119 52 3165">
     <span class='ocr_line' id='line_1_2' title="bbox 36 3119 52 3165; textangle 90"><span class='ocrx_word' id='word_1_2' title='bbox 36 3119 52 3165; x_wconf 51' lang='lat' dir='ltr'><strong>m}-</strong></span> 
     </span>
    </p>
   </div>
   <div class='ocr_carea' id='block_1_3' title="bbox 1598 0 1978 39">
    <p class='ocr_par' dir='ltr' id='par_1_3' title="bbox 1598 0 1978 39">
     <span class='ocr_line' id='line_1_3' title="bbox 1598 0 1978 39; baseline 0.003 -4"><span class='ocrx_word' id='word_1_3' title='bbox 1598 0 1924 37; x_wconf 59' lang='lat' dir='ltr'><strong>‘⁷W=i⁴·&#39;7“².·.</strong></span> <span class='ocrx_word' id='word_1_4' title='bbox 1974 31 1978 39; x_wconf 89' lang='lat'>.</span> 
     </span>
    </p>
   </div>
   <div class='ocr_carea' id='block_1_4' title="bbox 808 243 1955 284">
    <p class='ocr_par' dir='ltr' id='par_1_4' title="bbox 808 243 1955 284">
     <span class='ocr_line' id='line_1_4' title="bbox 808 243 1955 284; baseline -0.001 0"><span class='ocrx_word' id='word_1_5' title='bbox 808 255 939 284; x_wconf 73' lang='lat' dir='ltr'><strong>Lmen</strong></span> <span class='ocrx_word' id='word_1_6' title='bbox 966 256 990 284; x_wconf 94' lang='lat'><strong>1.</strong></span> <span class='ocrx_word' id='word_1_7' title='bbox 1026 255 1083 284; x_wconf 80' lang='lat' dir='ltr'><strong>DE</strong></span> <span class='ocrx_word' id='word_1_8' title='bbox 1113 254 1305 284; x_wconf 73' lang='lat' dir='ltr'><strong>‹zu-:mels</strong></span> <span class='ocrx_word' id='word_1_9' title='bbox 1871 243 1955 283; x_wconf 85' lang='lat'><strong>335</strong></span> 
     </span>
    </p>
   </div>
   <div class='ocr_carea' id='block_1_5' title="bbox 152 358 1954 755">
    <p class='ocr_par' dir='ltr' id='par_1_5' title="bbox 152 358 1954 660">
     <span class='ocr_line' id='line_1_5' title="bbox 165 358 1954 422; baseline -0.003 -10"><span class='ocrx_word' id='word_1_10' title='bbox 165 364 312 412; x_wconf 81' lang='lat' dir='ltr'><strong>officia</strong></span> <span class='ocrx_word' id='word_1_11' title='bbox 345 364 618 411; x_wconf 88' lang='lat' dir='ltr'><strong>clericorum</strong></span> <span class='ocrx_word' id='word_1_12' title='bbox 643 365 882 422; x_wconf 75' lang='lat' dir='ltr'><strong>neyativa.</strong></span> <span class='ocrx_word' id='word_1_13' title='bbox 920 363 984 409; x_wconf 80' lang='lat' dir='ltr'><strong>Ad</strong></span> <span class='ocrx_word' id='word_1_14' title='bbox 1010 361 1205 421; x_wconf 87' lang='lat' dir='ltr'><strong>positiva</strong></span> <span class='ocrx_word' id='word_1_15' title='bbox 1234 361 1380 407; x_wconf 87' lang='lat' dir='ltr'><strong>officia</strong></span> <span class='ocrx_word' id='word_1_16' title='bbox 1405 361 1519 420; x_wconf 82' lang='lat' dir='ltr'><strong>perti</strong></span> <span class='ocrx_word' id='word_1_17' title='bbox 1530 358 1644 406; x_wconf 77' lang='lat' dir='ltr'><strong>n⁸ent</strong></span> <span class='ocrx_word' id='word_1_18' title='bbox 1665 364 1788 407; x_wconf 79' lang='lat' dir='ltr'><strong>vitae</strong></span> <span class='ocrx_word' id='word_1_19' title='bbox 1810 361 1954 407; x_wconf 86' lang='lat' dir='ltr'><strong>hone-</strong></span> 
     </span>
     <span class='ocr_line' id='line_1_6' title="bbox 153 445 1952 505; baseline -0.002 -12"><span class='ocrx_word' id='word_1_20' title='bbox 153 453 250 494; x_wconf 80' lang='lat' dir='ltr'><strong>stas</strong></span> <span class='ocrx_word' id='word_1_21' title='bbox 269 483 281 504; x_wconf 93' lang='lat'><em>,</em></span> <span class='ocrx_word' id='word_1_22' title='bbox 316 453 728 494; x_wconf 78' lang='lat' dir='ltr'><strong>sacramentorum</strong></span> <span class='ocrx_word' id='word_1_23' title='bbox 762 445 1031 504; x_wconf 81' lang='lat' dir='ltr'><em>frequentia</em></span> <span class='ocrx_word' id='word_1_24' title='bbox 1050 480 1061 500; x_wconf 91' lang='lat'>‚</span> <span class='ocrx_word' id='word_1_25' title='bbox 1098 447 1365 490; x_wconf 80' lang='lat' dir='ltr'><strong>ministeria</strong></span> <span class='ocrx_word' id='word_1_26' title='bbox 1408 445 1716 490; x_wconf 77' lang='lat' dir='ltr'><strong>ecelesiastica</strong></span> <span class='ocrx_word' id='word_1_27' title='bbox 1750 447 1842 489; x_wconf 77' lang='lat' dir='ltr'><strong>rite</strong></span> <span class='ocrx_word' id='word_1_28' title='bbox 1877 459 1952 505; x_wconf 67' lang='lat' dir='ltr'><strong>ex-</strong></span> 
     </span>
     <span class='ocr_line' id='line_1_7' title="bbox 152 528 1950 590; baseline -0.001 -14"><span class='ocrx_word' id='word_1_29' title='bbox 152 532 359 590; x_wconf 85' lang='lat' dir='ltr'><strong>plenda;</strong></span> <span class='ocrx_word' id='word_1_30' title='bbox 394 530 450 575; x_wconf 89' lang='lat' dir='ltr'><strong>ad</strong></span> <span class='ocrx_word' id='word_1_31' title='bbox 485 529 700 588; x_wconf 87' lang='lat' dir='ltr'><strong>negativa</strong></span> <span class='ocrx_word' id='word_1_32' title='bbox 725 529 871 575; x_wconf 86' lang='lat' dir='ltr'><strong>officia</strong></span> <span class='ocrx_word' id='word_1_33' title='bbox 895 529 983 574; x_wconf 81' lang='lat' dir='ltr'><strong>alIa</strong></span> <span class='ocrx_word' id='word_1_34' title='bbox 1009 528 1244 586; x_wconf 85' lang='lat' dir='ltr'><strong>pertinent</strong></span> <span class='ocrx_word' id='word_1_35' title='bbox 1274 543 1391 589; x_wconf 87' lang='lat' dir='ltr'><strong>quae</strong></span> <span class='ocrx_word' id='word_1_36' title='bbox 1415 528 1611 574; x_wconf 89' lang='lat' dir='ltr'><strong>clericus</strong></span> <span class='ocrx_word' id='word_1_37' title='bbox 1635 529 1783 573; x_wconf 90' lang='lat' dir='ltr'><strong>vitare</strong></span> <span class='ocrx_word' id='word_1_38' title='bbox 1817 532 1950 574; x_wconf 85' lang='lat' dir='ltr'><strong>tene-</strong></span> 
     </span>
     <span class='ocr_line' id='line_1_8' title="bbox 160 612 1092 660; baseline -0.001 -3"><span class='ocrx_word' id='word_1_39' title='bbox 160 616 237 658; x_wconf 87' lang='lat' dir='ltr'><strong>tur</strong></span> <span class='ocrx_word' id='word_1_40' title='bbox 268 613 386 660; x_wconf 84' lang='lat' dir='ltr'><strong>sicut</strong></span> <span class='ocrx_word' id='word_1_41' title='bbox 417 619 539 659; x_wconf 82' lang='lat' dir='ltr'><strong>caste</strong></span> <span class='ocrx_word' id='word_1_42' title='bbox 572 619 614 657; x_wconf 79' lang='lat' dir='ltr'><strong>et</strong></span> <span class='ocrx_word' id='word_1_43' title='bbox 645 619 780 658; x_wconf 80' lang='lat' dir='ltr'><strong>caute</strong></span> <span class='ocrx_word' id='word_1_44' title='bbox 812 612 972 657; x_wconf 87' lang='lat' dir='ltr'><strong>vivere</strong></span> <span class='ocrx_word' id='word_1_45' title='bbox 1004 617 1092 657; x_wconf 89' lang='lat' dir='ltr'><strong>etc.</strong></span> 
     </span>
    </p>

    <p class='ocr_par' dir='ltr' id='par_1_6' title="bbox 279 696 516 755">
     <span class='ocr_line' id='line_1_9' title="bbox 279 696 516 755; baseline 0.004 -15"><span class='ocrx_word' id='word_1_46' title='bbox 279 697 344 741; x_wconf 88' lang='lat' dir='ltr'><strong>Sit</strong></span> <span class='ocrx_word' id='word_1_47' title='bbox 376 696 516 755; x_wconf 88' lang='lat' dir='ltr'><strong>igitur</strong></span> 
     </span>
    </p>
   </div>
   <div class='ocr_carea' id='block_1_6' title="bbox 903 854 1196 884">
    <p class='ocr_par' dir='ltr' id='par_1_7' title="bbox 903 854 1196 884">
     <span class='ocr_line' id='line_1_10' title="bbox 903 854 1196 884; baseline 0 -1"><span class='ocrx_word' id='word_1_48' title='bbox 903 854 1135 884; x_wconf 75' lang='lat' dir='ltr'>ARTICULUS</span> <span class='ocrx_word' id='word_1_49' title='bbox 1168 856 1196 884; x_wconf 90' lang='lat'><strong>1.</strong></span> 
     </span>
    </p>
   </div>
   <div class='ocr_carea' id='block_1_7' title="bbox 631 957 1471 1017">
    <p class='ocr_par' dir='ltr' id='par_1_8' title="bbox 631 957 1471 1017">
     <span class='ocr_line' id='line_1_11' title="bbox 631 957 1471 1017; baseline -0.002 -16"><span class='ocrx_word' id='word_1_50' title='bbox 631 960 693 1002; x_wconf 91' lang='lat' dir='ltr'><strong>De</strong></span> <span class='ocrx_word' id='word_1_51' title='bbox 731 960 936 1015; x_wconf 75' lang='lat' dir='ltr'><em>positivis</em></span> <span class='ocrx_word' id='word_1_52' title='bbox 980 958 1260 1002; x_wconf 72' lang='lat' dir='ltr'><strong>Clerieormn</strong></span> <span class='ocrx_word' id='word_1_53' title='bbox 1299 957 1471 1017; x_wconf 79' lang='lat' dir='ltr'><strong>officiis.</strong></span> 
     </span>
    </p>
   </div>
   <div class='ocr_carea' id='block_1_8' title="bbox 155 1112 1949 2753">
    <p class='ocr_par' dir='ltr' id='par_1_9' title="bbox 155 1112 1949 1668">
     <span class='ocr_line' id='line_1_12' title="bbox 278 1112 1947 1171; baseline -0.001 -12"><span class='ocrx_word' id='word_1_54' title='bbox 278 1116 379 1160; x_wconf 72' lang='lat'><strong>425.</strong></span> <span class='ocrx_word' id='word_1_55' title='bbox 420 1118 480 1158; x_wconf 91' lang='lat' dir='ltr'><strong>De</strong></span> <span class='ocrx_word' id='word_1_56' title='bbox 512 1114 753 1158; x_wconf 82' lang='lat' dir='ltr'><strong>honestale</strong></span> <span class='ocrx_word' id='word_1_57' title='bbox 789 1112 914 1157; x_wconf 86' lang='lat' dir='ltr'><strong>vitae</strong></span> <span class='ocrx_word' id='word_1_58' title='bbox 949 1112 1147 1171; x_wconf 88' lang='lat' dir='ltr'><strong>primum</strong></span> <span class='ocrx_word' id='word_1_59' title='bbox 1173 1112 1219 1157; x_wconf 92' lang='lat' dir='ltr'><strong>in</strong></span> <span class='ocrx_word' id='word_1_60' title='bbox 1242 1126 1408 1170; x_wconf 78' lang='lat' dir='ltr'><strong>genere</strong></span> <span class='ocrx_word' id='word_1_61' title='bbox 1435 1126 1542 1170; x_wconf 89' lang='lat' dir='ltr'><strong>prae</strong></span> <span class='ocrx_word' id='word_1_62' title='bbox 1570 1113 1714 1157; x_wconf 86' lang='lat' dir='ltr'><strong>oculis</strong></span> <span class='ocrx_word' id='word_1_63' title='bbox 1738 1112 1947 1158; x_wconf 85' lang='lat' dir='ltr'><strong>habenda</strong></span> 
     </span>
     <span class='ocr_line' id='line_1_13' title="bbox 159 1195 1949 1256; baseline -0.001 -15"><span class='ocrx_word' id='word_1_64' title='bbox 159 1202 268 1242; x_wconf 89' lang='lat' dir='ltr'><strong>sunt</strong></span> <span class='ocrx_word' id='word_1_65' title='bbox 303 1198 442 1242; x_wconf 83' lang='lat' dir='ltr'><strong>verba</strong></span> <span class='ocrx_word' id='word_1_66' title='bbox 475 1195 662 1243; x_wconf 91' lang='lat' dir='ltr'><strong>Concilii</strong></span> <span class='ocrx_word' id='word_1_67' title='bbox 698 1196 817 1240; x_wconf 86' lang='lat' dir='ltr'><strong>Trid.</strong></span> <span class='ocrx_word' id='word_1_68' title='bbox 843 1197 854 1218; x_wconf 85' lang='lat'>¹</span> <span class='ocrx_word' id='word_1_69' title='bbox 888 1196 1052 1256; x_wconf 74' lang='lat' dir='ltr'><strong>quibus</strong></span> <span class='ocrx_word' id='word_1_70' title='bbox 1085 1197 1275 1241; x_wconf 88' lang='lat' dir='ltr'><strong>clericos</strong></span> <span class='ocrx_word' id='word_1_71' title='bbox 1310 1201 1468 1241; x_wconf 92' lang='lat' dir='ltr'><strong>monet</strong></span> <span class='ocrx_word' id='word_1_72' title='bbox 1502 1201 1552 1240; x_wconf 88' lang='lat' dir='ltr'><strong>ut</strong></span> <span class='ocrx_word' id='word_1_73' title='bbox 1583 1196 1760 1251; x_wconf 74' lang='lat' dir='ltr'><strong>habita,</strong></span> <span class='ocrx_word' id='word_1_74' title='bbox 1798 1202 1949 1254; x_wconf 64' lang='lat' dir='ltr'><strong>qesta,</strong></span> 
     </span>
     <span class='ocr_line' id='line_1_14' title="bbox 155 1278 1948 1338; baseline -0.001 -13"><span class='ocrx_word' id='word_1_75' title='bbox 155 1283 353 1335; x_wconf 70' lang='lat' dir='ltr'><strong>incessit,</strong></span> <span class='ocrx_word' id='word_1_76' title='bbox 389 1293 615 1333; x_wconf 78' lang='lat' dir='ltr'><strong>sermone,</strong></span> <span class='ocrx_word' id='word_1_77' title='bbox 654 1280 851 1338; x_wconf 64' lang='lat' dir='ltr'><strong>aliisque</strong></span> <span class='ocrx_word' id='word_1_78' title='bbox 884 1280 1098 1324; x_wconf 76' lang='lat' dir='ltr'><strong>omnibns</strong></span> <span class='ocrx_word' id='word_1_79' title='bbox 1131 1281 1266 1324; x_wconf 71' lang='lat' dir='ltr'><strong>rebus</strong></span> <span class='ocrx_word' id='word_1_80' title='bbox 1301 1280 1367 1324; x_wconf 82' lang='lat' dir='ltr'><strong>nil</strong></span> <span class='ocrx_word' id='word_1_81' title='bbox 1401 1281 1495 1323; x_wconf 77' lang='lat' dir='ltr'><strong>nisi</strong></span> <span class='ocrx_word' id='word_1_82' title='bbox 1526 1292 1688 1336; x_wconf 71' lang='lat' dir='ltr'><strong>yrave,</strong></span> <span class='ocrx_word' id='word_1_83' title='bbox 1734 1278 1948 1323; x_wconf 81' lang='lat' dir='ltr'><strong>modera-</strong></span> 
     </span>
     <span class='ocr_line' id='line_1_15' title="bbox 159 1347 1949 1422; baseline -0.001 -15"><span class='ocrx_word' id='word_1_84' title='bbox 159 1347 257 1408; x_wconf 64' lang='lat' dir='ltr'><strong>tum</strong></span> <span class='ocrx_word' id='word_1_85' title='bbox 290 1378 345 1409; x_wconf 84' lang='lat' dir='ltr'><strong>ae</strong></span> <span class='ocrx_word' id='word_1_86' title='bbox 378 1364 603 1422; x_wconf 70' lang='lat' dir='ltr'><strong>reliyione</strong></span> <span class='ocrx_word' id='word_1_87' title='bbox 635 1364 830 1421; x_wconf 72' lang='lat' dir='ltr'><strong>plenam</strong></span> <span class='ocrx_word' id='word_1_88' title='bbox 860 1364 1207 1421; x_wconf 78' lang='lat' dir='ltr'><strong>praeseferant,</strong></span> <span class='ocrx_word' id='word_1_89' title='bbox 1234 1364 1355 1409; x_wconf 82' lang='lat' dir='ltr'><strong>levia</strong></span> <span class='ocrx_word' id='word_1_90' title='bbox 1377 1366 1518 1408; x_wconf 77' lang='lat' dir='ltr'><strong>eciam</strong></span> <span class='ocrx_word' id='word_1_91' title='bbox 1543 1363 1725 1417; x_wconf 77' lang='lat' dir='ltr'><strong>delicta,</strong></span> <span class='ocrx_word' id='word_1_92' title='bbox 1753 1375 1873 1420; x_wconf 73' lang='lat' dir='ltr'><strong>qnae</strong></span> <span class='ocrx_word' id='word_1_93' title='bbox 1894 1364 1949 1406; x_wconf 86' lang='lat' dir='ltr'><strong>in</strong></span> 
     </span>
     <span class='ocr_line' id='line_1_16' title="bbox 163 1446 1949 1505; baseline -0.001 -14"><span class='ocrx_word' id='word_1_94' title='bbox 163 1450 272 1505; x_wconf 80' lang='lat' dir='ltr'><strong>ipsis</strong></span> <span class='ocrx_word' id='word_1_95' title='bbox 306 1450 517 1492; x_wconf 72' lang='lat' dir='ltr'><strong>maxima</strong></span> <span class='ocrx_word' id='word_1_96' title='bbox 549 1453 709 1502; x_wconf 77' lang='lat' dir='ltr'><strong>essent,</strong></span> <span class='ocrx_word' id='word_1_97' title='bbox 747 1447 994 1505; x_wconf 71' lang='lat' dir='ltr'><strong>effnqiant,</strong></span> <span class='ocrx_word' id='word_1_98' title='bbox 1035 1453 1083 1490; x_wconf 77' lang='grc' dir='ltr'><strong>ιιι</strong></span> <span class='ocrx_word' id='word_1_99' title='bbox 1114 1461 1275 1491; x_wconf 73' lang='lat' dir='ltr'><strong>eornm</strong></span> <span class='ocrx_word' id='word_1_100' title='bbox 1300 1449 1504 1492; x_wconf 78' lang='lat' dir='ltr'><strong>acciones</strong></span> <span class='ocrx_word' id='word_1_101' title='bbox 1525 1449 1704 1491; x_wconf 72' lang='lat' dir='ltr'><strong>canetis</strong></span> <span class='ocrx_word' id='word_1_102' title='bbox 1735 1446 1949 1505; x_wconf 76' lang='lat' dir='ltr'><strong>afferant</strong></span> 
     </span>
     <span class='ocr_line' id='line_1_17' title="bbox 156 1530 1943 1590; baseline 0 -16"><span class='ocrx_word' id='word_1_103' title='bbox 156 1532 519 1575; x_wconf 78' lang='lat' dir='ltr'><strong>venerationem.</strong></span> <span class='ocrx_word' id='word_1_104' title='bbox 561 1530 730 1574; x_wconf 88' lang='lat' dir='ltr'><strong>Deinde</strong></span> <span class='ocrx_word' id='word_1_105' title='bbox 764 1531 809 1574; x_wconf 90' lang='lat' dir='ltr'><strong>in</strong></span> <span class='ocrx_word' id='word_1_106' title='bbox 844 1530 993 1588; x_wconf 88' lang='lat' dir='ltr'><strong>specie</strong></span> <span class='ocrx_word' id='word_1_107' title='bbox 1027 1530 1252 1590; x_wconf 82' lang='lat' dir='ltr'><strong>quaedam</strong></span> <span class='ocrx_word' id='word_1_108' title='bbox 1285 1530 1701 1576; x_wconf 87' lang='lat' dir='ltr'><strong>animadvertenda</strong></span> <span class='ocrx_word' id='word_1_109' title='bbox 1745 1533 1853 1574; x_wconf 88' lang='lat' dir='ltr'><strong>sunt</strong></span> <span class='ocrx_word' id='word_1_110' title='bbox 1886 1530 1943 1575; x_wconf 87' lang='lat' dir='ltr'><strong>de</strong></span> 
     </span>
     <span class='ocr_line' id='line_1_18' title="bbox 159 1611 1703 1668; baseline -0.001 -11"><span class='ocrx_word' id='word_1_111' title='bbox 159 1626 242 1657; x_wconf 89' lang='lat' dir='ltr'><strong>usu</strong></span> <span class='ocrx_word' id='word_1_112' title='bbox 277 1615 696 1668; x_wconf 79' lang='lat' dir='ltr'><strong>sacramentorum,</strong></span> <span class='ocrx_word' id='word_1_113' title='bbox 732 1613 786 1656; x_wconf 90' lang='lat' dir='ltr'><strong>de</strong></span> <span class='ocrx_word' id='word_1_114' title='bbox 824 1612 1049 1657; x_wconf 77' lang='lat' dir='ltr'><strong>Ecclesiae</strong></span> <span class='ocrx_word' id='word_1_115' title='bbox 1086 1611 1342 1657; x_wconf 86' lang='lat' dir='ltr'><strong>ministerio</strong></span> <span class='ocrx_word' id='word_1_116' title='bbox 1375 1613 1502 1657; x_wconf 85' lang='lat' dir='ltr'><strong>aede</strong></span> <span class='ocrx_word' id='word_1_117' title='bbox 1532 1612 1703 1656; x_wconf 84' lang='lat' dir='ltr'><strong>habitu.</strong></span> 
     </span>
    </p>

    <p class='ocr_par' dir='ltr' id='par_1_10' title="bbox 158 1692 1946 2169">
     <span class='ocr_line' id='line_1_19' title="bbox 280 1692 1946 1749; baseline -0.001 -11"><span class='ocrx_word' id='word_1_118' title='bbox 280 1694 382 1738; x_wconf 74' lang='lat'><strong>424.</strong></span> <span class='ocrx_word' id='word_1_119' title='bbox 409 1697 468 1737; x_wconf 83' lang='lat' dir='ltr'><strong>De</strong></span> <span class='ocrx_word' id='word_1_120' title='bbox 489 1707 570 1737; x_wconf 82' lang='lat' dir='ltr'><strong>usu</strong></span> <span class='ocrx_word' id='word_1_121' title='bbox 590 1698 1005 1749; x_wconf 87' lang='lat' dir='ltr'><strong>sacramentorum,</strong></span> <span class='ocrx_word' id='word_1_122' title='bbox 1026 1693 1340 1738; x_wconf 81' lang='lat' dir='ltr'><strong>Poenitentiae</strong></span> <span class='ocrx_word' id='word_1_123' title='bbox 1359 1693 1534 1737; x_wconf 88' lang='lat' dir='ltr'><strong>scilicet</strong></span> <span class='ocrx_word' id='word_1_124' title='bbox 1554 1697 1600 1737; x_wconf 88' lang='lat' dir='ltr'><strong>et</strong></span> <span class='ocrx_word' id='word_1_125' title='bbox 1615 1692 1946 1748; x_wconf 79' lang='lat' dir='ltr'><strong>Eucharistiae,</strong></span> 
     </span>
     <span class='ocr_line' id='line_1_20' title="bbox 158 1774 1942 1834; baseline 0 -15"><span class='ocrx_word' id='word_1_126' title='bbox 158 1776 264 1820; x_wconf 86' lang='lat' dir='ltr'><strong>licet</strong></span> <span class='ocrx_word' id='word_1_127' title='bbox 297 1774 410 1820; x_wconf 85' lang='lat' dir='ltr'><strong>nihil</strong></span> <span class='ocrx_word' id='word_1_128' title='bbox 445 1780 738 1834; x_wconf 86' lang='lat' dir='ltr'><strong>praeceptum</strong></span> <span class='ocrx_word' id='word_1_129' title='bbox 776 1776 952 1834; x_wconf 78' lang='lat' dir='ltr'><strong>proprie</strong></span> <span class='ocrx_word' id='word_1_130' title='bbox 986 1775 1060 1831; x_wconf 89' lang='lat' dir='ltr'><strong>sit,</strong></span> <span class='ocrx_word' id='word_1_131' title='bbox 1099 1775 1397 1820; x_wconf 82' lang='lat' dir='ltr'><strong>nihilominus</strong></span> <span class='ocrx_word' id='word_1_132' title='bbox 1429 1775 1537 1834; x_wconf 89' lang='lat' dir='ltr'><strong>quid</strong></span> <span class='ocrx_word' id='word_1_133' title='bbox 1576 1775 1773 1820; x_wconf 79' lang='lat' dir='ltr'><strong>Ecclesia</strong></span> <span class='ocrx_word' id='word_1_134' title='bbox 1798 1789 1823 1820; x_wconf 90' lang='lat' dir='ltr'><strong>a</strong></span> <span class='ocrx_word' id='word_1_135' title='bbox 1847 1774 1942 1819; x_wconf 87' lang='lat' dir='ltr'><strong>suis</strong></span> 
     </span>
     <span class='ocr_line' id='line_1_21' title="bbox 160 1857 1946 1917; baseline -0.002 -13"><span class='ocrx_word' id='word_1_136' title='bbox 160 1858 343 1904; x_wconf 88' lang='lat' dir='ltr'><strong>Clericis</strong></span> <span class='ocrx_word' id='word_1_137' title='bbox 374 1858 543 1917; x_wconf 88' lang='lat' dir='ltr'><strong>cupiat,</strong></span> <span class='ocrx_word' id='word_1_138' title='bbox 580 1859 804 1904; x_wconf 86' lang='lat' dir='ltr'><strong>indicavit</strong></span> <span class='ocrx_word' id='word_1_139' title='bbox 835 1863 971 1905; x_wconf 88' lang='lat' dir='ltr'><strong>Conc.</strong></span> <span class='ocrx_word' id='word_1_140' title='bbox 1009 1859 1128 1904; x_wconf 72' lang='lat' dir='ltr'><strong>&#39;ri-id.</strong></span> <span class='ocrx_word' id='word_1_141' title='bbox 1152 1859 1166 1881; x_wconf 73' lang='lat'><strong>&#39;²</strong></span> <span class='ocrx_word' id='word_1_142' title='bbox 1192 1859 1266 1902; x_wconf 92' lang='lat' dir='ltr'><strong>ubi</strong></span> <span class='ocrx_word' id='word_1_143' title='bbox 1302 1858 1570 1917; x_wconf 85' lang='lat' dir='ltr'><strong>praesertim</strong></span> <span class='ocrx_word' id='word_1_144' title='bbox 1591 1858 1645 1903; x_wconf 90' lang='lat' dir='ltr'><strong>de</strong></span> <span class='ocrx_word' id='word_1_145' title='bbox 1668 1857 1873 1903; x_wconf 85' lang='lat' dir='ltr'><strong>diaconis</strong></span> <span class='ocrx_word' id='word_1_146' title='bbox 1897 1862 1946 1903; x_wconf 86' lang='lat' dir='ltr'><strong>et</strong></span> 
     </span>
     <span class='ocr_line' id='line_1_22' title="bbox 160 1941 1946 1998; baseline -0.001 -11"><span class='ocrx_word' id='word_1_147' title='bbox 160 1942 448 1987; x_wconf 83' lang='lat' dir='ltr'><strong>subdiaconis</strong></span> <span class='ocrx_word' id='word_1_148' title='bbox 479 1942 706 1988; x_wconf 89' lang='lat' dir='ltr'><strong>disserens</strong></span> <span class='ocrx_word' id='word_1_149' title='bbox 736 1942 829 1987; x_wconf 72' lang='lat' dir='ltr'><strong>ait:</strong></span> <span class='ocrx_word' id='word_1_150' title='bbox 870 1963 887 1983; x_wconf 69' lang='lat' dir='ltr'><strong>a</strong></span> <span class='ocrx_word' id='word_1_151' title='bbox 917 1942 1071 1988; x_wconf 86' lang='lat' dir='ltr'><strong>Sciant</strong></span> <span class='ocrx_word' id='word_1_152' title='bbox 1107 1944 1308 1988; x_wconf 84' lang='lat' dir='ltr'><strong>maxime</strong></span> <span class='ocrx_word' id='word_1_153' title='bbox 1335 1942 1513 1998; x_wconf 87' lang='lat' dir='ltr'><strong>decere,</strong></span> <span class='ocrx_word' id='word_1_154' title='bbox 1541 1942 1577 1987; x_wconf 89' lang='lat' dir='ltr'><strong>si</strong></span> <span class='ocrx_word' id='word_1_155' title='bbox 1601 1943 1763 1986; x_wconf 87' lang='lat' dir='ltr'><strong>saltem</strong></span> <span class='ocrx_word' id='word_1_156' title='bbox 1787 1941 1946 1986; x_wconf 83' lang='lat' dir='ltr'><strong>diebus</strong></span> 
     </span>
     <span class='ocr_line' id='line_1_23' title="bbox 160 2025 1946 2081; baseline -0.001 -11"><span class='ocrx_word' id='word_1_157' title='bbox 160 2025 401 2070; x_wconf 90' lang='lat' dir='ltr'><strong>dominicis</strong></span> <span class='ocrx_word' id='word_1_158' title='bbox 433 2031 479 2070; x_wconf 90' lang='lat' dir='ltr'><strong>et</strong></span> <span class='ocrx_word' id='word_1_159' title='bbox 509 2026 789 2071; x_wconf 86' lang='lat' dir='ltr'><strong>solemnibus</strong></span> <span class='ocrx_word' id='word_1_160' title='bbox 822 2040 928 2071; x_wconf 91' lang='lat' dir='ltr'><strong>cum</strong></span> <span class='ocrx_word' id='word_1_161' title='bbox 954 2025 1085 2070; x_wconf 81' lang='lat' dir='ltr'><strong>altari</strong></span> <span class='ocrx_word' id='word_1_162' title='bbox 1122 2026 1507 2081; x_wconf 81' lang='lat' dir='ltr'><strong>ministraverint,</strong></span> <span class='ocrx_word' id='word_1_163' title='bbox 1535 2040 1712 2071; x_wconf 87' lang='lat' dir='ltr'><strong>sacram</strong></span> <span class='ocrx_word' id='word_1_164' title='bbox 1737 2039 1946 2070; x_wconf 85' lang='lat' dir='ltr'><strong>commu-</strong></span> 
     </span>
     <span class='ocr_line' id='line_1_24' title="bbox 161 2109 730 2169; baseline 0 -16"><span class='ocrx_word' id='word_1_165' title='bbox 161 2109 349 2154; x_wconf 90' lang='lat' dir='ltr'><strong>nionem</strong></span> <span class='ocrx_word' id='word_1_166' title='bbox 386 2110 730 2169; x_wconf 77' lang='lat' dir='ltr'><strong>perceperintn.</strong></span> 
     </span>
    </p>

    <p class='ocr_par' dir='ltr' id='par_1_11' title="bbox 158 2192 1947 2753">
     <span class='ocr_line' id='line_1_25' title="bbox 279 2192 1943 2249; baseline 0.001 -13"><span class='ocrx_word' id='word_1_167' title='bbox 279 2193 404 2246; x_wconf 82' lang='lat' dir='ltr'><strong>Quod</strong></span> <span class='ocrx_word' id='word_1_168' title='bbox 438 2198 592 2238; x_wconf 87' lang='lat' dir='ltr'><strong>autem</strong></span> <span class='ocrx_word' id='word_1_169' title='bbox 626 2193 794 2238; x_wconf 87' lang='lat' dir='ltr'><strong>attinet</strong></span> <span class='ocrx_word' id='word_1_170' title='bbox 826 2194 882 2238; x_wconf 92' lang='lat' dir='ltr'><strong>ad</strong></span> <span class='ocrx_word' id='word_1_171' title='bbox 909 2192 1132 2238; x_wconf 84' lang='lat' dir='ltr'><strong>Ecclesiae</strong></span> <span class='ocrx_word' id='word_1_172' title='bbox 1167 2193 1492 2249; x_wconf 89' lang='lat' dir='ltr'><strong>ministerium,</strong></span> <span class='ocrx_word' id='word_1_173' title='bbox 1519 2193 1630 2238; x_wconf 88' lang='lat' dir='ltr'><strong>haec</strong></span> <span class='ocrx_word' id='word_1_174' title='bbox 1653 2198 1762 2237; x_wconf 88' lang='lat' dir='ltr'><strong>sunt</strong></span> <span class='ocrx_word' id='word_1_175' title='bbox 1794 2193 1943 2238; x_wconf 88' lang='lat' dir='ltr'><strong>anim-</strong></span> 
     </span>
     <span class='ocr_line' id='line_1_26' title="bbox 159 2275 1943 2337; baseline 0.001 -18"><span class='ocrx_word' id='word_1_176' title='bbox 159 2275 471 2320; x_wconf 86' lang='lat' dir='ltr'><strong>advertenda:</strong></span> <span class='ocrx_word' id='word_1_177' title='bbox 513 2277 550 2333; x_wconf 83' lang='lat'><strong>1)</strong></span> <span class='ocrx_word' id='word_1_178' title='bbox 589 2280 732 2321; x_wconf 92' lang='lat' dir='ltr'><strong>Nemo</strong></span> <span class='ocrx_word' id='word_1_179' title='bbox 768 2277 811 2321; x_wconf 90' lang='lat' dir='ltr'><strong>in</strong></span> <span class='ocrx_word' id='word_1_180' title='bbox 853 2278 1031 2322; x_wconf 81' lang='lat' dir='ltr'><strong>Clerum</strong></span> <span class='ocrx_word' id='word_1_181' title='bbox 1082 2278 1350 2336; x_wconf 80' lang='lat' dir='ltr'><strong>regulariter</strong></span> <span class='ocrx_word' id='word_1_182' title='bbox 1396 2282 1465 2322; x_wconf 90' lang='lat' dir='ltr'><strong>est</strong></span> <span class='ocrx_word' id='word_1_183' title='bbox 1497 2277 1828 2332; x_wconf 83' lang='lat' dir='ltr'><strong>admittendus,</strong></span> <span class='ocrx_word' id='word_1_184' title='bbox 1865 2278 1943 2337; x_wconf 88' lang='lat' dir='ltr'><strong>qui</strong></span> 
     </span>
     <span class='ocr_line' id='line_1_27' title="bbox 158 2360 1947 2420; baseline 0.001 -16"><span class='ocrx_word' id='word_1_185' title='bbox 158 2362 311 2404; x_wconf 84' lang='lat' dir='ltr'><strong>certae</strong></span> <span class='ocrx_word' id='word_1_186' title='bbox 344 2360 579 2416; x_wconf 87' lang='lat' dir='ltr'><strong>ecclesiae,</strong></span> <span class='ocrx_word' id='word_1_187' title='bbox 618 2360 687 2404; x_wconf 81' lang='lat' dir='ltr'><strong>vel</strong></span> <span class='ocrx_word' id='word_1_188' title='bbox 722 2361 794 2418; x_wconf 89' lang='lat' dir='ltr'><strong>pio</strong></span> <span class='ocrx_word' id='word_1_189' title='bbox 829 2362 927 2406; x_wconf 91' lang='lat' dir='ltr'><strong>loco</strong></span> <span class='ocrx_word' id='word_1_190' title='bbox 962 2375 1052 2405; x_wconf 90' lang='lat' dir='ltr'><strong>non</strong></span> <span class='ocrx_word' id='word_1_191' title='bbox 1087 2361 1341 2417; x_wconf 86' lang='lat' dir='ltr'><strong>addicatur,</strong></span> <span class='ocrx_word' id='word_1_192' title='bbox 1379 2361 1452 2405; x_wconf 93' lang='lat' dir='ltr'><strong>ubi</strong></span> <span class='ocrx_word' id='word_1_193' title='bbox 1490 2362 1759 2406; x_wconf 89' lang='lat' dir='ltr'><strong>muneribus</strong></span> <span class='ocrx_word' id='word_1_194' title='bbox 1783 2362 1947 2420; x_wconf 84' lang='lat' dir='ltr'><strong>funga-</strong></span> 
     </span>
     <span class='ocr_line' id='line_1_28' title="bbox 161 2442 1941 2503; baseline 0.001 -17"><span class='ocrx_word' id='word_1_195' title='bbox 161 2446 236 2486; x_wconf 86' lang='lat' dir='ltr'><strong>tur</strong></span> <span class='ocrx_word' id='word_1_196' title='bbox 267 2442 335 2487; x_wconf 89' lang='lat' dir='ltr'><strong>sui</strong></span> <span class='ocrx_word' id='word_1_197' title='bbox 368 2442 551 2487; x_wconf 80' lang='lat' dir='ltr'><strong>Ordinis</strong></span> <span class='ocrx_word' id='word_1_198' title='bbox 585 2443 802 2502; x_wconf 87' lang='lat' dir='ltr'><strong>propriis,</strong></span> <span class='ocrx_word' id='word_1_199' title='bbox 841 2458 986 2503; x_wconf 87' lang='lat' dir='ltr'><strong>neque</strong></span> <span class='ocrx_word' id='word_1_200' title='bbox 1020 2444 1210 2502; x_wconf 83' lang='lat' dir='ltr'><strong>proinde</strong></span> <span class='ocrx_word' id='word_1_201' title='bbox 1244 2444 1431 2489; x_wconf 84' lang='lat' dir='ltr'><strong>incertis</strong></span> <span class='ocrx_word' id='word_1_202' title='bbox 1468 2449 1660 2502; x_wconf 72' lang='lat' dir='ltr'><strong>vagetur</strong></span> <span class='ocrx_word' id='word_1_203' title='bbox 1691 2443 1872 2489; x_wconf 89' lang='lat' dir='ltr'><strong>sedibus</strong></span> <span class='ocrx_word' id='word_1_204' title='bbox 1910 2444 1941 2488; x_wconf 69' lang='lat'><strong>³.</strong></span> 
     </span>
     <span class='ocr_line' id='line_1_29' title="bbox 161 2525 1945 2585; baseline 0.001 -15"><span class='ocrx_word' id='word_1_205' title='bbox 161 2527 204 2582; x_wconf 74' lang='lat'><strong>2)</strong></span> <span class='ocrx_word' id='word_1_206' title='bbox 241 2525 283 2572; x_wconf 89' lang='lat' dir='ltr'><strong>Si</strong></span> <span class='ocrx_word' id='word_1_207' title='bbox 318 2525 538 2571; x_wconf 91' lang='lat' dir='ltr'><strong>eiusmodi</strong></span> <span class='ocrx_word' id='word_1_208' title='bbox 573 2526 770 2571; x_wconf 86' lang='lat' dir='ltr'><strong>addictio</strong></span> <span class='ocrx_word' id='word_1_209' title='bbox 804 2526 850 2571; x_wconf 88' lang='lat' dir='ltr'><strong>in</strong></span> <span class='ocrx_word' id='word_1_210' title='bbox 886 2527 979 2585; x_wconf 88' lang='lat' dir='ltr'><strong>ipsa</strong></span> <span class='ocrx_word' id='word_1_211' title='bbox 1013 2528 1302 2572; x_wconf 89' lang='lat' dir='ltr'><strong>ordinatione</strong></span> <span class='ocrx_word' id='word_1_212' title='bbox 1335 2528 1501 2572; x_wconf 87' lang='lat' dir='ltr'><strong>omissa</strong></span> <span class='ocrx_word' id='word_1_213' title='bbox 1536 2527 1690 2583; x_wconf 84' lang='lat' dir='ltr'><strong>fuerit,</strong></span> <span class='ocrx_word' id='word_1_214' title='bbox 1725 2527 1945 2585; x_wconf 89' lang='lat' dir='ltr'><strong>deinceps</strong></span> 
     </span>
     <span class='ocr_line' id='line_1_30' title="bbox 162 2609 1944 2671; baseline 0.003 -18"><span class='ocrx_word' id='word_1_215' title='bbox 162 2609 366 2668; x_wconf 88' lang='lat' dir='ltr'><strong>Episcopi</strong></span> <span class='ocrx_word' id='word_1_216' title='bbox 399 2609 586 2655; x_wconf 88' lang='lat' dir='ltr'><strong>arbitrio</strong></span> <span class='ocrx_word' id='word_1_217' title='bbox 619 2610 714 2655; x_wconf 83' lang='lat' dir='ltr'><strong>lieri</strong></span> <span class='ocrx_word' id='word_1_218' title='bbox 750 2614 913 2669; x_wconf 88' lang='lat' dir='ltr'><strong>potest,</strong></span> <span class='ocrx_word' id='word_1_219' title='bbox 948 2611 982 2656; x_wconf 89' lang='lat' dir='ltr'><strong>si</strong></span> <span class='ocrx_word' id='word_1_220' title='bbox 1017 2617 1178 2670; x_wconf 85' lang='lat' dir='ltr'><strong>agatur</strong></span> <span class='ocrx_word' id='word_1_221' title='bbox 1210 2612 1265 2657; x_wconf 93' lang='lat' dir='ltr'><strong>de</strong></span> <span class='ocrx_word' id='word_1_222' title='bbox 1297 2612 1480 2658; x_wconf 89' lang='lat' dir='ltr'><strong>Clericis</strong></span> <span class='ocrx_word' id='word_1_223' title='bbox 1503 2613 1848 2671; x_wconf 85' lang='lat' dir='ltr'><strong>presbyteratus</strong></span> <span class='ocrx_word' id='word_1_224' title='bbox 1872 2628 1944 2658; x_wconf 92' lang='lat' dir='ltr'><strong>or-</strong></span> 
     </span>
     <span class='ocr_line' id='line_1_31' title="bbox 160 2690 1942 2753; baseline 0.003 -18"><span class='ocrx_word' id='word_1_225' title='bbox 160 2690 267 2736; x_wconf 91' lang='lat' dir='ltr'><strong>dine</strong></span> <span class='ocrx_word' id='word_1_226' title='bbox 298 2692 503 2742; x_wconf 90' lang='lat' dir='ltr'><strong>nondum</strong></span> <span class='ocrx_word' id='word_1_227' title='bbox 537 2693 699 2749; x_wconf 87' lang='lat' dir='ltr'><strong>auctis,</strong></span> <span class='ocrx_word' id='word_1_228' title='bbox 725 2693 802 2753; x_wconf 88' lang='lat' dir='ltr'><strong>qui</strong></span> <span class='ocrx_word' id='word_1_229' title='bbox 835 2694 1198 2740; x_wconf 87' lang='lat' dir='ltr'><strong>ecclesiasticum</strong></span> <span class='ocrx_word' id='word_1_230' title='bbox 1224 2695 1497 2740; x_wconf 81' lang='lat' dir='ltr'><strong>beneficium</strong></span> <span class='ocrx_word' id='word_1_231' title='bbox 1518 2696 1694 2740; x_wconf 88' lang='lat' dir='ltr'><strong>nullum</strong></span> <span class='ocrx_word' id='word_1_232' title='bbox 1715 2696 1942 2753; x_wconf 76' lang='lat' dir='ltr'><strong>habeant3</strong></span> 
     </span>
    </p>
   </div>
   <div class='ocr_carea' id='block_1_9' title="bbox 259 2907 988 3020">
    <p class='ocr_par' dir='ltr' id='par_1_12' title="bbox 259 2907 988 3020">
     <span class='ocr_line' id='line_1_32' title="bbox 259 2907 894 2955; baseline 0.005 -12"><span class='ocrx_word' id='word_1_233' title='bbox 259 2907 290 2939; x_wconf 93' lang='lat'><strong>.¹</strong></span> <span class='ocrx_word' id='word_1_234' title='bbox 320 2908 416 2944; x_wconf 78' lang='lat' dir='ltr'><strong>Sess.</strong></span> <span class='ocrx_word' id='word_1_235' title='bbox 447 2909 563 2952; x_wconf 88' lang='lat' dir='ltr'>XXII,</span> <span class='ocrx_word' id='word_1_236' title='bbox 591 2909 678 2955; x_wconf 83' lang='lat' dir='ltr'><strong>Cap.</strong></span> <span class='ocrx_word' id='word_1_237' title='bbox 706 2909 720 2945; x_wconf 96' lang='lat'>1</span> <span class='ocrx_word' id='word_1_238' title='bbox 747 2909 791 2946; x_wconf 88' lang='lat' dir='ltr'><strong>de</strong></span> <span class='ocrx_word' id='word_1_239' title='bbox 818 2910 894 2946; x_wconf 82' lang='lat' dir='ltr'><strong>Res.</strong></span> 
     </span>
     <span class='ocr_line' id='line_1_33' title="bbox 281 2972 988 3020; baseline 0.001 -9"><span class='ocrx_word' id='word_1_240' title='bbox 281 2972 294 2992; x_wconf 85' lang='lat'><strong>¹</strong></span> <span class='ocrx_word' id='word_1_241' title='bbox 321 2974 416 3011; x_wconf 81' lang='lat' dir='ltr'><strong>Sess.</strong></span> <span class='ocrx_word' id='word_1_242' title='bbox 443 2974 580 3018; x_wconf 88' lang='lat' dir='ltr'>XXIII,</span> <span class='ocrx_word' id='word_1_243' title='bbox 607 2975 696 3020; x_wconf 83' lang='lat' dir='ltr'><strong>cap.</strong></span> <span class='ocrx_word' id='word_1_244' title='bbox 725 2975 813 3011; x_wconf 88' lang='lat' dir='ltr'>XIII</span> <span class='ocrx_word' id='word_1_245' title='bbox 840 2975 883 3012; x_wconf 78' lang='lat' dir='ltr'><strong>de</strong></span> <span class='ocrx_word' id='word_1_246' title='bbox 912 2975 988 3012; x_wconf 82' lang='lat' dir='ltr'><strong>Ref.</strong></span> 
     </span>
    </p>
   </div>
   <div class='ocr_carea' id='block_1_10' title="bbox 165 3043 1942 3162">
    <p class='ocr_par' dir='ltr' id='par_1_13' title="bbox 165 3043 1942 3162">
     <span class='ocr_line' id='line_1_34' title="bbox 283 3043 1942 3092; baseline 0.002 -11"><span class='ocrx_word' id='word_1_247' title='bbox 283 3043 296 3063; x_wconf 82' lang='lat'>⁸</span> <span class='ocrx_word' id='word_1_248' title='bbox 322 3044 432 3082; x_wconf 89' lang='lat' dir='ltr'><strong>Conc.</strong></span> <span class='ocrx_word' id='word_1_249' title='bbox 458 3045 556 3081; x_wconf 87' lang='lat' dir='ltr'><strong>Trid.</strong></span> <span class='ocrx_word' id='word_1_250' title='bbox 584 3045 682 3082; x_wconf 86' lang='lat' dir='ltr'><strong>Sess.</strong></span> <span class='ocrx_word' id='word_1_251' title='bbox 713 3045 848 3090; x_wconf 85' lang='lat' dir='ltr'>XXIII,</span> <span class='ocrx_word' id='word_1_252' title='bbox 875 3046 962 3092; x_wconf 85' lang='lat' dir='ltr'><strong>Cap.</strong></span> <span class='ocrx_word' id='word_1_253' title='bbox 993 3047 1078 3084; x_wconf 88' lang='lat' dir='ltr'><strong>XVI</strong></span> <span class='ocrx_word' id='word_1_254' title='bbox 1106 3048 1156 3084; x_wconf 82' lang='lat' dir='ltr'><strong>De</strong></span> <span class='ocrx_word' id='word_1_255' title='bbox 1184 3048 1379 3085; x_wconf 75' lang='lat' dir='ltr'><strong>Reformat.</strong></span> <span class='ocrx_word' id='word_1_256' title='bbox 1409 3048 1546 3086; x_wconf 87' lang='lat' dir='ltr'><strong>Bened.</strong></span> <span class='ocrx_word' id='word_1_257' title='bbox 1577 3049 1685 3092; x_wconf 88' lang='lat' dir='ltr'>XIII,</span> <span class='ocrx_word' id='word_1_258' title='bbox 1715 3049 1866 3085; x_wconf 84' lang='lat' dir='ltr'><strong>Constit.</strong></span> <span class='ocrx_word' id='word_1_259' title='bbox 1898 3048 1942 3084; x_wconf 81' lang='lat' dir='ltr'><strong>In</strong></span> 
     </span>
     <span class='ocr_line' id='line_1_35' title="bbox 165 3115 682 3162; baseline 0.002 -10"><span class='ocrx_word' id='word_1_260' title='bbox 165 3115 354 3162; x_wconf 80' lang='lat' dir='ltr'><strong>Suprema,</strong></span> <span class='ocrx_word' id='word_1_261' title='bbox 379 3115 425 3152; x_wconf 80' lang='lat'><strong>25</strong></span> <span class='ocrx_word' id='word_1_262' title='bbox 450 3119 544 3162; x_wconf 85' lang='lat' dir='ltr'><strong>sept.</strong></span> <span class='ocrx_word' id='word_1_263' title='bbox 575 3116 682 3153; x_wconf 75' lang='lat'><strong>1724.</strong></span> 
     </span>
    </p>
   </div>
   <div class='ocr_carea' id='block_1_11' title="bbox 1840 0 2176 36">
    <p class='ocr_par' dir='ltr' id='par_1_14' title="bbox 1840 0 2176 36">
     <span class='ocr_line' id='line_1_36' title="bbox 1840 0 2176 36; baseline 0 3350"><span class='ocrx_word' id='word_1_264' title='bbox 1840 0 2176 36; x_wconf 95' lang='lat' dir='ltr'><strong> </strong></span> 
     </span>
    </p>
   </div>
  </div>
 </body>
</html>
