2176 3386
237 151 314 192 110
877 167 986 196 PARS
1016 168 1040 196 1.
1075 168 1132 196 DE
1160 167 1372 197 PERSONIS

235 270 416 316 minuto
450 274 710 331 exemplato
748 274 786 330 ι;
823 275 865 330 2)
901 274 1409 332 θΧθῐῃρΙει-ἰρθιυυηῑθ
1433 289 1527 320 non
1548 279 1673 333 perit
1694 278 2008 335 exemplatum

233 357 279 396 et
312 352 548 398 viceversa
585 354 625 411 ²3
662 356 703 408 5)
740 355 775 398 si
810 356 1047 412 exemplar
1079 370 1174 400 uon
1207 358 1357 400 existit
1391 370 1539 416 neque
1573 358 1696 404 valet
1718 359 2008 418 privilegium

233 436 297 480 ad
327 438 483 480 instar
514 438 612 482 eius
645 451 913 482 concessum
950 441 1044 482 nisi
1071 441 1185 483 satis
1217 438 1466 495 manifeste
1497 444 1734 486 contineat
1753 442 1874 500 quod
1904 456 2010 486 eon-

232 520 411 563 eeditur
446 520 474 564 ³.
517 525 579 565 Ex
614 522 699 566 hoc
734 526 858 580 patet
891 521 1177 580 priuilegium
1204 522 1267 567 ad
1292 524 1445 568 instar
1469 523 1650 568 nonnisi
1674 524 1899 569 indirecte
1920 524 2009 569 dici

234 603 522 662 privilegium
557 609 972 662 communicatum,
1007 619 1113 650 cum
1147 605 1338 650 omnino
1371 621 1394 650 e
1424 621 1470 651 se
1507 611 1730 665 proprias
1769 611 1890 652 vires
1926 607 2008 653 lia-

230 688 331 733 beat
363 689 376 712 ¹³
411 689 530 748 quod
564 704 620 734 ex
653 689 858 735 dicendis
903 689 1064 734 melius
1108 689 1294 747 patebit.
1347 692 1708 736 Communieatio
1752 691 2007 750 privilegio-

233 786 333 815 rum
375 775 567 830 proprie
609 773 732 817 (licta
778 786 856 817 seu
891 761 1063 818 directa
1108 778 1176 817 est
1230 773 1420 831 triplicis
1462 775 1666 832 generis:
1710 775 1797 820 alia
1843 790 2039 834 nempe-

230 869 347 914 quae
381 855 429 899 iit
461 857 761 912 generalibus
792 857 941 900 verbis
964 856 1181 901 adhibitis
1194 877 1209 911 ,·
1243 857 1331 901 alia
1365 859 1559 904 formula
1594 860 1849 905 absolutam
1876 863 2007 917 pari-

232 944 370 982 tatem
408 939 639 983 indicante
674 939 737 983 uti
772 939 1116 997 paril‘ormiter,
1154 954 1297 999 aeque
1325 943 1672 998 principaliter,
1708 943 1794 987 alia
1818 957 1923 987 cum
1954 945 2007 988 li-

232 1023 485 1066 mitatione.
523 1023 890 1068 Conununicatio
925 1023 1268 1081 privilegiorum
1300 1028 1493 1082 proprie
1524 1026 1647 1071 dicta
1681 1040 1705 1070 a
1749 1026 2006 1070 communi·

229 1106 410 1150 catione
443 1109 699 1164 impropiie
742 1109 865 1153 clieta
907 1122 984 1152 seu
1031 1108 1251 1152 indirecta
1298 1123 1375 1166 per
1419 1109 1705 1167 privilegium
1749 1110 1811 1153 ad
1855 1112 2007 1153 instar

227 1188 407 1233 differre
443 1190 625 1233 videtur
658 1204 711 1234 eo
742 1191 847 1250 quia
884 1191 928 1235 in
964 1191 1387 1236 communicatione
1417 1195 1609 1249 proprie
1641 1192 1765 1237 dieta
1800 1206 1891 1236 non
1933 1192 2007 1236 ha·

227 1273 359 1316 betur
394 1273 477 1316 nisi
513 1273 722 1317 extensio
755 1275 958 1317 eiusdem
993 1275 1231 1332 privilegii
1261 1275 1315 1318 ad
1349 1275 1487 1330 alios,
1522 1275 1630 1319 dnm
1667 1275 1711 1319 in
1748 1275 2004 1320 communi·

226 1355 407 1399 catione
442 1358 697 1413 improprie
729 1357 853 1401 clieta
890 1371 1062 1401 novum
1108 1358 1397 1416 privilegium
1442 1358 1710 1402 conceditur
1752 1358 1835 1403 etsi
1875 1342 2004 1402 iuxta

227 1439 477 1495 exemplar,
514 1452 591 1483 seu
627 1440 690 1484 ad
725 1442 879 1485 instar
912 1442 1188 1499 exemplaris
1222 1443 1310 1485 iam
1345 1441 1603 1486 existentis.
1640 1445 1852 1487 Ceterum
1876 1441 2002 1500 quid-

225 1521 331 1580 quid
364 1522 423 1566 sit
453 1522 508 1566 de
543 1523 626 1567 hac
662 1524 674 1547 5
709 1524 977 1583 quaestione
1011 1524 1132 1568 inter
1156 1525 1366 1570 doctores
1398 1531 1575 1570 certum
1610 1531 1679 1571 est
1713 1526 2001 1584 privilegium

225 1605 365 1648 semel
399 1605 794 1651 communicatum
820 1607 949 1650 nullo
974 1608 1104 1651 modo
1127 1609 1325 1665 pendere
1347 1613 1428 1653 aut
1449 1609 1596 1667 quoad
1623 1608 1998 1665 diminutionem,

225 1693 304 1732 aut
337 1690 696 1745 revocationem,
733 1696 821 1735 etc.
858 1706 883 1735 a
913 1691 1156 1749 ,privilegio
1190 1692 1308 1751 quod
1342 1692 1738 1750 communicatur;
1768 1694 1916 1752 prouti
1947 1694 2001 1738 de

227 1772 462 1830 privilegio
497 1774 559 1816 acl
593 1776 745 1818 instar
777 1776 1045 1832 contingere
1080 1775 1168 1819 iam
1205 1774 1418 1819 vidimus.
1458 1780 1550 1821 Iam
1575 1776 1609 1820 si
1639 1777 2019 1838 communicatio,

222 1858 521 1914 ‚qeneralibus
554 1858 701 1902 verbis
733 1857 838 1913 fiat,
870 1859 1125 1916 privilegia
1167 1859 1561 1904 extraordinaria-
1605 1873 1697 1904 non
1743 1861 2000 1904 communi-

223 1944 390 1984 cantur
423 1940 452 1983 ὓ.
492 1940 533 1984 Si
569 1955 678 1985 vero
712 1941 947 1999 privilegia
982 1942 1175 1986 formula
1210 1942 1470 1987 absolutam
1484 1945 1740 1999 paritatem
1764 1942 1999 1988 indicante

222 2022 642 2077 communicantur,
679 2028 724 2067 et
755 2026 1149 2069 extraordinaria
1182 2024 1417 2082 privilegia
1456 2025 1797 2070 communicata
1833 2026 1999 2070 intelli-

222 2110 408 2161 guntur,
444 2104 498 2148 iis
529 2106 735 2164 exceptis
766 2120 880 2165 quae
913 2108 1254 2164 particularem
1293 2111 1339 2152 et
1371 2108 1669 2152 individuam
1703 2107 1874 2152 habent
1894 2122 1998 2152 cau-

222 2201 337 2243 sam,
375 2176 447 2234 vel
469 2204 663 2249 quorum
699 2191 1061 2235 communicatio
1094 2206 1117 2235 a
1154 2191 1371 2236 Pontifice
1410 2190 1634 2249 prohibita
1667 2195 1753 2246 est,
1793 2192 1862 2236 vel
1890 2205 1999 2250 quo·

223 2284 324 2315 rum
360 2272 721 2317 communicatio
756 2273 905 2331 potius
938 2279 1057 2318 esset
1090 2276 1226 2319 noxia
1256 2275 1285 2317 ⁷.
1339 2274 1539 2318 'tandem
1574 2275 1722 2333 quoad
1762 2273 1996 2332 privilegia

220 2368 337 2412 quae
370 2368 476 2399 eum
510 2356 788 2399 limitatione
820 2356 1242 2412 communicantur,
1277 2371 1329 2401 ea
1373 2358 1715 2401 communicata
1739 2356 1998 2414 intelligun-

225 2441 297 2481 tur
328 2438 382 2482 de
415 2438 578 2497 quibus
610 2452 826 2495 expressa
860 2438 1034 2483 mentio
1068 2439 1161 2483 fiat.

340 2594 349 2613 ¹
379 2592 465 2637 Arg.
493 2592 515 2628 l.
541 2591 562 2627 2
590 2592 623 2627 ff.
652 2593 697 2629 tle
723 2593 858 2627 condit.
885 2596 920 2628 et
946 2593 1183 2628 demonstrat.
1213 2595 1248 2628 in
1274 2602 1354 2638 cap.
1374 2592 1435 2628 ult.
1456 2601 1501 2629 ne
1527 2592 1611 2629 cler.
1641 2591 1695 2627 vel
1715 2592 1884 2628 monach.
1911 2601 1942 2628 n.
1963 2590 1996 2626 5.

339 2665 351 2684 ²
378 2666 522 2702 Susum
549 2674 606 2710 op.
636 2664 656 2699 l.
684 2665 742 2700 cit.
770 2665 921 2700 ZiTssLm
948 2664 992 2700 de
1019 2664 1111 2709 disp.
1139 2668 1256 2700 contr.
1284 2664 1406 2700 Maon.
1434 2668 1467 2699 et
1495 2663 1600 2699 alios.

340 2735 351 2754 ³
378 2737 416 2772 L.
443 2737 473 2772 si
500 2737 550 2772 sie
569 2736 728 2781 leyatum
754 2735 799 2770 75
824 2740 837 2775 3
865 2736 895 2771 si
919 2736 1005 2771 mihi
1031 2734 1064 2770 ff.
1092 2735 1136 2770 de
1164 2735 1295 2780 legatis
1324 2735 1356 2771 1.

338 2807 352 2827 ⁸
379 2808 523 2844 SUAnEz
550 2817 609 2852 op.
635 2809 694 2844 cit.
724 2808 776 2850 18,
805 2818 834 2843 c.
865 2806 919 2849 16,
948 2816 983 2843 n.
1011 2806 1043 2842 7.

338 2879 350 2898 ⁶
378 2879 427 2916 Cf.
456 2879 600 2915 SUAnssz
627 2879 648 2914 l.
674 2879 706 2922 8,
733 2888 813 2924 cap.
846 2879 888 2914 16
915 2878 958 2914 de
988 2878 1060 2923 teg.

338 2951 351 2969 ⁶
377 2951 464 2997 Arg.
489 2961 569 2996 cap.
597 2951 638 2987 81
669 2950 713 2987 de
739 2960 816 2996 reg.
844 2950 914 2986 Iur.
941 2950 979 2985 in
1007 2949 1055 2985 6⁰.

337 3020 351 3040 '¹
378 3021 428 3058 cf.
454 3022 616 3064 ZITELLt,
643 3022 687 3058 de
713 3021 915 3067 dispensat.

2170 864 2176 870 .
2168 782 2176 821 ..-
2174 763 2176 768 .
2163 612 2176 742 zan-'A-
