2176 3386
799 173 930 202 LIBER
957 173 982 201 1.
1017 172 1074 201 DE
1102 171 1296 201 CLERICIS
1387 151 1390 156 Ι
1887 158 1940 200 93

157 281 266 327 facti
298 295 437 341 quam
481 281 620 335 iuris,
653 280 709 324 de
749 292 1039 339 quacumque
1086 279 1184 336 lege
1233 282 1396 336 agatur
1427 277 1527 322 sive
1559 279 1805 333 naturali,
1841 277 1940 323 sive

157 366 346 420 divina,
392 364 491 410 sive
522 364 758 409 humana.
807 362 985 407 Dicitur
1016 363 1128 407 haec
1161 361 1447 407 consuetudo
1486 375 1585 407 esso
1632 363 1782 420 potius
1831 361 1941 406 iuris

159 450 391 493 imitativa
425 453 499 492 vel
530 449 784 501 eaeecutiva,
834 446 941 490 hinc
975 445 1072 503 lege
1112 445 1291 490 sublata
1333 448 1380 489 et
1422 444 1807 490 consuetudinem
1842 458 1939 490 cor-

158 544 290 575 ruere
324 543 508 575 necesse
541 533 625 575 est.
678 533 850 574 Tamen
884 529 982 573 eius
1014 529 1207 573 effectus
1248 533 1358 572 sunt
1403 529 1441 585 l)
1466 534 1517 572 ut
1549 528 1695 585 leyem
1728 529 1884 586 firmet
1907 528 1939 584 ¹,

159 615 202 665 2)
240 620 291 657 ut
334 614 479 671 leyem-
530 616 864 669 interpretetur
907 611 938 655 ².
990 611 1074 658 Alii
1116 609 1397 657 enumerant
1437 610 1579 655 alium
1633 611 1850 656 effectum
1891 615 1943 655 ut

162 710 325 755 nempe
367 698 442 740 lex
481 696 726 755 aliquando
771 697 1078 750 extendatur,
1117 709 1280 739 verum
1324 695 1410 739 hoc
1452 694 1507 738 ad
1558 695 1942 739 consuetudinem

155 785 347 836 praeter
379 779 524 836 legem
560 779 856 823 reduceretur
889 778 921 823 ³.
958 778 1250 823 Consuetudo
1270 784 1463 835 praeter
1487 778 1632 835 teyem
1668 778 1942 822 naturalem

163 862 339 920 proprie
372 876 466 906 uon
502 862 637 906 datur
668 862 773 921 quia
808 862 1092 906 consuetudo
1124 861 1235 919 legis
1269 863 1364 906 vim
1401 861 1537 905 habet
1554 875 1781 906 consensu
1820 860 1943 905 Prin-

161 945 288 1002 cipis,
326 945 516 1004 ideoque
551 944 778 989 rationem
826 945 963 989 habel.
1010 945 1119 1002 legis
1168 946 1413 988 humanae.
1466 948 1636 988 'famen
1685 944 1944 988 secuudum

161 1029 272 1086 quid
304 1028 588 1072 consuetudo
610 1034 798 1085 praeter
816 1028 961 1085 leyem
986 1029 1261 1073 naturalem
1289 1027 1382 1072 vim
1409 1028 1576 1072 habere
1604 1032 1769 1086 potest,
1795 1027 1946 1086 quoad

162 1117 291 1155 actus
324 1125 478 1168 perse
510 1111 733 1167 honestos,
771 1112 847 1169 qui
882 1113 979 1170 lege
1020 1112 1217 1156 naturali
1268 1113 1431 1156 saltem
1481 1112 1629 1170 quoad
1670 1110 1944 1155 exercitium

163 1208 255 1238 non
289 1194 651 1252 praecipiuntur,
691 1198 876 1239 Praeter
909 1198 982 1238 ius
1014 1195 1229 1239 divinum
1265 1201 1422 1239 autem
1456 1195 1741 1240 consuetudo
1784 1208 1945 1239 secun-

165 1277 272 1321 dum
306 1278 415 1336 quid
448 1278 717 1322 admittitur
740 1278 890 1335 prouti
924 1278 1092 1322 accidit
1124 1278 1245 1322 circa
1282 1277 1554 1323 traditiones
1586 1292 1699 1338 quas
1729 1278 1946 1323 universa

163 1364 291 1405 tenet
327 1361 523 1405 Ecclesia
547 1361 602 1405 de
634 1360 798 1419 quibus
832 1375 917 1405 nec
950 1361 1156 1407 Christus
1192 1362 1428 1418 Dominus,
1455 1376 1604 1421 neque
1634 1361 1834 1420 Apostoli
1868 1376 1945 1406 ex-

165 1458 367 1501 pressum
395 1449 687 1502 praeceptum
723 1444 1013 1489 tradiderunt
1046 1445 1077 1489 ¹².
1115 1446 1405 1490 Consuetudo
1437 1452 1604 1490 contra
1637 1446 1783 1502 leqem
1808 1452 1946 1490 uatu-

166 1528 315 1571 ralem
351 1541 443 1572 non
476 1527 738 1572 admittitur
770 1541 875 1572 cum
910 1528 984 1572 lex
1022 1529 1243 1573 naturalis
1266 1529 1364 1586 lege
1390 1529 1592 1573 humana
1619 1528 1828 1586 abrogari
1854 1543 1945 1574 non

166 1610 306 1668 possit
340 1611 368 1655 ⁵.
406 1614 562 1670 Neque
596 1612 880 1657 consuetudo
914 1612 1176 1656 admittitur
1207 1620 1373 1658 eontra
1414 1615 1485 1656 ius
1527 1613 1743 1657 divinum
1787 1613 1945 1658 eadem

165 1693 219 1737 de
252 1708 389 1738 causa
423 1694 453 1736 ⁶.
502 1695 630 1748 Quod
663 1695 699 1739 si
733 1701 896 1753 agatur
927 1697 983 1740 de
1016 1696 1113 1754 leye
1151 1695 1394 1751 humana,
1431 1697 1716 1741 consuetudo
1755 1703 1949 1753 praeter

165 1777 309 1834 leyem
347 1791 517 1822 novam
562 1778 889 1836 obligationem
935 1778 1111 1823 inducit
1154 1781 1226 1824 vel
1263 1782 1640 1837 praeceptivam,
1678 1781 1750 1825 vel
1790 1780 1948 1837 prohi—

165 1860 371 1915 bitivam,
410 1861 482 1904 vel
517 1863 804 1916 irritantem,
843 1862 915 1906 vel
951 1863 1393 1919 impedimentorum
1415 1866 1558 1908 etiam
1586 1866 1948 1908 matrimonium

165 1943 492 1988 dirimentium
524 1945 818 1989 inductivam
855 1947 884 1988 ⁷.
931 1947 1222 1991 Consuetudo
1264 1954 1432 1992 contra
1480 1948 1624 2004 legem
1675 1948 1946 2002 humanam,

166 2040 267 2070 eam
300 2027 519 2085 abrogare
553 2033 700 2086 potest
735 2029 807 2073 vel
840 2043 896 2072 ex
928 2036 1028 2085 toto,
1067 2030 1140 2074 vel
1173 2045 1228 2074 ex
1258 2037 1418 2087 parte,
1459 2031 1529 2075 xel
1562 2031 1716 2089 quoad
1746 2043 1948 2088 poenam

166 2115 207 2152 et
237 2111 426 2166 culpam
462 2124 627 2169 nempe
650 2112 799 2171 quoad
831 2115 926 2156 vim
960 2114 1235 2158 directivam
1275 2119 1320 2157 et
1366 2117 1637 2170 coactivam,
1674 2119 1754 2159 aut
1801 2115 1947 2159 solum

287 2314 293 2331 ¹
324 2313 410 2349 Can.
436 2313 469 2358 3,
497 2314 579 2350 dist.
600 2315 636 2358 4,
663 2315 700 2350 in
726 2315 884 2352 decreto.

286 2384 299 2402 ¹
325 2384 411 2430 Cap.
438 2385 460 2421 8
486 2386 529 2422 de
557 2391 736 2430 consuct.;
764 2387 786 2423 l.
814 2387 942 2431 57-58,
969 2387 1003 2423 ff.
1030 2388 1075 2424 de
1102 2389 1171 2424 LL.

287 2455 299 2474 ³
327 2456 375 2493 Cf.
405 2457 561 2501 Solium,
589 2468 647 2503 op.
675 2468 705 2493 c.
735 2463 770 2494 et
798 2459 819 2495 l.
847 2459 908 2495 cil.

286 2526 300 2546 Γ*
327 2527 376 2564 Cf.
405 2528 560 2571 Suriam,
587 2529 609 2565 l.
638 2531 669 2573 7,
697 2539 727 2565 c.
754 2530 788 2572 4,
815 2540 874 2575 op.
901 2531 964 2573 cit,

287 2599 299 2617 ³
325 2600 365 2635 D.
393 2600 459 2635 Th.
488 2600 541 2636 1³.
567 2601 643 2636 2³0.
671 2611 704 2646 q.
733 2601 788 2643 57,
816 2607 882 2637 art.
911 2602 931 2637 5
958 2602 1003 2638 ad
1032 2603 1062 2646 1;
1088 2613 1168 2648 cap.
1189 2603 1250 2639 ult.
1279 2603 1324 2639 de
1350 2609 1515 2640 consuet.
1543 2604 1592 2639 Cf.
1616 2604 1760 2646 Suarez,
1782 2604 1804 2639 l.
1821 2615 1852 2640 c.

287 2669 300 2689 ⁶
327 2670 361 2706 S.
389 2670 490 2708 Paul.
509 2671 555 2707 ad
571 2672 711 2709 Coloss.
729 2671 762 2715 2,
783 2672 908 2709 Matth.
930 2673 984 2709 15.
1012 2674 1118 2717 Quod
1136 2678 1190 2710 est
1217 2674 1310 2710 bene
1336 2675 1614 2718 attendendum,
1641 2685 1725 2711 cum
1753 2675 1949 2720 aliquando

170 2739 229 2778 lex
256 2741 428 2785 humana,
459 2742 512 2779 uti
535 2743 813 2787 Ecclesiastica,
840 2750 1038 2790 praecepta
1071 2746 1182 2781 etiam
1215 2746 1341 2781 divina
1377 2756 1421 2782 ac
1446 2747 1636 2783 naturalia
1675 2750 1813 2791 urgeat.
1853 2746 1951 2782 Talis

170 2811 227 2847 lex
254 2812 507 2850 ecclesiastica
532 2815 839 2852 consuetudinem
867 2820 996 2851 contra
1022 2816 1139 2861 legem
1167 2822 1230 2852 aut
1252 2821 1396 2862 praeter
1423 2817 1542 2862 legem
1570 2818 1674 2854 iuxta
1699 2818 1795 2853 dicta
1822 2817 1950 2853 admit-

172 2887 245 2920 tere
273 2893 345 2920 non
371 2890 510 2930 potest,
526 2895 602 2922 non
629 2896 702 2932 qua
729 2886 789 2923 lex
814 2887 1070 2924 ecclesiastica
1094 2893 1160 2930 est,
1182 2888 1245 2924 scd
1265 2897 1338 2933 qua
1363 2893 1418 2925 est
1444 2889 1502 2924 lex
1531 2889 1703 2932 humana,
1731 2899 1824 2934 quae
1851 2889 1952 2934 ipsas

171 2954 270 3000 leges
297 2955 439 2993 divinas
465 2956 524 2992 vel
550 2957 736 2994 naturales
764 2964 880 3003 urget.

290 3026 303 3045 ⁷
329 3026 414 3064 Can.
441 3027 534 3071 5,>d.
564 3029 579 3063 1
610 3033 646 3065 et
672 3029 693 3064 l.
721 3029 778 3072 52,
806 3029 852 3065 55
879 3029 914 3065 ff.
941 3030 986 3067 de
1013 3030 1094 3074 LL.;
1121 3040 1201 3076 cap.
1230 3030 1246 3066 1
1276 3030 1319 3066 de
1348 3040 1456 3076 cogn.
1484 3031 1601 3076 spirit.
