2176 3386
499 0 502 7 ’
1271 0 1296 2 ’“
1424 0 1434 19 ³
1648 0 1674 32 .·
1702 0 2079 36 T‘Y‘w'fflssvwea

244 157 296 198 56
917 173 1027 202 PARS
1055 173 1095 201 11.
1126 174 1183 202 DE
1213 173 1351 203 REBus
2086 0 2176 195 Ἰ

249 273 401 319 Minus
432 279 589 321 tamen
623 291 760 337 quam
785 278 944 323 horam
979 279 1286 324 intervertere
1309 284 1379 325 est
1402 280 1502 325 leve
1534 284 1580 325 et
1612 295 1668 325 ex
1697 281 1824 339 gravi
1849 281 2034 328 motivo

245 355 490 403 innoxium
524 374 734 418 prorsus,
770 375 844 406 ex.
882 376 946 419 gr.
983 361 1163 407 itineris
1194 376 1347 408 causa.
1403 366 1456 408 Et
1487 362 1523 408 si
1559 362 1780 408 viaticum
1821 363 2030 410 dandum

245 440 320 495 sit,
355 441 463 487 licet
494 457 518 487 a
555 444 701 488 media
736 449 871 489 nocte
908 445 1094 490 missam
1128 445 1374 490 celebrare.
1424 449 1489 491 Ne
1531 450 1686 491 autem
1732 447 1922 504 populus
1953 459 2026 492 ca-

247 530 344 569 reat
378 526 534 581 missa,
571 526 676 571 licet
708 527 761 572 ad
796 527 909 572 duas
942 530 1077 572 boras
1110 533 1209 586 post
1242 528 1498 573 meridiem.
1545 528 1746 588 Denique
1778 528 2033 574 observan«

245 607 328 652 dae
362 613 470 653 sunt
503 609 549 653 in
586 610 750 655 missae
783 610 1007 656 sacrificio
1040 611 1250 656 rubricae
1283 611 1329 655 iu
1365 611 1535 656 missali
1571 611 1892 670 praescriptae,
1917 625 2031 671 qua-

244 704 347 735 rum
398 691 513 736 aliae
552 697 661 737 sunt
699 692 1046 750 praeceptivae,
1082 693 1199 738 aliae
1237 693 1505 739 directivae.
1562 693 1883 752 Praeceptivae
1919 696 2036 738 sunt

245 788 361 833 quae
395 777 640 820 continent
662 776 831 835 aliquid
864 777 982 836 quod
1018 792 1074 822 ex
1101 778 1197 822 iure
1222 778 1295 823 vel
1329 778 1530 836 legitima
1563 777 1896 822 consuetudine
1919 790 2027 822 con-

245 858 490 903 venienter
523 859 817 918 praecipitur,
853 860 1105 905 directivae
1139 861 1356 905 dicuntur
1388 861 1604 920 reliquae.

365 941 464 984 708.
504 941 670 986 Ultimo
699 944 796 987 loco
831 942 1156 1002 inquirendum
1191 949 1398 1002 superest
1443 944 1623 1003 quoties
1654 943 1738 987 sub
1770 941 1897 1000 gravi
1930 941 2033 1001 qui-

245 1022 315 1066 vis
348 1024 557 1069 sacerdos
579 1025 810 1070 celebrare
832 1029 1063 1070 teneatur.
1101 1031 1238 1071 Porro
1263 1027 1414 1084 agitur
1436 1026 1507 1071 bic
1532 1040 1622 1071 non
1648 1026 1793 1071 solum
1823 1025 1877 1070 de
1902 1039 2032 1084 prae-

245 1112 377 1164 cepto
409 1108 687 1153 affirmativo
720 1113 766 1153 et
799 1109 1183 1165 indeterminato,
1219 1110 1295 1154 sed
1339 1110 1393 1154 de
1428 1114 1668 1168 praecepto
1708 1108 1905 1153 naturali
1948 1122 2033 1166 per

248 1191 433 1236 modum
466 1192 600 1236 officii
636 1192 871 1250 imposito,
906 1192 1128 1252 siquidem
1179 1192 1307 1237 iuxta
1351 1193 1540 1249 rituale,
1576 1194 1805 1238 celebrare
1838 1196 1907 1237 est
1939 1191 2027 1250 pri-

246 1288 373 1318 mum
406 1275 655 1319 sacerdotis
678 1274 894 1321 officium.
935 1278 1071 1320 Porro
1094 1275 1311 1335 quidquid
1335 1278 1390 1321 ad
1425 1276 1570 1321 instar
1603 1276 1736 1321 officii
1762 1275 2029 1334 impositum

245 1362 343 1411 est,
379 1357 584 1403 subiecto
635 1358 846 1403 inhaeret
879 1373 958 1417 per
993 1359 1180 1403 modum
1216 1359 1429 1415 habitus,
1465 1364 1511 1404 et
1543 1359 1759 1419 quidquid
1796 1358 2028 1404 rationem

245 1439 427 1486 habitus
460 1441 596 1486 habet
628 1442 938 1501 frequentiam
984 1442 1183 1502 aliquam
1229 1449 1418 1488 actuum
1452 1443 1728 1501 expostulat.
1780 1441 1896 1487 Hinc
1935 1454 2034 1485 uno

245 1524 317 1567 vel
351 1523 497 1568 tribus
529 1530 608 1569 aut
630 1530 828 1584 quatuor
861 1526 1039 1570 actibus
1076 1540 1153 1584 pro
1187 1530 1283 1572 toto
1316 1530 1523 1585 tempore
1555 1541 1645 1586 quo
1679 1526 1880 1570 officium
1931 1539 2030 1583 per-

244 1607 394 1662 durat,
431 1607 470 1651 ei
506 1609 769 1653 nullatenus
802 1613 920 1654 esset
953 1609 1256 1654 satisfactum.
1294 1610 1374 1655 His
1408 1610 1579 1668 positis,
1616 1613 1656 1655 S.
1694 1610 1890 1654 Thomas
1921 1609 2031 1654 huic

244 1690 501 1749 quaestioni
536 1692 806 1750 respondet:
852 1711 870 1732 α
897 1692 1143 1737 dicendum
1178 1693 1296 1752 quod
1330 1692 1514 1752 quidam
1549 1693 1769 1738 dixerunt
1800 1692 1918 1752 quod
1953 1695 2033 1737 Sa-

244 1773 403 1817 cerdos
436 1778 583 1831 potest
615 1774 806 1819 omnino
838 1789 863 1819 a
898 1775 1207 1820 celebratione
1231 1775 1316 1820 rite
1349 1775 1597 1831 abstinere,
1624 1775 1709 1820 nisi
1732 1779 1947 1820 teneatur
1969 1788 2027 1819 ex

244 1869 351 1899 cura
386 1855 468 1900 sibi
512 1856 756 1902 commissa
791 1857 1022 1902 celebrare
1067 1859 1230 1916 populo
1263 1862 1308 1903 et
1341 1862 1630 1903 sacramenta
1667 1857 1897 1916 praebere.
1944 1857 2031 1902 Sed

244 1938 330 1983 hoc
366 1938 737 1984 irrationabiliter
770 1940 954 1995 dicitur,
981 1941 1087 2000 quia
1114 1942 1426 2000 unusquisque
1459 1945 1643 1986 tenetur
1677 1942 1742 1985 uti
1777 1940 1920 1998 gratia
1945 1939 2029 1984 sibi

243 2022 371 2077 data;
402 2056 490 2067 .....
527 2023 649 2067 unde
683 2023 914 2068 Sacerdoti
966 2023 1146 2068 etiamsi
1200 2037 1291 2067 non
1342 2023 1510 2068 habeat
1547 2037 1705 2067 curam
1746 2022 2031 2078 animarum,

244 2120 334 2150 nou
373 2106 476 2150 licet
509 2106 700 2151 omnino
733 2121 756 2151 a
786 2106 1096 2151 celebratione
1129 2119 1337 2162 cessare,
1373 2106 1451 2151 sed
1488 2106 1650 2151 saltem
1686 2105 1870 2151 videtur
1908 2106 2032 2165 quod

242 2194 458 2233 teneatur
489 2189 718 2234 celebrare
751 2189 797 2233 in
835 2189 1091 2248 praecipuis
1125 2189 1252 2234 festis
1285 2194 1331 2234 et
1364 2189 1566 2234 maxime
1603 2189 1645 2233 in
1680 2188 1844 2248 quibus
1876 2189 2034 2234 fideles

244 2273 589 2318 communicare
623 2278 971 2318 consueverunt
999 2293 1037 2316 n.
1076 2278 1202 2327 Quae
1236 2274 1450 2329 formula,
1485 2273 1637 2318 subdit
1670 2276 1710 2317 S.
1751 2273 1880 2331 Alpb.
1909 2273 1941 2328 ¹,
1976 2276 2028 2317 in

239 2359 511 2414 praecipuis
543 2356 670 2414 festis
702 2357 830 2402 iuxta
864 2359 1024 2402 Sotum
1060 2356 1333 2414 intelligitur
1363 2357 1418 2401 de
1451 2357 1598 2401 tribus
1635 2355 2036 2415 principalioribus

243 2439 611 2484 solemnitatibus
644 2439 670 2484 i.
704 2454 745 2485 e.
782 2440 950 2495 Natali,
987 2439 1206 2484 Paschate
1241 2444 1288 2484 et
1322 2443 1617 2496 Pentecoste;
1654 2439 1775 2483 unde
1799 2438 2029 2484 sententia

244 2523 376 2581 longe
409 2522 717 2578 communior,
754 2522 906 2567 subdit
938 2536 976 2567 s.
1006 2526 1188 2580 Doctor‚
1222 2523 1421 2567 affirmat
1454 2522 1721 2567 Sacerdotes
1753 2537 1845 2568 non
1879 2523 2031 2568 teneri

243 2606 297 2650 ad
332 2605 684 2660 celebrandum,
722 2604 807 2649 nisi
852 2607 923 2649 ter
956 2605 1031 2649 vel
1065 2607 1228 2663 quater
1267 2603 1313 2648 in
1347 2618 1486 2650 anno.
1539 2608 1594 2648 Et
1637 2605 1751 2650 haec
1797 2605 2027 2650 sententia

243 2694 311 2734 est
344 2689 595 2734 conformis
629 2692 819 2733 Decreto
845 2689 943 2732 Sac.
972 2691 1133 2745 Congr.
1161 2686 1350 2732 Concilii
1381 2687 1503 2732 edito
1526 2688 1684 2733 mense
1717 2702 1828 2734 nov.
1858 2689 1968 2734 1696
1991 2690 2030 2747 ²,

242 2772 318 2816 ubi
353 2771 518 2817 dicitur
550 2771 669 2831 quod
702 2770 777 2830 qui
812 2771 911 2815 sine
946 2770 1064 2815 iusta
1099 2784 1236 2815 causa
1282 2775 1353 2815 ter
1385 2771 1458 2816 vel
1501 2775 1664 2831 quater
1696 2770 1742 2816 in
1776 2786 1900 2817 anno
1932 2786 2029 2818 non

243 2855 494 2900 celebravit
531 2857 690 2913 peccat
722 2853 975 2899 mortaliter
1008 2857 1055 2898 et
1089 2857 1239 2912 potest
1270 2857 1329 2899 ab
1362 2854 1582 2914 Episcopo
1616 2854 1783 2915 puniri.

359 2975 369 2995 ¹
399 2976 438 3012 L.
465 2976 497 3019 6,
524 2979 632 3012 tract.
657 2974 690 3018 5,
717 2984 752 3013 n.
780 2974 837 3011 55.

359 3048 371 3065 ‘²
397 3047 507 3093 Apud
534 3047 798 3084 ΜοΝΑοΕιιυΜ
825 3057 860 3093 p.
888 3047 920 3092 1,
948 3047 1002 3083 tit.
1027 3045 1061 3090 5,
1089 3046 1194 3083 form.
1219 3044 1253 3091 9,
1279 3056 1314 3083 n.
1343 3046 1397 3083 15.
