2176 3386
214 148 294 187 408
858 163 968 192 PARS
998 164 1022 192 1.
1057 164 1114 192 DE
1143 164 1377 193 PERSONIS«

213 267 539 314 auctoritatem
572 283 625 314 ac
651 268 965 315 celebritatem
1000 271 1047 315 in
1082 273 1177 316 toto
1208 271 1328 316 Orbe
1361 271 1459 316 eius
1490 271 1750 317 sententiae
1775 286 1993 319 consecu-

214 353 288 396 tae
321 357 431 397 sunt
455 354 483 396 ¹.

335 438 504 480 Verum
540 451 645 481 cum
695 438 751 481 ob
799 438 1104 483 recentiorem
1147 451 1301 481 rerum
1351 437 1636 496 publicarum
1670 437 1993 492 eversionem,

215 521 407 563 Sanctae
441 519 565 563 Sedis
597 520 748 564 civilis
780 519 1063 578 principatus
1094 519 1273 564 ablatus
1306 519 1461 575 fuerit,
1497 519 1742 564 tribunalia
1766 519 1995 564 ordinaria

212 599 446 658 quiescere
478 605 744 660 coeperunt.
782 608 931 657 Quare
955 606 996 647 S.
1038 606 1178 647 Rotae
1211 601 1425 646 Tribunal
1466 616 1491 646 a
1527 604 1733 647 Romano
1780 600 2003 646 pontifice

217 686 335 726 Lone
370 686 466 728 XIII
499 683 769 728 adiunctum
794 689 863 729 est
885 685 941 729 ad
967 686 1007 728 S.
1040 684 1225 729 Rituum
1249 683 1658 742 Congregationem
1684 687 1734 727 ut
1756 696 1861 727 cum
1886 686 2002 726 voto

212 762 511 808 deliberativo
543 764 722 810 decidat
757 765 1051 823 collegialiter
1083 780 1135 810 ac
1169 765 1298 810 iuxta
1332 769 1403 811 SS.
1441 768 1519 811 LC.
1558 766 1730 823 stylum
1769 764 1995 823 quaestio-

214 859 295 889 nes
327 846 446 890 clrca
478 847 679 891 valorem
715 847 960 913 iuridicum
988 860 1280 905 processuum
1304 847 1380 906 qui
1405 848 1450 891 in
1475 846 1624 891 causis
1644 845 2006 891 beatificationis..

212 943 265 974 ac
297 931 676 977 sanctificationis
709 933 1035 977 conficiuntur.
1073 933 1375 986 Quaestiones
1408 933 1546 978 etiam
1572 933 1693 978 circa
1726 932 1997 991 praesertim

212 1013 600 1070 praeeminentias
632 1014 809 1075 aliaque
845 1016 958 1071 iura,
984 1016 1229 1075 aliquando
1252 1016 1503 1061 Cardinalis
1528 1018 1787 1061 Praefectus
1819 1019 1860 1061 S.
1882 1020 1996 1062 Con-

211 1095 488 1154 gregationis
541 1099 782 1143 Sacrorum
843 1099 1028 1144 Rituum
1070 1100 1126 1144 ad
1169 1103 1354 1144 Sacram
1411 1103 1664 1144 Romanam
1714 1103 1877 1144 Rotam
1928 1113 1996 1143 re·
2052 1086 2055 1090 ⁴

212 1179 370 1223 mittit.

750 1338 769 1383 ,ξ
794 1339 826 1374 2.
854 1358 894 1363 ——
926 1339 985 1375 De
1010 1340 1231 1386 Signatum
1266 1339 1456 1375 Iustitiae.

331 1468 431 1511 526.
470 1468 710 1526 Signatum
756 1470 959 1515 iustitiae
1000 1475 1069 1515 est
1105 1472 1332 1531 quoddam
1373 1471 1588 1516 Tribunal
1622 1484 1887 1529 supremum
1927 1472 1994 1516 in-

210 1549 422 1595 stitutum
447 1551 501 1595 ad
524 1552 819 1611 quaestiones
840 1553 1116 1599 decidendas
1148 1554 1268 1599 circa
1294 1567 1365 1599 res
1383 1553 1730 1609 ecclesiasticas,
1759 1555 1830 1599 vel
1853 1554 1995 1600 etiam

210 1632 256 1677 in
282 1636 410 1678 Statu
435 1634 666 1680 pontificis
689 1649 760 1681 res
784 1637 998 1694 profanas
1020 1638 1285 1682 tractandas
1306 1638 1337 1682 ².
1376 1638 1635 1682 Alexander
1652 1641 1708 1684 VI
1735 1652 1857 1683 anno
1884 1639 2001 1684 1492

210 1716 295 1762 hoc
315 1717 515 1763 tribuual
538 1732 562 1763 a
587 1719 827 1777 Signatura
852 1719 1026 1777 gratiae
1050 1721 1279 1765 distinxit.
1308 1725 1356 1766 In
1382 1720 1584 1777 Negotiis
1606 1720 1817 1765 civilibus
1839 1721 1997 1766 omnia

209 1799 470 1845 Tribunalia
494 1804 648 1845 Status
681 1815 773 1846 non
798 1803 999 1847 exclusis
1039 1807 1150 1848 Rota
1178 1807 1401 1858 Romana,
1422 1805 1609 1847 Camera
1634 1802 1906 1860 Apostolica,
1933 1802 1995 1848 Si-

208 1887 432 1940 gnaturae
467 1883 668 1929 iustitiae
701 1885 1030 1930 subdebantur.
1068 1886 1225 1940 Quoad
1250 1885 1439 1942 Negotia
1473 1884 1780 1930 ecclesiastica
1814 1889 1856 1931 S.
1881 1891 2001 1932 Con-

208 1971 495 2025 gregationes
528 1969 634 2014 huic
678 1969 908 2014 Tribunali
954 1984 1046 2014 non
1094 1970 1366 2015 subduntur.
1415 1973 1602 2015 Constat
1648 1970 1733 2014 hoc
1780 1970 1997 2016 Tribunal

208 2064 266 2094 ex
299 2051 525 2096 Cardinali
560 2054 794 2098 Praefecto
845 2067 898 2097 ac
932 2053 1135 2111 pluribus
1170 2053 1388 2097 Praelatis
1419 2053 1495 2112 qui
1530 2052 1748 2097 dicuutur
1782 2057 2003 2099 votantes.

207 2133 487 2190 signaturae‚
523 2134 712 2194 aliisque
745 2136 1084 2181 referendariis.

753 2325 771 2370 ξ
797 2326 830 2361 3.
862 2347 901 2350 —-
932 2326 991 2362 De
1018 2326 1239 2372 Signatum
1266 2326 1438 2362 Gratiae.

328 2442 426 2486 527.
465 2442 707 2500 Signatura
741 2443 926 2489 Gratiae
964 2448 1032 2488 est
1079 2443 1295 2488 Tribunal
1328 2444 1469 2502 ipsius
1505 2443 1697 2489 Romani
1734 2443 1991 2499 pontificis,

205 2540 295 2586 quo
328 2525 500 2584 gratiae
533 2527 929 2572 extraordinariae
962 2528 1283 2572 conceduntur
1314 2529 1454 2573 etiam
1488 2528 1534 2572 in
1570 2529 1703 2573 rebus
1732 2528 1992 2573 contentio-

205 2609 266 2655 sis
299 2610 344 2654 in
379 2609 544 2669 quibus
577 2612 783 2668 Supremi
820 2611 1056 2656 Pontificis
1094 2612 1345 2656 auctoritas
1377 2612 1642 2671 requiritur,
1679 2611 1823 2657 veluti
1856 2612 1892 2656 si
1926 2613 1990 2657 fa-

205 2694 352 2738 cultas
385 2694 641 2751 appellandi
676 2693 970 2752 impertiatur
1004 2694 1049 2738 in
1085 2708 1138 2739 ea
1171 2708 1308 2739 causa
1342 2694 1388 2739 in
1421 2709 1510 2754 qua
1532 2694 1774 2753 appellatio
1797 2708 1890 2739 non
1914 2696 1995 2740 ad·

206 2775 422 2821 mittitur.
459 2776 523 2820 Ad
549 2775 839 2834 Signaturam
866 2776 1039 2833 gratiae
1072 2778 1144 2821 cui
1181 2781 1360 2835 praeest
1392 2776 1486 2836 ipse
1520 2781 1572 2822 R.
1611 2776 1821 2821 Pontifex
1855 2775 1996 2834 perti-

323 2960 333 2979 ²
362 2960 415 2997 Dr:
441 2961 544 2996 Lucii
571 2960 684 2996 Relat.
712 2961 793 2998 Cur.
823 2971 854 3005 p.
883 2961 915 3005 2,
942 2961 1031 2998 disc.
1057 2961 1114 3006 22
1142 2962 1196 2998 Dr:
1222 2962 1323 2998 LucA
1350 2960 1620 2997 Praelectiones
1652 2961 1687 2996 h.
1711 2960 1806 2997 loco.

325 3032 336 3050 ²
363 3032 433 3071 Cfr.
458 3033 513 3069 Dr.
532 3033 635 3069 Lucx
664 3043 722 3079 op.
749 3033 821 3076 cit„
849 3033 941 3070 disc.
969 3033 1026 3070 51.
