2176 3386
203 167 284 208 388
405 206 409 210 ,
843 183 955 214 PARS
983 185 1009 214 1.
1045 185 1102 214 DE
1130 185 1343 216 PERSONIS

709 315 727 362 5
753 318 786 353 4.
812 337 860 342 —
883 317 943 354 De
969 318 1146 365 Capituli
1172 319 1471 356 convocatione.

323 423 427 468 492.
454 424 666 481 Superest
687 426 740 467 ut
760 423 815 467 de
837 423 1031 481 Capituli
1055 423 1390 469 convocatione
1412 439 1616 483 agamus.
1648 427 1713 472 Ad
1737 432 1982 489 utrumque

206 508 345 553 finem
378 506 594 553 servandi
626 507 1028 567 amplificandique
1051 509 1202 553 cultus
1226 508 1304 553 Dei
1327 513 1373 554 et
1396 524 1549 556 rerum
1571 511 1983 560 administrationis

206 590 405 635 tuendae
437 604 490 635 ac
525 590 848 645 moderandae,
883 590 1074 649 cogendi
1097 595 1222 646 sunt,
1248 606 1396 651 neque
1430 593 1516 638 1106
1549 608 1667 650 raro,
1703 596 1983 656 capitulares

206 678 482 719 conventus.
521 678 581 718 De
613 674 777 733 quibus
809 675 1122 719 communiter
1153 680 1395 733 statutum,
1421 683 1472 721 ut
1495 692 1588 723 non
1623 679 1880 725 habeantur
1911 681 1983 726 die

207 760 321 804 festo
346 760 377 814 ¹,
413 773 565 817 neque
597 763 806 817 tempore
838 773 927 818 quo
961 758 1118 804 divina
1151 761 1477 819 persolvuntur
1508 762 1671 807 officia.

328 847 464 887 Porro
496 843 531 886 si
564 856 653 901 qua
684 842 879 887 difficilis
911 841 1176 888 deliberatio
1221 844 1424 901 expediri
1458 845 1771 904 capitulariter
1801 848 1980 905 debeat,

205 930 515 984 opportunum
559 926 662 981 erit,
698 931 749 970 ut
781 926 818 970 is
850 925 926 985 qui
965 925 1223 985 Capitulum
1270 927 1500 972 indicendi
1534 928 1604 974 ius
1640 930 1837 987 obtinet,
1873 933 1982 977 dum

204 1009 538 1068 Capitularibus
573 1014 755 1068 tempus
787 1009 1014 1068 significat
1055 1013 1110 1055 ad
1149 1011 1270 1070 quod
1304 1011 1538 1068 indicitur,
1585 1012 1811 1070 significet
1841 1014 1982 1059 etiam

204 1107 320 1151 quae
353 1092 661 1138 conxeniendi
694 1092 753 1137 sit
784 1093 900 1138 ratio
934 1099 980 1138 et
1002 1107 1151 1139 causa.

324 1175 402 1220 His
433 1180 588 1221 autem
621 1176 876 1234 generatim
904 1177 1181 1235 praemissis,
1209 1178 1469 1223 notandum
1493 1182 1577 1234 est,
1604 1178 1674 1223 ius
1695 1178 1983 1223 convocandi

204 1259 462 1318 Capitulum
506 1260 562 1304 ad
598 1259 792 1318 primam
833 1260 1038 1306 eiusdem
1082 1261 1354 1319 dignitatem
1401 1261 1646 1321 pertinere.
1692 1265 1838 1321 Atque
1871 1262 1983 1306 haec

204 1343 398 1387 facultas
431 1343 569 1387 libera
604 1348 673 1387 est
709 1348 846 1403 atque
882 1344 1196 1402 independens
1240 1345 1297 1389 ab
1334 1345 1568 1404 Episcopo,
1610 1345 1696 1389 nisi
1736 1349 1898 1403 agatur
1928 1345 1983 1389 de

205 1425 339 1470 rebus
372 1439 558 1471 mensae
591 1427 858 1486 episcopalis
889 1432 936 1472 et
969 1428 1023 1472 de
1048 1428 1182 1472 rebus
1206 1427 1252 1472 in
1286 1428 1450 1488 quibus
1476 1428 1719 1487 Episcopus
1751 1429 1878 1473 iuxta
1915 1442 1983 1473 sa·

205 1523 305 1553 cros
344 1513 552 1555 Canones
593 1510 851 1568 Capitulum
894 1511 1050 1556 audire
1084 1515 1270 1556 tenetur
1293 1512 1323 1556 2.
1379 1513 1620 1557 Limitatur
1652 1517 1807 1557 tamen
1849 1512 1895 1556 in
1930 1526 1983 1557 eo

204 1595 322 1651 quod
356 1593 615 1651 Capitulum
653 1594 922 1653 Episcopum
947 1595 1190 1640 certiorem
1215 1596 1366 1640 facere
1398 1595 1533 1640 debet
1563 1599 1610 1640 et
1640 1595 1874 1640 licentiam
1914 1610 1982 1640 ro-

205 1690 328 1734 gare,
363 1678 399 1721 si
432 1678 715 1723 consuetudo
750 1678 970 1737 Episcopo
1002 1679 1199 1724 assistat.

325 1763 537 1806 Ceterum
571 1760 617 1805 in
651 1762 866 1806 omnibus
898 1763 1089 1820 Capituli
1114 1762 1523 1807 deliberationibus
1552 1776 1604 1807 ac
1634 1762 1911 1807 nominatim
1935 1762 1983 1807 in

203 1843 520 1900 electionibus,
540 1846 821 1889 servandum
847 1851 897 1889 ut
919 1845 1247 1904 Capitularium
1272 1846 1466 1905 quisque
1485 1846 1742 1890 libertatem
1768 1845 1979 1890 retineat.

203 1926 430 1986 Quidquid
453 1932 607 1972 autern
643 1927 788 1972 maior
810 1929 1146 1974 Canonicorum
1173 1943 1226 1974 eo
1249 1929 1320 1973 die
1341 1933 1725 1987 congregatorum
1749 1942 1852 1987 pars
1873 1942 1982 1972 con-

202 2009 421 2066 stituerit,
467 2010 652 2056 firmum
691 2011 779 2056 erit.
819 2016 957 2070 atque
997 2013 1251 2057 decretum.
1290 2016 1395 2070 Cap.
1434 2016 1451 2057 Ι
1490 2014 1599 2056 Cum
1632 2015 1683 2056 in
1722 2015 1899 2056 cunctis
1928 2012 1983 2056 de

203 2092 273 2138 his
304 2108 420 2152 quae
455 2093 570 2138 liunt
602 2108 626 2138 a
662 2094 766 2139 mai.
800 2099 926 2153 parte
959 2098 1063 2152 Cap.
1109 2094 1336 2152 Quidquid
1372 2109 1482 2139 vero
1516 2109 1607 2139 non
1646 2095 1783 2139 fuerit
1812 2095 1858 2139 in
1894 2094 1979 2139 isto

203 2189 419 2221 consessu
452 2177 538 2222 1106
562 2178 695 2222 1110ᾱο
729 2182 973 2233 statutum,
1016 2177 1197 2221 irritum
1222 2178 1324 2222 erit.
1361 2178 1446 2231 Qui
1480 2192 1591 2224 vero
1626 2178 1831 2237 Capitulo
1875 2183 1984 2222 sunt

203 2272 228 2303 a
260 2259 464 2315 secretis,
500 2259 597 2305 eius
628 2266 731 2305 acta
764 2260 1006 2319 diligenter
1039 2261 1250 2319 excipere
1295 2261 1463 2306 debent
1495 2266 1776 2320 actuumque
1810 2260 1983 2319 capitu-

202 2343 366 2388 larium
402 2348 611 2389 tenorem
643 2344 756 2389 libro
780 2345 1087 2389 committere.

943 2503 1175 2532 ARTICULUS
1210 2504 1254 2532 ΙΙ.

557 2586 683 2637 Quae
721 2584 923 2641 Capituli
944 2585 1259 2641 Diynitatum,
1290 2586 1635 2628 Personatuum

729 2673 770 2711 et
807 2667 1074 2727 officioram
1110 2669 1310 2724 propria
1342 2669 1450 2711 sint.

321 2783 423 2827 495.
454 2782 823 2827 praenotandum
847 2786 916 2826 est
937 2781 1057 2840 quod
1081 2781 1295 2838 dignitas,
1323 2783 1595 2839 personatus
1616 2783 1661 2824 et
1684 2778 1884 2825 officium
1912 2778 1981 2842 in-

202 2869 274 2910 ter
304 2877 351 2909 se
373 2863 605 2909 differunt.
646 2864 850 2922 Dignitas
872 2863 998 2908 enim
1023 2867 1092 2907 est
1116 2862 1482 2920 praeeminentia
1511 2876 1615 2908 cum
1647 2861 1976 2906 iurisdictione.

322 2997 332 3016 ¹
361 2998 395 3034 S.
423 2997 556 3043 Congr.
583 2997 693 3033 conc.
722 2996 759 3032 in
785 2997 939 3033 Meliten.
969 2994 1083 3036 1602;
1110 2995 1149 3031 in
1175 2994 1370 3031 Adrianen.
1400 2994 1502 3031 1622.

322 3069 334 3088 ¹
361 3070 439 3106 Sao.
468 3069 602 3115 Congr.
627 3069 737 3106 Cone.
763 3067 811 3106 ²0
836 3069 908 3105 ian.
937 3066 1040 3104 1858.
