2176 3386
268 246 349 286 210
894 255 1016 285 PARS.
1047 256 1071 284 1.
1102 256 1159 284 DE
1187 255 1399 284 pansoms

269 364 355 409 nisi
391 364 562 409 fuerint
593 368 825 422 exempta.
863 363 984 408 Talia
1017 368 1127 408 sunt
1161 363 1457 418 Monasteria,
1482 362 1708 409 Coenobia
1743 364 2051 422 Regularium,

268 449 364 493 loca
399 462 517 507 quae
550 448 634 492 sub
657 446 923 492 immediata
960 450 1134 504 Regum
1168 444 1454 504 protectione
1476 449 1602 501 sunt,
1626 445 1794 505 quique
1830 451 1973 505 Reges
2003 448 2051 494 in

268 531 428 576 limine
476 531 721 577 erectionis
764 533 881 576 hanc
924 529 1210 576 obtinuerint
1257 528 1657 588 protectionem¹,
1693 530 1904 575 similiter
1942 531 2051 576 talia

268 619 377 659 sunt
408 614 505 659 loca
541 614 626 659 hac
667 614 867 658 clausula
901 612 1212 670 exemptionis
1245 613 1453 667 fundata,
1488 613 1606 672 quod
1640 617 1798 658 tamen
1839 628 1931 658 non
1971 628 2050 659 ex·
2095 669 2099 674 ⁵

267 698 411 743 cludit
444 699 488 742 ln
527 698 744 756 Episcopo
784 697 853 741 ius
892 695 1188 754 inspectionis
1232 695 1410 740 ratione
1457 695 1871 741 administrationis
1897 697 1938 753 2;
1976 696 2054 741 ho-

268 781 446 840 spitalia
471 785 516 824 et
537 781 624 825 alia
658 781 755 824 loca
782 778 987 836 religiosa
1011 778 1225 822 ordinum
1263 777 1531 823 militarium
1564 792 1616 822 ac
1640 777 1986 836 hospitaliorum
2011 779 2046 822 ⁸.

269 869 383 910 Loca
427 868 583 908 autem
620 863 688 921 pia
731 863 829 907 sine
867 863 1188 921 Episcoporum
1222 861 1496 906 auctoritate
1529 866 1706 917 erecta,
1741 861 1924 906 etiamsi
1952 861 2050 920 Epi·

266 962 508 1006 scoporum
544 946 798 992 visitationi
844 960 935 990 non
976 946 1304 1001 subiiciantur,
1341 950 1496 989 tamen
1534 946 1778 1004 Episcopus
1812 946 1880 989 ius
1913 945 2054 990 habet

267 1031 445 1076 visendi
484 1044 542 1075 an
579 1030 833 1074 fundatoris
868 1031 1082 1073 voluntas
1114 1032 1353 1084 servetur,
1389 1042 1442 1073 ac
1476 1028 1592 1072 bona
1627 1028 1755 1073 iuxta
1794 1028 2053 1073 fundatoris

268 1113 577 1159 intentionem
611 1113 899 1172 applicentur
920 1128 974 1158 ac
995 1113 1198 1172 quolibet
1224 1126 1348 1157 anno
1381 1111 1792 1158 administrationis
1819 1111 2048 1157 rationem

265 1198 524 1257 excipiendi
560 1198 629 1241 ius
662 1197 798 1241 habet
822 1196 853 1240 ⁴.

388 1282 488 1325 269.
528 1280 592 1325 Ad
615 1280 713 1324 loca
738 1278 809 1337 pia
835 1280 1037 1336 profecto
1059 1277 1294 1336 pertinent
1317 1277 1584 1322 Seminaria.
1610 1277 1873 1337 Antiquitus
1895 1279 2048 1324 clerici

265 1365 311 1408 in
346 1363 599 1422 gymnasiis
624 1361 985 1407 instituebantur
1016 1375 1132 1420 quae
1166 1362 1283 1419 apud
1319 1361 1541 1406 Ecclesias
1563 1361 1852 1406 Cathedrales
1884 1365 1930 1406 et
1952 1363 2047 1408 Col—

266 1447 454 1505 legiatas
487 1451 638 1491 erecta
673 1449 826 1502 erant3
863 1444 1116 1502 gymnasiis
1150 1444 1422 1489 Academiae
1455 1445 1635 1489 saeculo
1658 1444 1707 1488 80
1730 1448 2050 1490 successerunt

264 1532 410 1576 donec
444 1531 762 1575 'tridentinum
787 1529 1042 1574 Concilium
1068 1529 1081 1552 ⁵
1115 1528 1368 1573 Seminaria
1406 1527 1620 1585 erigenda
1668 1528 1888 1573 decrevit.
1941 1528 2047 1582 Qui-

264 1618 375 1662 libet
402 1616 645 1675 Episcopus
668 1629 800 1659 suum
825 1615 988 1659 saltem
1024 1612 1324 1658 seminarium
1369 1613 1535 1656 habere
1573 1612 1733 1669 debet;
1770 1612 1806 1656 si
1839 1611 1926 1656 alia
1954 1613 2048 1657 sint

265 1700 311 1744 in
346 1699 559 1747 dioecesi,
597 1698 708 1742 haec
742 1698 798 1741 ab
831 1697 905 1741 illo
943 1696 987 1740 in
1023 1695 1237 1740 omnibus
1277 1695 1474 1752 pendere
1507 1694 1690 1738 debent.
1737 1693 2045 1739 Seminarium

267 1795 517 1840 pauperum
563 1780 677 1824 lilios
710 1779 876 1838 accipit
908 1793 961 1823 ac
994 1778 1133 1836 gratis
1171 1778 1267 1832 alit⁷
1308 1776 1506 1821 divitum
1546 1775 1624 1820 filii
1657 1775 1968 1820 admittuntur
1999 1781 2046 1820 at

262 1865 355 1910 suis
378 1864 593 1922 expensis
615 1865 817 1908 aluntur.
856 1862 1184 1907 Seminaristae
1218 1861 1383 1905 aetatis
1406 1860 1498 1905 sint
1520 1861 1681 1904 saltem
1720 1861 1770 1904 12
1794 1873 2044 1913 annorum,

266 1944 467 2004 legitime
510 1943 636 1998 nati,
671 1943 821 1986 sciant
864 1943 1011 2000 legere
1055 1955 1107 1985 ac
1147 1941 1377 1994 scribere,
1413 1954 1466 1984 ac
1499 1938 1602 1983 talis
1635 1939 1799 1983 indolis
1833 1943 1882 1982 ut
1915 1951 2043 1996 spem

263 2029 509 2074 exhibeant
542 2040 589 2071 se
622 2025 932 2070 ecclesiastico
968 2023 1223 2068 ministerio
1257 2022 1560 2067 inservituros
1599 2034 1712 2066 esse.
1765 2019 1958 2065 Admissi
1997 2020 2043 2063 in

264 2111 520 2158 Seminario
564 2108 759 2167 primam
808 2113 1046 2152 tonsuram
1082 2107 1306 2165 recipiant
1338 2121 1391 2151 ac
1423 2106 1682 2151 clericalem
1731 2105 1937 2150 habitum
1977 2104 2045 2149 in-

263 2195 425 2239 duunt.
462 2196 649 2238 Caetera
682 2205 798 2251 quae
833 2189 1086 2234 seminaria
1120 2189 1371 2247 respiciunt
1405 2188 1449 2233 in
1484 2188 1597 2233 libro
1629 2188 1684 2232 de
1720 2190 1868 2232 Rebus
1907 2202 2046 2245 expo-

264 2291 443 2322 nemus.

383 2362 483 2405 270.
519 2359 676 2414 Quoad
708 2357 1011 2403 alienationes
1043 2371 1159 2416 quae
1194 2361 1423 2400 vocantur
1456 2357 1680 2400 bonorum
1713 2354 2044 2400 ecclesiastico-

264 2459 385 2500 rum,
409 2457 525 2502 quae
558 2442 740 2502 quidem
778 2441 968 2485 materia
992 2440 1246 2500 quotidiani
1281 2444 1351 2484 est
1383 2452 1507 2494 usus,
1532 2453 1556 2483 a
1583 2439 1810 2497 proposito
1839 2439 2042 2483 alienum

263 2540 385 2570 none
408 2525 468 2569 rit
500 2538 643 2583 pauca
668 2523 740 2568 hic
764 2523 981 2567 inserere.
1021 2527 1073 2566 Et
1106 2522 1251 2580 primo
1274 2522 1457 2581 quidem
1483 2522 1529 2566 in
1556 2522 1639 2566 hac
1675 2520 1865 2566 materia
1899 2521 2043 2566 eccle·

263 2608 340 2653 siis
372 2607 618 2652 admodum
654 2605 913 2660 favorabili,
949 2605 1167 2650 ecclesiae
1203 2605 1389 2650 nomine
1423 2603 1743 2662 intelliguntur
1776 2604 1871 2648 loca
1906 2616 2043 2662 quae-

262 2706 368 2737 cum
402 2705 489 2750 que
523 2691 594 2748 pia
627 2690 683 2734 ad
711 2689 785 2733 Dei
820 2690 995 2734 cultum
1029 2689 1102 2733 vel
1135 2687 1330 2732 salutem
1367 2686 1656 2742 animarum,
1695 2687 1765 2730 vel
1798 2699 2041 2743 aegrorum

383 2827 392 2845 ¹
421 2827 517 2863 Trid.
546 2826 643 2863 Sess.
671 2825 728 2870 25,
755 2834 834 2870 cap.
861 2825 893 2868 9,
921 2824 965 2860 de
993 2824 1155 2860 Reform.

381 2898 394 2917 ²
421 2898 517 2934 Trid.
545 2897 626 2933 loco
652 2899 712 2934 cit.

381 2967 394 2987 ³
420 2968 518 3004 Trid.
546 2968 614 3004 loc.
642 2967 701 3003 cit.

380 3040 393 3059 ⁸
420 3039 598 3085 Arguitur
624 3049 670 3075 ex
697 3048 775 3084 cap.
802 3037 824 3074 9
851 3037 947 3074 Trid.
973 3038 1033 3075 cit.

381 3112 394 3131 ¹⁵
420 3112 517 3148 Sess.
544 3110 601 3147 25.
629 3120 708 3156 cap.
738 3110 791 3149 18.
818 3109 863 3146 de
889 3110 1047 3146 Reform.
