2176 3386
233 175 310 215 160
874 187 983 216 PARS
1012 187 1038 216 1.
1072 188 1129 215 DE
1159 187 1370 216 Pensoms

234 305 326 337 non
361 291 562 350 gaudent
593 306 646 336 ea
679 291 993 337 iurisdictione
1034 306 1151 352 quae
1189 307 1420 338 canonum
1469 294 1767 354 dispositione
1814 295 2015 354 pertinet

235 375 291 419 ad
324 375 570 433 Episcopos
601 375 868 421 Ordinarios
902 390 1051 435 neque
1083 390 1135 420 ea
1168 390 1258 435 qua
1300 377 1505 436 Episcopi
1549 378 1777 422 ordinarii
1816 379 2017 437 gaudent

236 458 301 502 uti
340 458 532 516 delegati
571 458 855 516 Apostolicae
899 459 1038 504 Sedis.
1090 459 1208 503 Hinc
1253 464 1482 517 negantur
1517 460 1707 506 Vicariis
1748 463 2018 520 Apostolicis

238 541 480 586 facultates
526 554 643 599 quae
695 540 928 599 pertinent
971 540 1027 585 ad
1079 540 1321 599 Episcopos
1368 540 1432 586 uti
1472 542 1702 600 delegatos
1734 543 2018 602 Apostolicae

240 624 364 670 Sedis
397 626 443 669 in
480 624 738 681 Regulares.
792 628 887 668 Imo
919 624 1204 668 declaratum
1237 629 1307 669 est
1337 626 1456 684 quod
1491 625 1538 670 in
1574 626 1753 684 proprio
1787 626 2018 672 vicariatu

240 707 407 752 vicarii
443 707 688 765 Apostolici
735 707 802 750 uti
848 720 938 751 non
985 707 1159 764 possint
1192 707 1277 751 nisi
1318 708 1613 752 facultatibus
1645 723 1761 768 quae
1795 709 1881 754 illis
1912 724 2019 755 con-

240 805 394 836 cessae
434 794 542 835 sunt
574 804 598 834 a
633 790 745 834 Sede
779 789 1051 847 Apostolica.
1101 790 1347 843 Quaeritur
1387 805 1446 835 an
1482 791 1634 836 vocari
1679 793 1853 850 possint
1892 793 2020 838 Ordi-

242 874 387 919 narii‘?
424 873 693 918 Benedictus
728 875 823 917 ΚΝ
859 872 1092 916 vicarium
1119 873 1426 931 Apostolicum
1461 875 2019 932 constantinopolitanum

243 962 493 1002 vocaverat
531 958 844 1001 ordinarium
873 957 909 1000 ¹:
950 970 1110 1000 verum
1146 957 1397 1002 videndum
1431 963 1500 1003 est
1531 972 1589 1002 an
1626 959 1788 1003 Bened.
1815 962 1911 1004 XlV
1942 963 2022 1005 Or-

242 1041 472 1084 dinarium
507 1039 633 1084 illum
669 1039 908 1084 vocaverit
940 1038 1044 1098 quia
1079 1039 1230 1085 locum
1267 1044 1394 1084 tenet
1429 1039 1716 1086 Pati-iarcllae
1750 1041 1879 1086 latini
1911 1045 2023 1088 Con-

243 1122 642 1180 stantinopolitani
677 1121 734 1166 ab
769 1122 1039 1167 Innocentio
1075 1126 1129 1167 lll
1164 1122 1434 1177 constituti,
1473 1123 1543 1166 vel
1587 1129 1770 1181 propter
1808 1124 2026 1182 speciales

245 1205 447 1250 rationes
470 1205 627 1249 favore
652 1204 818 1249 Vicarii
847 1204 1088 1262 Apostolici
1124 1205 1633 1263 constantinopolitani.
1669 1210 1717 1250 ln
1735 1209 1892 1264 primo
1914 1221 2026 1252 casa

245 1301 406 1332 omnes
443 1291 491 1331 V.
531 1286 774 1345 Apostolici
809 1292 963 1331 essent
999 1287 1194 1331 vocandi
1234 1289 1487 1332 Ordinczrii
1521 1288 1599 1347 qui
1632 1288 1678 1332 in
1713 1288 1901 1333 Sedibus
1934 1289 2026 1333 iam

249 1369 413 1414 erectis
445 1374 792 1414 successerunt:
846 1369 891 1412 in
926 1371 1127 1414 sectando
1164 1384 1276 1414 casa
1313 1375 1433 1414 esset
1480 1370 1769 1428 privilegium
1803 1371 1922 1415 illius
1957 1370 2028 1414 vi-

247 1452 358 1497 carii
399 1451 657 1509 ⁴apostolici.
710 1456 922 1498 Ceterum
961 1452 1127 1497 Vicarii
1172 1453 1414 1510 Apostolici
1461 1452 1690 1498 Ordinarii
1726 1453 1881 1498 vocari
1931 1467 2027 1512 pos-

248 1540 368 1591 sent,
405 1549 496 1579 non
530 1535 635 1594 quia
670 1536 842 1580 habent
876 1541 1147 1593 potestatem
1184 1536 1481 1592 ordinariam,
1508 1537 1582 1580 sed
1607 1536 1711 1596 quia
1745 1536 2029 1595 delegatione

250 1618 295 1663 in
331 1633 496 1676 genere
530 1632 581 1662 ea
616 1619 710 1663 fere
743 1618 899 1663 omnia
933 1633 1066 1677 agere
1101 1624 1291 1677 possunt
1329 1634 1444 1678 quae
1488 1625 1636 1678 potest
1681 1620 1924 1678 Episcopus
1954 1624 2032 1665 Or-

250 1702 479 1757 dinarius,
517 1704 586 1747 x‘el
622 1704 759 1747 etiam
794 1703 900 1762 quia
943 1717 1035 1747 non
1071 1704 1205 1748 modo
1238 1703 1605 1748 extraordinario
1637 1704 1714 1748 sed
1748 1705 1881 1750 modo
1914 1705 2031 1750 ordi-

252 1786 382 1830 nario
432 1785 792 1831 iurisdictionem
832 1786 879 1830 in
916 1786 1148 1831 Vicariatu
1200 1791 1435 1831 exercent.
1490 1791 1543 1831 Et
1583 1801 1724 1843 sane,
1761 1787 1807 1831 in
1855 1787 2033 1833 Litteris

252 1868 510 1926 Encyclicis
538 1871 700 1913 Sacrae
732 1872 949 1927 Congreg.
975 1870 1126 1915 Sancti
1152 1869 1299 1914 officii
1332 1871 1404 1915 die
1438 1873 1494 1916 20
1517 1871 1620 1916 Feb.
1653 1871 1763 1915 1888
1789 1872 1803 1894 2
1838 1873 2034 1916 refertur

252 1953 371 2011 quod
408 1956 641 1996 Romanus
677 1952 887 1997 Pontifex
926 1953 1084 1997 sanxit
1118 1953 1483 2012 dispensationes
1516 1954 1879 1999 matrimoniales
1911 1969 2033 2001 com·

254 2035 504 2079 mittendas
553 2049 650 2080 esse
691 2040 926 2080 oratorum
975 2036 1218 2081 Ordinario
1252 2038 1325 2081 vel
1357 2037 1600 2082 Ordinario
1642 2038 1726 2082 loci
1764 2042 1811 2082 et
1841 2040 2034 2097 appella·

254 2118 380 2162 tione
413 2118 642 2162 ordinarii
680 2118 890 2176 intelligit
934 2119 1190 2177 Episcopos,
1228 2119 1649 2175 Adininistratores,
1688 2120 1888 2166 vicarios
1922 2124 2034 2181 Apo-

257 2200 456 2255 stolicos‚
497 2203 753 2246 Praefectos
786 2207 874 2247 etc.

412 2339 454 2382 b)
483 2360 522 2362 —
552 2340 611 2375 De
636 2340 756 2376 modo
783 2352 860 2387 (1110
887 2341 1100 2387 acquirunt
1127 2340 1274 2377 Vicarii
1301 2341 1521 2387 Apostolici
1548 2341 1877 2377 iurisdictionem.

379 2450 477 2493 212.
518 2453 566 2494 ln
600 2450 710 2495 locis
743 2451 788 2495 in
822 2452 987 2510 quibus
1026 2452 1266 2498 missiones
1308 2453 1599 2498 concreditae
1644 2458 1752 2498 sunt
1794 2454 2039 2499 Ordinibus

262 2533 559 2590 Regularibus
582 2535 653 2578 vel
679 2534 901 2579 institutis
938 2535 1280 2592 Ecclesiasticis,
1306 2536 1513 2594 superior
1538 2536 1722 2581 Ordinis
1741 2538 1813 2581 vel
1839 2537 2038 2582 [nstituti

262 2615 529 2661 candidatos
564 2618 776 2675 proponit
819 2619 917 2663 Sedi
967 2619 1248 2677 Apostolicae
1296 2620 1426 2664 cuius
1473 2625 1542 2664 est
1590 2619 1711 2664 inter
1757 2625 2040 2677 presentatos

264 2699 451 2757 eligere:
498 2714 629 2745 secus
675 2701 837 2747 electio
872 2703 1038 2748 Vicarii
1088 2703 1331 2761 Apostolici
1381 2703 1431 2748 lit
1478 2703 1743 2753 immediate
1775 2717 1799 2747 a
1835 2708 2041 2749 Romano

266 2782 485 2828 Pontilice
517 2784 703 2841 praevia
737 2787 1075 2831 consultatione
1114 2790 1276 2832 Sacrae
1309 2787 1685 2845 Congregationis
1727 2790 1855 2845 Prop.
1893 2786 2037 2832 Fidei:

386 2969 394 2988 ¹
424 2969 474 3005 Cf.
500 2970 649 3006 Ζῐτιῑιω
675 2980 731 3016 ap.
760 2970 794 3006 h.
823 2975 845 3008 t.

385 3040 399 3060 ²
425 3041 575 3078 Collect.
602 3051 637 3077 n.
667 3040 767 3078 1472.
