2176 3386
231 157 311 197 386
873 169 984 198 PARS
1012 170 1038 198 1.
1072 169 1129 198 DE
1157 168 1369 199 Pl-:nsoms

233 277 599 334 consuetudine,
650 278 732 323 vel.
768 279 969 335 statutis,
1004 279 1216 337 dignitati
1250 279 1458 325 taxative
1490 279 1737 325 inhaerent
1763 281 1796 337 ¹,
1830 281 1910 327 sed
1941 283 2011 327 ius

234 361 405 406 habent
434 361 491 406 ad
524 361 839 420 recipiendum
871 367 1110 422 tamqnam
1144 367 1423 421 praesentes,
1459 367 1560 408 tum
1593 378 1755 410 omnes
1787 365 2008 424 praeben-

232 443 317 488 dae
350 444 543 500 fructus,
577 448 675 488 tum
700 443 839 488 etiam
863 443 1210 489 distributiones
1231 443 1412 503 aliaque
1434 445 1747 491 emolumenta
1769 460 1886 506 quae
1910 461 2008 505 per·

232 526 411 585 cipiunt
443 527 603 586 reliqui
637 528 860 582 chorale5‚
895 527 1101 584 exceptis
1132 526 1529 588 distributionibus
1559 542 1677 588 quae
1718 529 1840 574 inter
1883 543 2009 588 prae-

233 617 386 656 sentes
418 611 650 666 dicuntur,
686 610 868 669 quando
904 614 1059 655 tamen
1102 611 1252 655 obstet
1292 610 1635 668 disponentium
1677 613 1906 658 voluntas.
1960 618 2007 658 [n

234 693 547 738 functionibus
581 708 690 738 vero
724 692 914 738 omnino
946 693 1216 738 adventitiis
1238 694 1454 739 standum
1478 694 1804 753 capitularibus
1825 695 2010 741 statutis

234 778 307 822 vel
341 776 662 823 consuetudini
687 777 718 820 2.
755 775 1017 831 Coadiutus,
1055 776 1140 821 nisi
1174 777 1313 821 choro
1348 777 1545 833 intersit,
1588 777 1743 823 omnia
1767 792 1847 835 per
1877 780 2008 822 coad-

234 862 428 907 iutorem
466 863 668 905 lucratur
703 860 888 918 perinde
921 861 1049 919 quasi
1084 859 1136 916 is,
1174 874 1264 905 non
1300 861 1394 918 ipse
1427 861 1683 905 Canonicus
1724 866 1873 917 esset,
1910 861 2010 906 ideo

233 945 268 989 si
304 951 494 1004 uterque
528 944 742 999 abfuerit,
779 958 871 988 non
907 943 1149 1002 inspicitur
1180 948 1336 988 utrum
1369 943 1624 999 coadiutus,
1654 945 1731 989 sed
1756 948 1911 990 utrum
1935 959 2009 990 co-

234 1028 415 1073 adiutor
447 1043 503 1072 ex
539 1028 741 1086 legitima
775 1041 911 1071 causa
945 1027 1079 1071 absit.

354 1115 469 1157 Sunt
500 1117 655 1156 autem
692 1117 783 1155 tres
817 1123 997 1155 menses
1028 1109 1191 1169 quibus
1223 1109 1457 1174 Canoniciq
1482 1125 1535 1155 ac
1579 1111 1840 1156 Beneficiati
1885 1116 2009 1157 certo

235 1198 355 1242 inter
387 1212 433 1242 se
466 1196 625 1241 ordine
653 1195 968 1240 xacationibus
992 1196 1224 1250 fruuntur,
1249 1196 1498 1240 dummodo
1520 1210 1679 1240 earum
1707 1195 2010 1240 Ecclesiarum

234 1280 595 1327 Constitutiones
627 1279 804 1336 longius
836 1278 1013 1323 servitii
1051 1284 1230 1336 tempus
1264 1293 1356 1323 non
1391 1279 1629 1337 requirant
1652 1278 1682 1323 ⁸.

354 1365 508 1409 Trium
544 1362 773 1407 mensium
807 1362 1006 1420 spatium
1039 1361 1242 1420 superari
1279 1376 1369 1407 non
1404 1366 1582 1421 potest,
1628 1362 1714 1406 nisi
1755 1361 1875 1422 adsit
1904 1376 2008 1419 apo-

234 1448 392 1493 stolica
427 1448 635 1502 facultas,
672 1446 852 1491 etiamsi
886 1446 1169 1491 consuetudo
1201 1446 1431 1505 quaelibet
1463 1446 1693 1491 contraria
1732 1445 1952 1490 existeret
1978 1445 2005 1489 '·.

234 1532 460 1577 Beneficio
494 1546 604 1577 vero
638 1531 778 1575 trium
813 1530 1042 1575 mensium
1078 1530 1143 1574 uti
1181 1535 1369 1589 possunt
1400 1530 1540 1574 etiam
1577 1544 1654 1588 per
1685 1529 1781 1574 dies
1811 1530 2008 1587 interpo-

234 1617 365 1671 latos,
403 1630 494 1660 non
530 1629 639 1659 vero
676 1629 754 1673 per
786 1615 944 1670 horas3
980 1615 1154 1659 seclusa
1189 1614 1313 1658 enim
1336 1614 1583 1672 apostolica
1608 1612 1760 1668 venia,
1788 1612 2010 1657 nonlicet

235 1705 502 1758 computare
537 1700 685 1744 horas.
723 1703 844 1743 Haec
866 1702 1021 1742 autem
1047 1699 1227 1742 vacatio
1250 1699 1401 1743 locum
1425 1712 1515 1742 non
1541 1698 1677 1742 habet
1700 1697 1747 1742 in
1774 1696 2006 1755 Capitulis,

231 1799 348 1845 quae
391 1799 469 1842 per
510 1781 836 1828 alternativam
881 1795 960 1826 seu
1006 1780 1300 1836 mediariam,
1348 1782 1417 1826 vel
1462 1781 1715 1826 tertiariam
1758 1781 1896 1825 choro
1943 1781 2011 1826 in-

235 1868 459 1914 serviunt.

355 1957 404 1997 ln
449 1964 529 1994 usu
574 1948 876 1994 trimestrium
923 1949 1221 1993 vacationum
1263 1948 1487 2008 quaedam
1532 1949 1714 2006 regulae
1755 1948 2008 1993 servandae

234 2040 359 2092 sunt,
396 2050 585 2093 nempe:
626 2035 662 2089 l)
692 2048 748 2078 ne
772 2032 976 2078 chorales
1011 2037 1178 2077 vacent
1211 2032 1257 2076 in
1291 2032 1638 2092 quadragesima
1680 2046 1733 2076 ac
1765 2031 2007 2077 solemnio-

235 2120 359 2165 ribus
392 2117 742 2173 festivitatibus3
779 2118 821 2174 2)
856 2131 913 2161 ne
945 2116 1098 2160 absint
1131 2116 1249 2161 ultra
1284 2115 1468 2160 tertiam
1503 2120 1680 2174 partem
1704 2116 1865 2161 eodem
1896 2121 2010 2161 tem-

235 2218 365 2264 pore;
401 2207 447 2247 et
480 2203 521 2255 5>
560 2216 616 2245 ne
649 2200 886 2245 discedant
917 2214 942 2244 a
975 2198 1170 2243 dioecesi
1203 2198 1302 2243 sine
1339 2198 1542 2257 Episcopi
1577 2198 1731 2243 venia.

354 2287 455 2330 490.
493 2285 649 2339 Quoad
683 2283 1012 2342 professionem
1045 2281 1165 2337 fidei,
1200 2283 1395 2327 sufficiat
1419 2286 1600 2327 notasse
1622 2282 1742 2342 quod
1766 2281 1934 2340 provisi
1958 2281 2013 2326 de

234 2369 585 2416 canonicatibus
617 2372 662 2412 et
692 2366 989 2424 dignitatibus
1020 2365 1233 2410 emittere
1266 2366 1435 2411 debent
1457 2365 1785 2424 professionem
1809 2364 1911 2410 fidei
1936 2379 2008 2410 co-

237 2467 335 2498 ram
363 2451 579 2512 Episcopo
604 2451 676 2496 vel
699 2450 798 2495 eius
823 2449 1000 2494 vicario
1024 2450 1232 2495 Generali
1259 2453 1304 2493 et
1325 2463 1479 2494 coram
1510 2449 1715 2508 Capitulo
1748 2449 1868 2493 intra
1902 2449 2015 2493 duos

237 2548 419 2581 menses
455 2549 481 2579 a
514 2533 585 2578 die
621 2532 917 2591 possessionis
950 2532 1164 2591 pacificae
1197 2532 1295 2577 sive
1327 2532 1617 2577 admissionis
1649 2532 1695 2576 in
1731 2544 1907 2576 massae
1939 2544 2009 2576 ca-

237 2618 444 2678 pitularis
486 2617 912 2676 participationem,
956 2615 1157 2674 alioquin
1200 2616 1376 2660 fructus
1419 2630 1512 2660 non
1546 2615 1719 2660 faciant
1749 2628 1854 2660 suos
1892 2627 2011 2658 neve

237 2702 324 2747 illis
358 2700 578 2760 possessio
610 2700 913 2757 suffragetum
949 2714 1007 2744 ex
1040 2699 1240 2745 Concilio
1273 2699 1390 2743 Trid.
1429 2700 1512 2744 loc.
1550 2699 1629 2744 cit.

356 2834 366 2853 ¹
396 2833 431 2869 S.
462 2833 596 2878 congr.
623 2832 733 2868 Cone.
763 2832 785 2867 5
813 2831 911 2877 Sept.
944 2831 1046 2867 1870.

358 2905 370 2924 ’
397 2904 433 2941 S.
455 2905 588 2950 Congr.
612 2903 722 2940 Cone.
743 2904 780 2939 in
798 2904 899 2940 citat.
919 2903 1028 2939 resol.

359 2974 372 2994 ³
396 2975 507 3011 Conc.
529 2973 627 3010 Trid.
647 2974 746 3010 Sess.
767 2973 902 3017 XXW,
921 2973 1007 3019 Cap.
1030 2972 1109 3009 XII.

359 3045 373 3065 ¹*
399 3045 533 3082 Bened.
560 3045 658 3088 XIV,
685 3045 775 3082 Inst.
803 3043 893 3081 eccl.
920 3043 999 3081 107.
