2176 3386
541 161 670 190 cmi-:R
699 161 727 188 ι’.
765 160 821 188 DE
851 159 989 189 ni-:Bus
1020 159 1256 189 Eccffismr:
1285 159 1612 188 SPIRITUALIBUS
1920 150 1970 189 21

304 270 405 314 645.
442 267 815 315 confirmationis
863 266 1056 312 materia
1106 270 1282 311 remota
1315 270 1386 311 est
1418 266 1616 310 chrisma
1652 279 1711 310 ex
1743 265 1844 310 oleo
1892 265 1970 310 oli-

187 364 350 396 varum
373 354 419 394 et
441 349 644 395 balsamo
667 351 933 394 confectum
957 354 1003 394 et
1025 349 1083 393 ab
1105 348 1324 408 Episcopo
1352 348 1665 394 benedictum.
1704 347 1973 392 Latinorum

184 433 385 479 chrisma
418 448 478 479 ex
510 434 610 479 oleo
641 437 826 478 tantum
860 437 907 477 et
938 432 1169 487 balsamo,
1206 445 1475 489 graecorum
1510 445 1568 476 ex
1601 429 1702 475 aliis
1735 434 1970 489 praeterea

182 517 373 574 triginta
406 518 609 576 qulnque
642 516 926 561 aromatibus
958 514 1203 560 coniicitur
1226 515 1256 559 ¹.

304 600 404 645 646.
444 599 635 644 Materia
671 613 780 643 vero
816 598 1024 657 proxima
1059 603 1128 642 est
1162 597 1319 643 unctio
1353 596 1619 642 chrismatis
1642 594 1973 641 confirmandis

185 683 410 742 applicata
447 697 526 741 per
549 696 713 727 manus
736 681 1078 740 impositionem
1104 682 1136 725 ².
1173 685 1269 726 Hac
1293 695 1403 725 vero
1436 679 1730 738 impositione
1755 679 1841 723 rite
1865 692 1971 722 con-

185 766 383 812 firmatio
433 765 692 825 perficitur,
727 766 907 810 etiamsi
951 765 1038 809 alia
1080 779 1105 809 a
1148 764 1313 809 frontis
1355 763 1704 822 consignatione
1752 762 1971 807 distincta

186 863 350 894 manus
382 849 612 907 impositio
646 862 737 893 non
772 849 1058 893 adhibeatur.
1097 851 1214 892 Sane
1240 847 1470 906 proposito
1503 845 1658 901 dubio,
1684 860 1743 890 an
1770 849 1969 904 praeter-

185 932 321 977 missa
354 936 411 976 ab
443 932 664 991 Episcopo
700 932 846 990 prima
882 945 1105 976 manuum
1141 931 1432 989 impositione
1461 944 1597 988 super
1618 928 1966 984 confirmandis,

183 1016 486 1074 repetendum
518 1019 638 1061 esset
659 1019 1008 1062 Sacramentum
1043 1016 1128 1060 sub
1161 1015 1443 1071 conditione,
1470 1015 1542 1059 vel
1568 1015 1718 1073 potius
1739 1017 1839 1057 tnta
1863 1026 1969 1057 con-

180 1100 375 1146 scientia
408 1100 472 1146 sic
505 1100 765 1145 confirmati
799 1101 845 1145 in
880 1101 997 1145 bona
1022 1100 1107 1145 fide
1133 1099 1420 1159 relinquendi
1455 1102 1626 1154 essent,
1653 1101 1775 1143 Sacr.
1802 1101 1967 1155 Congr.

184 1185 277 1230 Fid.
320 1190 447 1243 Prop.
485 1186 556 1230 die
590 1186 614 1230 6
648 1199 748 1242 aug.
787 1185 916 1240 1840,
953 1184 1211 1242 respondit:
1264 1188 1364 1229 Non
1398 1198 1497 1229 esse
1531 1183 1828 1241 repetendam
1863 1196 1970 1227 con-

181 1267 493 1313 firmationem
527 1269 611 1313 snb
643 1268 927 1313 conditione.

306 1355 381 1397 Est
413 1356 459 1396 et
493 1352 577 1396 hoc
611 1351 733 1396 inter
765 1355 962 1397 Graecos
998 1351 1272 1411 Latinosque
1305 1351 1550 1397 discrimen
1595 1352 1715 1410 quod
1749 1351 1792 1395 hi
1828 1351 1972 1395 solam

183 1435 402 1490 frontem,
439 1433 500 1478 illi
534 1434 675 1479 etiam
708 1449 858 1489 aures,
896 1448 1046 1490 nares,
1075 1440 1247 1493 pectus,
1285 1436 1440 1479 oculos
1479 1439 1524 1479 et
1562 1437 1696 1493 pedes
1729 1437 1911 1492 ungunt
1934 1434 1966 1478 ³.

306 1519 407 1562 647.
444 1517 818 1562 Confirmationis
851 1519 998 1562 forma
1031 1523 1141 1563 sunt
1174 1519 1339 1563 verba:
1392 1518 1528 1576 Signo
1561 1522 1606 1562 te
1640 1517 1769 1576 signo
1802 1517 1968 1574 crucis,

182 1602 408 1647 confirmo
440 1606 486 1646 te
519 1601 767 1647 chrismate
801 1602 960 1647 salutis
992 1602 1038 1646 in
1076 1602 1264 1647 nomine
1300 1602 1460 1656 Patris,
1486 1606 1533 1646 et
1556 1602 1670 1658 Filii,
1697 1607 1743 1647 et
1777 1601 1970 1660 Spiritus

184 1684 357 1728 Sancti.
398 1686 558 1729 Amen.

303 1766 404 1811 648.
443 1766 654 1811 Minister
701 1766 960 1811 ordinarius
1007 1766 1380 1811 Conlirmationis
1427 1767 1549 1812 solus
1590 1771 1659 1811 est
1706 1767 1965 1825 Episcopus.

182 1851 300 1894 Trid.
338 1853 474 1895 Conc.
512 1852 626 1894 Sess.
655 1852 750 1906 Vll,
786 1850 840 1894 de
874 1850 1040 1895 Confir.
1078 1866 1117 1895 c.
1158 1853 1228 1895 111.
1266 1850 1349 1905 Qui
1385 1851 1421 1895 si
1454 1851 1698 1895 confirmet
1741 1851 1784 1894 in
1819 1849 1970 1895 aliena

181 1932 376 1978 dioecesi
410 1932 580 1992 absque
613 1932 799 1977 licentia
832 1947 1046 1991 expressa
1080 1933 1309 1978 Ordinarii
1356 1934 1469 1989 loci,
1506 1933 1662 1978 illicite
1695 1933 1819 1991 agit,
1855 1938 1901 1978 et
1933 1932 1970 1978 si

181 2015 427 2059 contirmat
460 2015 505 2059 in
543 2015 741 2074 propria,
777 2016 1009 2061 subditum
1046 2016 1321 2061 confirmare
1353 2017 1512 2075 debet;
1549 2022 1756 2062 attamen
1791 2017 1826 2062 si
1861 2031 1968 2061 con-

180 2097 333 2143 firmet
365 2102 628 2154 extraneos,
654 2099 775 2144 licite
809 2101 919 2156 agit,
955 2101 1076 2160 quod
1109 2101 1444 2146 consuetudine
1478 2107 1524 2146 et
1558 2102 1696 2146 tacita
1731 2102 1968 2160 Episcopo-

183 2195 282 2225 rum
318 2181 623 2226 consensione
656 2187 725 2227 est
759 2182 1092 2228 introductum.
1131 2186 1187 2228 At
1212 2198 1321 2229 vero
1354 2185 1549 2243 simplex
1584 2185 1725 2230 etiam
1751 2185 1969 2230 Sacerdos

180 2278 239 2308 ex
271 2265 364 2309 sola
398 2264 684 2323 delegatione
721 2271 849 2311 Rom.
889 2267 1121 2312 pontificis
1144 2281 1242 2312 esse
1268 2272 1415 2326 potest
1448 2268 1652 2313 eiusdem
1687 2268 1966 2313 sacramenti

183 2346 393 2392 minister
425 2348 834 2394 extraordinarius.
884 2353 1165 2396 Graecorum
1209 2352 1475 2396 Sacerdotes
1508 2366 1669 2396 omnes
1711 2352 1967 2409 generatim

181 2429 354 2474 habent
387 2432 505 2474 banc
538 2431 792 2489 delegatam
840 2436 1145 2492 potestatem,
1182 2448 1262 2492 per
1293 2447 1431 2493 quam
1481 2438 1825 2479 sacramentum
1860 2449 1968 2479 con·

181 2512 456 2559 firmationis
488 2514 574 2559 rite
606 2517 869 2562 conferunt.
907 2517 1226 2562 Sacerdotibus
1258 2522 1415 2563 tamen
1453 2518 1767 2575 italo-graecis
1805 2517 1968 2563 confir·

182 2610 308 2640 mare
343 2596 540 2641 vetitum
575 2602 645 2642 est
676 2612 700 2643 a
734 2599 969 2644 Clemente
1003 2600 1140 2645 V111¹⁴
1175 2605 1221 2645 et
1254 2614 1278 2644 a
1315 2601 1478 2645 Bened.
1519 2603 1615 2646 ΚΝ
1641 2601 1670 2645 ⁵.

299 2737 309 2756 ¹
339 2737 562 2776 Graecorum
588 2740 700 2776 ritum
726 2740 764 2776 in
790 2741 1044 2787 praeparando
1074 2746 1263 2787 unguento
1290 2742 1505 2778 chrismatis
1539 2742 1716 2779 describit
1747 2742 1903 2779 Goarius
1931 2743 1968 2779 in

179 2808 332 2846 Eumol.
360 2810 498 2853 Graec„
527 2820 562 2856 p.
588 2810 669 2847 657.

299 2879 312 2898 ¹
338 2880 543 2918 Bathinum
570 2882 696 2919 Theol.
724 2883 825 2926 Mor„
853 2893 935 2929 pag.
965 2884 1044 2920 169.

303 2950 316 2970 ³
342 2951 394 2989 Cf.
420 2952 593 2990 Gonnum
619 2954 734 2991 an-ch.
763 2954 889 2991 Graec.
916 2965 950 3000 p.
977 2954 1057 2991 556.

298 3021 312 3042 ⁸
338 3021 460 3059 Const.
489 3023 754 3061 Sanctissimus.

302 3093 316 3112 ³
342 3093 467 3131 Const.
494 3094 553 3138 59,
578 3099 594 3135 ἓ
620 3094 653 3139 5,
681 3106 715 3142 p.
742 3096 822 3139 104,
848 3100 884 3132 et
909 3096 1032 3134 Const.
1062 3097 1141 3141 129,
1167 3102 1181 3138 Ξ
1206 3097 1239 3141 4,
1266 3107 1301 3144 p.
1327 3097 1397 3134 522
1423 3098 1588 3136 Bullarii.
