2176 3386
201 166 289 213 352
857 177 966 207 PARS
995 178 1019 207 1.
1050 178 1107 206 DE
1135 178 1347 208 PERSOMS

200 291 320 331 sunt
350 285 545 344 Collegia
579 286 753 331 ordinis
785 285 1147 338 administrativi
1197 287 1319 332 inter
1358 302 1476 347 quae
1504 289 1734 349 ¹eminent
1786 293 1860 336 SS.
1901 297 1992 354 RB.

207 370 613 427 Congregationes,
650 369 910 415 'tribunalia
944 384 998 415 ac
1029 372 1187 420 Officia
1221 372 1547 423 ecclesiastica.
1590 377 1648 418 De
1682 373 1872 434 singulis
1898 391 1996 436 pro-

208 452 316 496 inde
350 453 481 497 nobis
513 453 742 511 agendum
778 459 860 499 est.

912 652 1219 706 TITULUS
1261 653 1297 706 I.

611 768 688 821 De
730 769 995 842 Colleqiis
1036 770 1246 823 ordinis
1288 770 1599 846 pastoralis.

331 921 457 962 Inter
488 917 681 974 Collegia
716 917 888 962 ordinis
923 918 1159 975 pastoralis
1192 932 1386 977 quorum
1424 932 1588 976 nempe
1622 923 1691 963 est
1723 918 1994 966 iurisdictio-

211 1015 321 1045 nem
355 1001 629 1058 pastoralem
663 1015 714 1045 ac
741 1015 846 1045 vere
871 1000 1132 1046 animarum
1157 1001 1530 1059 gubernatoriam
1557 1005 1830 1059 potestatem
1860 1000 2002 1048 ,exer-⁴

202 1094 334 1135 cere,
372 1080 469 1124 iure
502 1079 661 1123 divino
694 1080 1028 1124 adnumeratur
1059 1080 1422 1124 Oecumenicum
1457 1080 1729 1136 Concilium,
1755 1081 1860 1125 dein
1895 1081 1993 1127 iure

208 1161 520 1207 ecclesiastico
570 1159 769 1207 Concilia
815 1159 1100 1215 Nationalia,
1147 1159 1451 1204 Provincialia
1486 1174 1539 1205 ac
1573 1161 1784 1218 synodus
1816 1162 1989 1207 dioece-

208 1257 338 1289 sana.

979 1377 1158 1419 CAPUT
1193 1378 1222 1418 l.

523 1495 583 1530 DE
611 1494 843 1530 CONCILIIS
872 1494 1204 1530 GENERALIBUS
1238 1494 1325 1530 SEU
1353 1493 1685 1530 OECUMENlClS.

332 1625 435 1669 450.
474 1624 727 1670 Concilium
761 1623 972 1681 generale
1007 1622 1114 1667 illud
1136 1627 1206 1667 est
1228 1623 1282 1667 ad
1306 1623 1426 1682 quod
1448 1624 1640 1668 Romani
1664 1624 1897 1669 Pontilicis
1919 1639 1996 1669 au-

208 1708 426 1753 ctoritate
461 1720 622 1752 omnes
654 1706 872 1751 ordinarii
908 1706 1135 1751 Ecclesiae
1174 1705 1376 1764 Episcopi
1412 1711 1639 1751 vocantur
1675 1707 1730 1751 ad
1772 1707 1997 1752 Ecclesiae

214 1791 396 1849 negotia
430 1805 536 1835 cum
569 1791 849 1853 deliberandi
885 1791 1101 1836 facultate
1139 1790 1429 1848 transigenda
1466 1791 1495 1834 ¹.

332 1874 449 1920 Hinc
484 1874 614 1919 facile
647 1874 923 1919 deducitur:
966 1876 1002 1931 l)
1040 1875 1279 1929 Quodnam
1305 1874 1363 1918 sit
1384 1874 1691 1919 Conciliorum
1715 1874 1996 1933 generalium

209 1958 475 2015 obiectum3
512 1960 554 2013 2)
591 1962 715 2012 Quae
749 1958 844 2002 sint
878 1971 1097 2016 personae
1135 1959 1300 2016 quibus
1346 1972 1399 2002 ea
1442 1958 1739 2015 coalescunt;
1792 1959 1834 2015 5)
1871 1963 1997 2012 Quae

212 2041 480 2086 earumdem
515 2040 649 2085 inviis
682 2041 775 2085 sint
809 2047 990 2097 partes;
1040 2041 1082 2095 4)
1120 2044 1244 2094 Quae
1284 2041 1339 2085 ad
1373 2055 1532 2086 eorum
1582 2041 1921 2099 legitimitatem
1954 2047 2001 2087 et

213 2122 483 2168 firmitatem
516 2123 840 2182 requirantur3
879 2124 919 2179 5)
954 2124 1064 2177 Quis
1097 2124 1206 2167 ordo
1243 2123 1287 2167 in
1322 2123 1376 2168 iis
1408 2128 1634 2171 servetur.

332 2204 574 2250 Obiectum
607 2205 916 2250 Conciliorum
959 2206 1243 2263 generalium
1286 2206 1592 2251 ecclesiastica
1642 2212 1750 2251 sunt
1801 2209 1998 2266 negotia,

213 2301 331 2345 quae
350 2286 539 2333 <scilicet
572 2287 816 2331 universae
854 2287 1077 2332 Ecclesiae
1114 2288 1333 2332 interesse
1360 2293 1548 2345 possunt
1576 2306 1583 2345 ;
1621 2289 1742 2334 unde
1765 2290 1996 2350 sequitur:

215 2372 261 2427 a)
297 2370 464 2415 iustam
498 2384 550 2415 ea
583 2370 872 2415 convocandi
908 2384 1095 2415 causam
1133 2371 1358 2416 Ecclesiae
1392 2371 1716 2417 necessitatem
1750 2386 1865 2428 esse,
1901 2372 2000 2419 sive

213 2467 269 2498 ea
304 2454 621 2512 pertineatad
655 2453 859 2498 eiusdem
893 2453 1260 2498 incolumitatem
1295 2454 1588 2511 servandam,
1624 2455 1723 2500 sive
1746 2456 1802 2501 ad
1825 2456 1996 2502 bonum

210 2536 504 2593 augendum,.
531 2535 734 2595 adeoque
767 2536 807 2592 b)
845 2549 1081 2594 perperam
1115 2550 1142 2580 a
1176 2536 1410 2581 nonnullis
1441 2536 1760 2588 existimatum
1793 2551 1890 2584 esse
1923 2552 2001 2584 ex·

219 2622 507 2663 tracausam
552 2619 794 2663 haereseos
843 2619 1108 2663 convocari·
1145 2619 1400 2664 Concilium
1433 2621 1644 2677 generale
1689 2634 1785 2672 (non
1838 2634 1998 2678 posse;

211 2701 465 2746 absurdum
498 2701 663 2761 quippe
696 2705 765 2746 est
798 2702 1044 2746 inceteris
1078 2701 1444 2758 necessitatibus,
1479 2717 1596 2761 quae
1629 2705 1799 2762 absque
1847 2703 2000 2749 conci-

216 2782 292 2839 lio,
315 2798 479 2844 -neque
513 2784 804 2842 salisplene,
843 2799 992 2844 neque
1025 2784 1137 2829 satis
1182 2785 1422 2830 commode
1468 2785 1629 2842 depelli
1681 2786 1883 2842 valeant,
1922 2790 2000 2832 Ec-

216 2865 406 2911 clesiam
441 2870 698 2924 opportuno
733 2866 934 2911 remedio
970 2867 1156 2925 privari.

343 3034 353 3054 ¹
385 3034 435 3071 Cf.
463 3035 605 3072 Davom
630 3036 720 3071 Inst.
749 3035 894 3093 Cano-n„
922 3012 1060 3082 Proleq.
1087 3038 1102 3082 s
1128 3034 1175 3071 58
1199 3039 1235 3071 et
1261 3045 1364 3082 seqq.
1428 3087 1431 3089 Β
1482 3016 1484 3018 V

1827 0 2176 285 ὛΨἻ
