2176 3386
211 132 264 171 54
823 170 827 175 .
862 147 973 176 PARS
1002 149 1026 177 1.
1057 149 1113 177 DE
1142 149 1355 180 Pssnsoms

331 253 403 297 88.
451 253 516 298 Ad
549 254 693 299 haec:
739 255 784 299 in
828 257 1132 302 translatione
1174 259 1425 317 requiritur
1464 274 1715 308 consensus
1760 265 1883 321 eius,
1918 265 1997 325 qui

212 336 506 391 transfertur,
542 337 611 380 sin
647 337 800 382 minus
832 338 887 382 ad
923 338 1151 397 propriam
1186 340 1339 385 sedem
1377 341 1719 399 dimittendam,
1744 347 1905 392 saltem
1939 348 1996 393 ad

211 418 402 463 alteram
437 420 767 478 acceptandam
796 421 824 464 ¹.
865 423 1079 465 Attamen
1113 423 1149 466 si
1188 423 1413 469 Ecclesiae
1445 426 1616 472 bonum
1651 430 1874 486 postulat,
1911 436 1997 477 Ro—

213 515 379 546 manus
415 502 624 547 Pontifex
659 507 808 560 potest
840 503 980 548 etiam
1022 504 1223 550 invitum
1257 509 1530 564 transferre,
1566 514 1611 554 et
1645 525 1805 569 cogere
1840 515 1997 572 poenis

211 584 532 629 ecclesiasticis
564 585 619 629 ad
652 585 789 631 aliam
812 587 966 630 sedem
997 588 1312 645 accipiendam
1338 590 1368 632 ².
1405 594 1552 637 Immo
1583 593 1722 640 etiam
1752 597 1996 657 Episcopus

211 666 255 710 id
281 667 446 725 poterit
478 669 626 727 quoad
659 669 986 715 beneficiatum
1011 671 1094 716 sibi
1128 673 1365 719 subditum
1391 675 1420 719 ⁸.
1458 680 1554 728 Qua
1578 677 1761 736 quidem
1786 679 1831 723 in
1857 694 1904 725 re
1926 681 1996 726 in-

210 749 454 808 diligenter
487 753 687 811 loquitur
720 757 962 809 Fagnanus
985 755 1000 779 ¹²
1034 768 1138 799 cum
1177 758 1404 815 proposito
1428 772 1535 803 casu
1562 761 1872 807 translationis
1897 763 1993 822 Epi-

211 837 333 891 scopi
368 849 392 878 a
430 839 635 879 Romano
686 836 903 881 Pontifice
952 838 1101 883 factae
1142 838 1242 883 sine
1287 839 1404 884 iusta
1447 855 1617 897 eausa,
1653 843 1718 887 ait
1764 858 1866 889 eam
1901 860 1994 890 non

210 917 443 971 sustineri,
479 932 595 976 quae
632 919 770 962 verba
804 924 972 964 sonant
1006 935 1097 965 non
1137 935 1234 967 esse
1270 923 1487 979 validam,
1514 938 1620 969 cum
1655 931 1812 971 tamen
1839 927 1994 973 illicita

210 1004 394 1044 tantum
428 1000 515 1045 dici
550 1000 796 1057 debuisset,
822 1007 868 1046 et
900 1003 1123 1048 eiusmodi
1157 1019 1274 1063 quac
1307 1007 1522 1064 suspendi
1558 1022 1636 1066 per
1669 1023 1904 1056 recursum
1939 1013 1994 1057 ad

210 1082 353 1139 ipsam
396 1083 554 1127 Sedem
592 1084 897 1142 Apostolicam
934 1092 1107 1145 posset;
1153 1088 1273 1146 quod
1306 1089 1428 1134 enim
1469 1088 1648 1135 dicatur
1681 1092 1910 1149 invalida,
1952 1095 1993 1139 id

211 1166 397 1223 perium¹
432 1172 499 1211 cst
531 1181 584 1211 ac
616 1168 740 1212 viam
774 1169 1009 1214 schismati
1043 1172 1236 1228 aperire.

327 1251 396 1295 89.
435 1251 631 1296 Effectus
666 1252 981 1297 translationis
1014 1258 1107 1298 tres
1142 1255 1382 1312 praecipue
1418 1263 1745 1303 recensentur:

388 1338 432 1386 α)
474 1335 660 1379 Vacatio
699 1335 922 1380 Ecclesiae
955 1349 1035 1380 seu
1070 1336 1278 1381 beneficii
1314 1338 1434 1382 unde
1467 1339 1564 1384 cius
1595 1354 1824 1398 possessor
1845 1347 1992 1387 trans-

207 1419 378 1462 fertur:
415 1433 531 1477 quae
564 1419 750 1478 quidem
786 1420 967 1464 vacatio
1001 1420 1045 1464 in
1082 1422 1383 1467 translatiom¹
1423 1424 1624 1483 Episcopi
1666 1426 1815 1471 locum
1855 1428 1993 1472 habet

207 1501 346 1545 etiam
382 1506 491 1546 ante
524 1507 783 1560 susceptam
820 1503 1151 1562 possessionem
1187 1506 1375 1550 alterius
1411 1508 1635 1553 Ecclesiae
1668 1513 1714 1553 et
1741 1511 1990 1567 expeditio-

208 1599 314 1629 nem
354 1585 627 1629 Litterarum
662 1586 1015 1644 apostolicarum
1053 1582 1293 1646 postauam
1334 1590 1379 1634 in
1422 1591 1699 1638 Consistorio
1740 1597 1797 1637 ab
1844 1596 1990 1639 Eccle-

206 1667 299 1712 siae
335 1667 495 1726 prioris
531 1669 715 1713 vinculo
750 1670 925 1714 solutus
957 1677 1025 1715 est
1060 1677 1105 1715 et
1139 1672 1258 1716 hanc
1291 1673 1504 1718 notitiam
1531 1674 1742 1720 habuerit
1763 1676 1903 1721 etiam
1931 1692 1990 1722 ex

206 1750 485 1796 documento
528 1752 767 1796 Secretarii
804 1752 926 1797 Sacri
960 1753 1142 1811 Collegii
1168 1755 1198 1809 ⁵,
1236 1754 1282 1799 in
1317 1756 1509 1800 aliorum
1546 1771 1656 1802 vero
1691 1759 1991 1805 translatione

207 1836 356 1879 locum
393 1836 528 1880 habet
553 1841 653 1894 post
676 1836 839 1881 initam
863 1837 1052 1882 alterius
1085 1838 1294 1883 heneticii
1333 1839 1570 1896 pacificam
1605 1842 1934 1898 possessionem
1955 1844 1986 1887 ⁶.

384 1920 422 1974 b)
462 1924 534 1964 [us
567 1918 612 1962 in
647 1920 840 1964 alteram
891 1920 1135 1965 Ecclesiam
1186 1922 1242 1966 ad
1290 1936 1428 1980 quam
1481 1923 1718 1967 translatio
1753 1925 1829 1980 tit;
1870 1925 1989 1983 quod

206 2001 389 2059 quidem
427 2002 471 2045 in
512 2001 727 2060 Episcopo
762 2003 984 2047 translato
1018 2003 1381 2049 iurisdictionem
1417 2005 1571 2049 statim
1611 2005 1754 2063 parit,
1792 2020 1884 2050 non
1923 2020 1990 2051 se-

206 2099 287 2130 cus
320 2100 372 2129 ac
406 2087 645 2130 electionis
688 2086 979 2131 confirmatio
1005 2089 1045 2142 ⁷,
1073 2088 1117 2131 in
1160 2088 1325 2132 ceteris
1358 2093 1427 2133 est
1460 2103 1637 2134 merum
1681 2090 1750 2134 ius
1782 2091 1837 2135 ad
1872 2105 1986 2147 rem,

205 2169 350 2214 donec
387 2175 591 2213 mutetur
626 2171 670 2214 in
696 2170 764 2214 ius
789 2171 832 2213 in
858 2184 904 2214 re
930 2185 1008 2228 per
1035 2172 1206 2215 realem
1232 2171 1577 2227 possessionem.

386 2255 423 2307 c)
465 2254 704 2298 Devolutio
739 2254 971 2298 fructuum
1002 2255 1308 2311 pendencicmn
1345 2255 1552 2300 beneficii
1588 2270 1611 2300 a
1645 2270 1734 2316 quo
1763 2256 1813 2300 fit
1843 2261 1989 2302 trans·

205 2337 314 2382 latio
351 2338 407 2382 ad
441 2338 682 2382 ecclesiam
720 2338 790 2382 xfel
833 2351 1159 2383 successorem.
1210 2338 1387 2384 Etenim
1431 2341 1468 2384 is
1507 2341 1582 2396 qui
1627 2342 1876 2386 translatus
1919 2346 1989 2386 est

327 2517 333 2535 ¹
365 2517 551 2554 ScuMALz.
579 2517 601 2553 l.
621 2528 651 2554 c.
671 2527 704 2554 n.
725 2517 756 2554 6.

325 2590 336 2608 ²
363 2589 551 2626 SCHMALZ.
579 2590 600 2627 l.
628 2601 658 2627 c.

324 2661 336 2679 ³
364 2661 449 2706 Cap.
475 2661 497 2697 5
523 2662 566 2697 dc
596 2672 716 2698 rerum
748 2669 900 2707 permut.

324 2731 335 2749 '⁹
363 2732 564 2768 FAGNANus
591 2741 669 2778 cap.
691 2733 831 2775 Quanto
850 2733 895 2770 de
913 2734 1040 2770 transl.
1062 2735 1185 2779 Episc.

323 2804 335 2823 ⁵
363 2804 645 2840 nssmmswm
666 2805 699 2840 ti.
720 2809 742 2841 t.
763 2815 797 2841 n.
818 2806 862 2841 54
881 2805 1056 2851 seqq.‚4l
1079 2816 1180 2852 seqq.

322 2876 335 2895 ⁶
363 2876 710 2912 SchAchnuEncn
737 2878 771 2912 h.
791 2882 812 2912 ῑ.
843 2877 1065 2914 Recolantur
1084 2883 1205 2915 tamen
1230 2888 1324 2924 quae
1343 2879 1431 2916 Pius
1451 2879 1500 2914 [x
1530 2879 1565 2915 in
1586 2879 1697 2916 citata
1722 2875 1984 2916 constitutione

206 2950 389 2985 Romanus
415 2950 584 2996 Pontifex·
609 2950 813 2986 constituit.

322 3020 334 3038 ⁷
362 3021 550 3057 ScuMALz.
570 3021 590 3056 1.
612 3031 642 3058 c.
