2176 3386
261 156 343 196 240
937 168 1047 197 PARS
1076 170 1116 198 11.
1151 169 1207 197 DE
1238 169 1375 199 REBUS

264 274 339 319 illa
375 274 553 333 privata
586 275 642 320 ad
675 275 979 320 orthodoxam
1005 275 1141 321 tidem
1166 276 1447 322 haereticum
1481 291 1759 323 conversum
1794 278 1872 323 iri:
1907 279 2043 324 tertio

265 359 302 404 si
335 359 467 404 silere
499 359 752 405 catholicus
775 373 867 403 non
901 359 1060 417 possit,
1085 358 1198 419 quin
1219 360 1460 405 audientes
1491 360 1537 405 in
1568 361 1654 406 fide
1677 360 1912 418 vacillent,
1938 362 2042 408 hae-

265 442 394 487 retici
430 442 573 499 magis
605 442 651 486 in
686 456 839 487 errore
882 441 1217 487 confirmentur
1255 456 1308 487 ac
1342 442 1452 488 fides
1490 443 1715 489 catholica
1757 445 2043 503 contemptui

263 531 537 585 exponatur.
575 529 647 580 At,
683 525 872 570 remotis
895 526 964 570 his
996 525 1373 582 circumstantiis,
1408 526 1658 584 disputatio
1691 528 1747 570 de
1769 527 1903 571 rebus
1933 527 2045 586 fidei

263 610 397 655 laicis
428 616 490 654 esc
518 609 778 667 prohibita.-
822 610 1094 664 sacerdotes,
1132 611 1226 653 nisi
1255 611 1349 653 sint
1380 610 1517 654 valde
1556 612 1725 666 periti,
1760 625 1815 654 ex
1855 611 2043 655 consilio

262 692 423 736 debent
454 706 500 736 se
533 692 764 737 abstinere
805 692 1070 736 excusando
1107 705 1153 736 se
1193 692 1322 736 bonis
1363 693 1510 736 verbis
1542 698 1582 736 el
1610 692 1948 749 praetem-tibus,
1984 707 2042 738 ex

263 776 448 821 decreto
482 779 603 821 Sacr.
640 779 802 833 Congr.
841 774 961 820 Fidei
998 778 1127 834 Prop.
1165 776 1220 820 26
1254 776 1365 820 febr.
1403 776 1530 820 1630.
1570 777 1626 820 At
1647 775 1754 820 licet
1788 774 1918 832 periti
1951 775 2044 820 sint

263 860 523 904 sacerdotes
554 858 652 904 sive
687 858 980 912 Missionarii,
1017 872 1183 903 cavere
1207 858 1396 903 omnino
1419 858 1587 902 debent
1620 872 1676 902 ne
1711 857 1965 902 haereticos
1985 858 2042 902 ad
2152 875 2176 894 τ

263 942 590 1001 disputandum
627 946 895 1000 provocent,
932 955 1068 985 causa
1101 941 1226 986 enim
1260 947 1414 986 essent
1436 955 1517 985 cur
1547 940 1766 985 haeretici
1789 940 2042 985 orthodoxa
2157 894 2176 992 ἔ

263 1026 477 1083 dogmata
510 1025 758 1070 refellendo
792 1025 1033 1069 haereseos
1065 1030 1195 1069 actus
1227 1029 1499 1069 exercerent
1531 1028 1577 1068 et
1599 1023 1872 1068 catholicam
1907 1022 2041 1066 tidem

264 1114 635 1164 contemnerent,
670 1123 786 1167 quae
808 1109 924 1153 duae
959 1122 1031 1153 res
1064 1122 1202 1166 grave
1238 1122 1342 1165 prae
1376 1121 1422 1152 se
1445 1112 1683 1166 peccatum
1719 1108 2042 1162 ferunt,et11e

263 1191 498 1251 colloquiis
532 1191 724 1250 privatis
757 1190 1091 1250 disputationes
1117 1191 1171 1235 de
1195 1189 1280 1235 fide
1314 1190 1548 1235 miscendo
1572 1189 1755 1234 eosdem
1789 1187 2043 1233 haereticos

264 1274 361 1319 sine
409 1274 499 1319 ullo
541 1276 692 1319 fructu
744 1279 964 1319 moveant
997 1273 1053 1318 ad
1086 1274 1368 1318 orthodoxae
1410 1273 1513 1317 fidei
1557 1276 1874 1330 contemptum
1908 1275 1956 1316 et
1986 1271 2042 1315 ad

263 1357 593 1403 catholicorum
630 1357 1014 1415 persecutionem.

387 1442 513 1486 1151.
552 1443 585 1484 Α
620 1440 810 1498 publicis
842 1444 998 1485 autem
1031 1439 1415 1498 disputationibus
1448 1453 1553 1483 cum
1588 1438 1828 1483 haereticis
1872 1436 2042 1482 missio-

264 1524 379 1569 narii
416 1524 605 1568 omnino
638 1523 867 1568 abstinere
901 1523 1084 1568 debent.
1131 1526 1265 1568 Sacra
1309 1522 1433 1566 enim
1474 1525 1635 1579 Congr.
1673 1521 1766 1566 Fid.
1808 1526 1934 1580 Prop.
1970 1520 2041 1565 die

264 1607 290 1651 8
325 1606 478 1651 martii
516 1607 627 1651 1625
660 1606 814 1651 iussit:
864 1626 883 1646 a
912 1605 1112 1663 publicas
1143 1605 1476 1664 disputationes
1515 1618 1608 1649 non
1648 1604 1744 1649 fieri
1784 1618 1890 1649 cum
1937 1604 2041 1648 hae-

267 1710 286 1730 α
315 1689 496 1747 reticis,
533 1690 638 1750 quia
687 1690 955 1749 plerumque
990 1690 1063 1734 vel
1106 1689 1163 1733 ob
1194 1688 1519 1748 loquacitatem
1555 1689 1627 1733 vel
1674 1686 1915 1732 audaciam
1962 1690 2043 1730 aut

268 1794 287 1815 a
315 1774 686 1820 circumstantias
736 1773 889 1831 populi
938 1772 1268 1827 acclamantis,
1308 1771 1478 1816 veritas
1517 1771 1713 1817 salsitate
1748 1770 2042 1830 praevalente

268 1879 286 1899 a
314 1858 603 1918 opprimitur,
638 1863 683 1903 et
717 1857 751 1902 si
784 1857 1030 1917 aliquando
1065 1856 1322 1901 huiusmodi
1356 1856 1687 1915 disputationes
1720 1854 1920 1900 recusari
1949 1867 2041 1898 non

267 1964 287 1984 a
313 1949 516 2002 possent,
541 1942 740 2001 primum
774 1942 828 1986 de
862 1941 948 1986 illis
981 1940 1148 1985 certior
1181 1939 1259 1985 fiat
1281 1943 1414 1985 Sacra
1438 1940 1736 1998 congregatio
1770 1953 1886 1998 quae
1913 1938 2039 1982 iuxta

268 2047 287 2068 a
314 2026 532 2085 temporis
565 2032 611 2071 et
643 2039 943 2085 personarum
967 2025 1235 2084 qualitatem
1260 2025 1367 2084 quid
1390 2025 1619 2082 agendum
1643 2024 1702 2069 sit
1725 2023 1974 2083 perscribet
2000 2040 2037 2065 n.

264 2110 573 2164 Quamobrem
607 2123 712 2154 cum
748 2108 1023 2154 Missionarii
1058 2108 1267 2153 nonnulli
1300 2121 1423 2153 anno
1461 2109 1566 2153 1651
1619 2108 1821 2167 publicas
1852 2108 1906 2153 de
1941 2108 2041 2153 reli-

264 2193 398 2251 gione
431 2191 764 2251 disputationes
787 2205 893 2236 cum
920 2190 1103 2235 Bataxis
1129 2191 1525 2249 Constantinopoli
1558 2205 1713 2235 coram
1750 2189 1928 2234 Vicario
1962 2193 2040 2235 Pa-

263 2275 497 2320 triarchali
532 2275 854 2329 instituissent,
891 2273 1213 2319 sanctissimus
1238 2274 1484 2319 mandavit
1505 2273 1774 2332 significari
1811 2272 2040 2318 Generali-

263 2359 347 2404 bus
389 2360 700 2416 Reyalarz’um
745 2361 894 2402 Perae
940 2359 1359 2411 commorantium,
1396 2361 1446 2400 ut
1490 2357 1582 2401 illis
1621 2355 1952 2400 Interdieerent
1991 2361 2042 2399 ut

262 2443 532 2488 huiusmodi
562 2456 834 2501 eonyressas
879 2449 962 2487 auc
998 2442 1335 2499 disputationes
1379 2442 1588 2499 publicas
1622 2443 1671 2485 in
1700 2446 1934 2498 posterum
1966 2440 2040 2498 fa-

262 2540 364 2571 cere
392 2532 751 2583 praesumerent
782 2527 863 2570 sub
900 2528 1062 2583 poenis
1094 2526 1290 2570 arbitrio
1328 2527 1429 2570 Sae.
1471 2527 1867 2584 Conyreyationis.
1916 2530 2040 2570 [nsu-

263 2624 345 2669 per
377 2613 419 2654 S.
457 2609 590 2654 [niv.
629 2614 722 2668 lnq.
756 2613 802 2654 et
834 2610 931 2653 Sac.
968 2612 1129 2667 Congr.
1167 2608 1261 2653 Fid.
1302 2612 1428 2666 Prop.
1465 2608 1536 2653 die
1573 2609 1623 2653 19
1656 2608 1749 2653 ian.
1790 2609 1901 2653 1644
1946 2608 2039 2653 cui·

264 2693 370 2738 dam
421 2692 710 2738 Missionario
742 2692 789 2737 in
826 2691 1040 2737 Armenia
1079 2691 1319 2736 mandavit
1365 2697 1415 2735 ut
1448 2705 1477 2735 a
1510 2691 1900 2749 disputatwnibus
1932 2705 2038 2735 eum

264 2775 552 2822 Patriareha
586 2781 899 2820 Armenorum
934 2778 982 2820 e’n
1019 2778 1202 2820 Eruam
1244 2777 1372 2819 eirea
1414 2775 1670 2819 articulum
1712 2775 1919 2819 duarum
1952 2788 2039 2820 na-

265 2867 487 2906 turarum
519 2862 571 2904 in
608 2859 782 2904 Christo
814 2873 859 2903 se
892 2859 1158 2903 abstineret.
1857 2914 1859 2916 Ι

389 2943 516 2987 1152.
554 2943 699 2987 Multo
732 2941 885 2987 minus
918 2941 1097 2986 licitum
1129 2945 1199 2986 est
1223 2939 1520 2986 Missionariis
1565 2939 1663 2986 sine
1705 2951 1918 2998 expressa
1951 2943 2037 2985 Ro-

266 3025 392 3070 mani
428 3025 658 3070 pontificis
690 3024 876 3071 licentia
899 3028 1186 3070 conventum
1221 3023 1420 3069 indicere
1453 3023 1831 3079 ecclesiasticum,
1866 3021 1911 3067 in
1946 3034 2036 3082 quo
