2176 3386
229 180 311 220 41ss
878 191 987 219 PARS
1017 191 1040 219 1.
1076 190 1132 218 DE
1160 189 1370 219 pensorus

350 301 483 342 quta
538 311 588 342 ea
641 311 757 357 quae
807 297 851 342 in
904 297 1241 344 Constitutione
1289 297 1598 343 Inseracabilz‘
1643 297 1886 357 Gregorius
1932 301 2011 344 XV

231 379 456 436 decernit,
491 379 547 424 ad
582 381 700 424 banc
734 384 772 425 S.
791 380 1200 438 congregationem
1237 380 1469 439 pertinent
1490 380 1646 425 omnia
1670 384 1716 425 et
1736 380 1914 439 singula
1932 395 2008 426 ne-

227 462 351 520 gotia
385 463 440 508 ad
473 462 607 508 fidem
643 463 689 508 in
725 460 994 508 universum
1028 463 1184 508 orbem
1223 464 1579 523 propagandam,
1615 463 1927 509 Missionarios
1954 464 2010 510 ad

234 545 474 591 Missiones
505 560 667 590 omnes
700 547 882 591 mittere
906 547 980 591 vel
1015 553 1193 591 mutare
1226 552 1330 603 etc,
1364 560 1501 606 super
1521 547 1685 606 quibus
1707 546 1901 604 negotiis
1935 561 2010 592 ne·

228 629 452 674 cessarias
484 643 536 674 ac
570 634 851 688 opportunas
884 633 922 693 S
957 630 1256 688 congregatio
1289 631 1426 674 habet
1449 631 1691 675 facultates
1713 630 1853 674 etiam
1889 629 2013 675 iniis

233 727 349 771 quae
385 727 463 770 per
495 726 541 757 se
575 713 817 770 specialem
852 728 905 758 ac
929 727 1191 771 expressam
1229 713 1515 773 requirerent
1557 714 1855 759 mentionem.
1899 717 2010 759 Con-

227 800 323 840 stat
355 796 579 841 cardinali
615 799 866 852 Praefecto,
907 797 1159 842 Secretario
1193 812 1246 842 ac
1271 798 1474 856 pluribus
1495 798 1824 854 cardinalibus,
1861 801 2010 842 Secre-

233 879 376 923 tariae
408 880 690 924 Officialibus
722 895 774 924 ac
807 881 1155 926 consultoribus.
1194 882 1295 925 Pius
1331 885 1382 925 lx
1410 883 1422 905 ¹
1457 882 1576 926 hanc
1604 881 2011 940 congregationem

232 962 280 1006 in
304 963 415 1007 duas
438 967 589 1020 partes
620 963 794 1020 divisit,
819 979 1012 1023 quarum
1037 966 1177 1009 altera
1203 970 1272 1009 est
1296 980 1374 1023 pro
1396 965 1568 1021 Latino,
1588 966 1729 1010 altera
1756 980 1832 1023 pro
1855 965 2012 1009 Orien-

233 1046 311 1090 tali
346 1047 433 1090 ritu
470 1046 542 1090 cui
577 1047 659 1090 sub
692 1048 850 1092 eodem
885 1048 1109 1093 cardinali
1149 1041 1380 1093 Praefecto
1418 1048 1532 1093 alius
1586 1047 1866 1093 Seeretarius
1906 1046 2012 1091 assi-

229 1134 398 1185 gnatus
431 1135 510 1174 est.
548 1135 667 1174 llaec
702 1133 739 1174 S.
776 1132 1074 1189 congregatio
1099 1131 1458 1176 iurisdictionem
1483 1136 1669 1176 exercet
1700 1132 1743 1175 in
1767 1130 2013 1188 Collegium

233 1213 484 1268 Urbanum,
522 1214 565 1257 in
601 1228 762 1259 omnes
797 1215 1122 1272 321issi0na1‘ios,
1161 1216 1204 1259 in
1243 1215 1496 1259 Vicariatus
1522 1215 1817 1273 Apostolicos,
1854 1215 1899 1258 in
1938 1217 2014 1258 Ec-

227 1297 391 1342 clesias
416 1297 619 1354 Angliae,
659 1298 917 1354 Hiberniae,
955 1301 1164 1343 Statuum
1199 1299 1553 1343 Foederatorum
1582 1297 1821 1343 American·
1848 1301 1935 1341 etc.

408 1429 424 1473 ᾖ
451 1430 482 1463 9.
512 1449 552 1452 -
575 1428 1164 1475 (101191·e9‹1ti0supe1·negotiis
1192 1428 1465 1465 ecclesiasticis
1485 1427 1836 1464 extraordinariis.

355 1517 453 1561 558.
485 1519 628 1575 Usque
655 1519 708 1562 ad
733 1522 988 1562 Romanum
1023 1517 1289 1562 Pontificem
1316 1518 1444 1561 Pium
1467 1520 1521 1561 Vl
1545 1517 1598 1561 de
1624 1517 1816 1573 negotiis
1839 1517 2014 1573 gravio-

234 1599 356 1643 ribus
390 1599 513 1644 Sedis
538 1601 823 1657 Apostolicae
846 1615 899 1645 ac
924 1600 1197 1644 universalis
1228 1600 1453 1644 Ecclesiae
1478 1602 1692 1644 Summus
1723 1599 1935 1644 Pontifex
1969 1598 2013 1642 in

233 1682 510 1727 consistorio
543 1696 650 1727 cum
683 1683 996 1728 cardinalibus
1027 1685 1217 1741 agebat,
1254 1689 1299 1728 et
1338 1683 1372 1727 si
1411 1684 1465 1728 de
1502 1684 1586 1727 illis
1622 1683 1795 1740 publice
1828 1696 1880 1726 ac
1909 1695 2015 1726 cum

234 1764 447 1811 omnibus
479 1766 794 1810 cardinalibus
826 1781 958 1824 agere
993 1781 1085 1811 non
1119 1767 1407 1824 expediebat,
1449 1769 1485 1811 S.
1523 1767 1733 1811 Pontifex
1767 1770 2016 1824 congrega-

233 1849 408 1895 tionem
441 1851 684 1908 specialem
718 1851 1026 1896 cardinalium
1077 1851 1210 1894 modo
1252 1849 1617 1894 extraordinario
1656 1854 1702 1893 et
1745 1864 1822 1908 pro
1877 1849 2017 1895 lubito

234 1935 498 1993 deputabat,
534 1949 650 1993 quae
683 1936 982 1992 congregatio
1017 1937 1169 1978 Status
1201 1932 1438 1977 dicebatur
1462 1935 1489 1976 ².
1529 1937 1583 1977 At
1617 1933 1720 1977 Pius
1749 1937 1800 1976 Vl
1836 1938 2018 1992 propter

235 2023 555 2062 excrescentes
587 2017 877 2062 difficultates
909 2018 1029 2062 inter
1063 2020 1100 2061 S.
1137 2017 1297 2061 Sedem
1322 2022 1367 2060 et
1389 2015 1542 2060 civilia
1566 2015 1802 2074 gubernia,
1824 2021 1870 2060 et
1894 2030 2016 2074 prae-

235 2102 393 2147 sertim
429 2103 638 2159 Galliam,
663 2118 716 2147 ac
749 2108 883 2148 aucta
920 2102 1130 2160 graviora
1166 2101 1363 2158 negotia,
1396 2115 1518 2145 anno
1557 2101 1667 2144 1795
1699 2100 2016 2158 congregatio-

237 2199 344 2229 nem
370 2185 509 2229 lixam
533 2199 586 2229 ac
611 2190 959 2243 permanentem
994 2184 1193 2229 instituit
1214 2198 1331 2243 quae
1365 2197 1499 2241 super
1522 2182 1715 2240 negotiis
1748 2181 2017 2227 ecclesiasti-

232 2267 301 2313 cis
329 2269 467 2326 Regni
487 2268 735 2314 Galliarum
760 2273 1024 2326 nuncupata
1048 2268 1151 2323 fuit,
1176 2281 1382 2326 quaeque
1403 2282 1427 2311 a
1456 2267 1528 2310 Pio
1547 2269 1624 2311 V11
1647 2266 1703 2309 ad
1726 2266 1813 2310 alia
1840 2265 2017 2323 negotia

235 2352 478 2397 cuiuslibet
520 2351 721 2396 nationis
754 2351 950 2409 gerenda
985 2355 1176 2395 extensa
1210 2354 1278 2394 est
1311 2364 1363 2394 ac
1397 2363 1532 2405 super
1571 2348 1765 2407 negotiis
1806 2348 2019 2393 ecclesia-

235 2434 362 2480 sticis
394 2435 772 2480 extraordinariis
807 2439 1071 2492 nuncupata
1107 2434 1203 2477 fuit.
1247 2438 1367 2478 Haec
1400 2431 1698 2491 congregatio
1741 2437 1923 2477 constat
1961 2446 2019 2476 ex

236 2518 441 2575 pluribus
472 2517 801 2573 cardinalibus,
838 2515 1090 2561 Secretario
1123 2531 1175 2562 ac
1210 2515 1409 2574 pluribus
1444 2515 1798 2561 consultoribus.
1836 2518 2022 2573 Propter
2140 2510 2176 2562 ’ἵ

238 2601 577 2645 connexionem
614 2600 734 2645 inter
768 2599 949 2658 negotia
984 2599 1119 2644 huius
1152 2601 1186 2643 S.
1224 2598 1598 2656 congregationis
1630 2611 1737 2642 cum
1768 2597 2019 2643 Seeretaria
2128 2584 2149 2597 ⁹

239 2687 421 2740 StatuS,
457 2685 667 2729 eamdem
710 2684 863 2729 sedem
907 2697 1011 2728 cum
1063 2684 1147 2728 bac
1197 2683 1333 2727 babet
1365 2681 1448 2726 etsi
1493 2696 1519 2726 a
1568 2681 1817 2726 Seeretaria
1869 2683 2022 2725 Status

238 2765 429 2810 omnino
462 2765 678 2810 distincta
721 2766 789 2810 sit.
841 2765 905 2810 Ad
940 2765 1059 2810 hanc
1111 2768 1151 2811 S.
1185 2764 1594 2823 congregationem
1643 2763 1843 2821 pertinet
1880 2763 2021 2808 etiam

234 2849 507 2894 examinare
540 2850 816 2894 concordata
849 2863 965 2907 quae
997 2848 1119 2893 inter
1136 2852 1174 2893 S.
1194 2849 1354 2894 Sedem
1378 2851 1425 2892 et
1447 2850 1626 2892 Statum
1653 2847 1880 2891 ineantur.
1906 2845 2022 2890 Huic

361 2995 369 3014 ¹
399 2995 522 3032 Const.
547 2994 698 3032 Romani
725 2994 922 3040 Pontifices,
952 2993 974 3030 6
999 2993 1075 3029 Ian.
1105 2992 1209 3029 1862.

359 3066 372 3084 ‘¹
397 3065 500 3103 Card.
529 3067 582 3102 DE
608 3066 711 3102 Lucri
738 3065 851 3102 Relat.
882 3066 986 3103 Rom.
1016 3064 1095 3101 Cur.
1125 3064 1281 3101 discurs.
1307 3063 1341 3106 5,
1367 3072 1407 3098 n.
1436 3062 1493 3106 25,
1511 3063 1568 3099 24.
