2176 3386
1356 0 1395 25 ..q
1403 0 1438 23 γ.

236 179 318 221 304
880 191 990 220 PARS
1019 192 1044 221 1.
1079 192 1136 221 DE
1164 192 1377 222 PERSONIS

239 305 395 346 tamen
427 300 485 345 ab
516 299 679 345 ultimo
711 301 861 346 edicto
894 301 1084 347 Parochi
1118 303 1331 347 absentes
1362 302 1512 349 adbuc
1533 318 1613 362 per
1633 318 1714 350 sex
1739 319 1920 352 menses
1938 322 2017 354 ex-

238 388 481 445 pectentur
514 383 643 428 iuxta
677 383 1036 430 declarationem
1071 388 1168 430 Sac.
1205 390 1367 444 congr.
1404 387 1458 431 de
1490 401 1579 446 qua
1611 390 1854 435 testatur-¹.

357 467 545 534 {figam
581 467 665 511 hac
693 481 799 512 vero
829 467 1016 513 Concilii
1051 469 1197 513 forma
1231 470 1532 528 sequestratio
1565 471 1799 517 fructuum
1833 476 1879 517 et
1911 486 2016 519 cen-

236 562 369 594 surae
393 555 518 594 stant
541 550 638 595 loco
662 550 803 594 trium
826 550 1097 594 edictorum.
1137 553 1272 595 Porro
1294 552 1536 597 Ordinario
1561 567 1652 598 uno
1676 556 1749 599 vel
1771 555 1859 601 alio
1883 556 2016 602 modo

237 633 480 691 procedere
510 635 577 678 fas
599 638 668 677 est
700 634 754 677 ad
792 633 1101 693 privationem
1137 635 1345 680 beneficii
1379 641 1540 681 contra
1575 640 1800 684 Parocbos
1832 639 2015 685 latitan-

2169 321 2176 426 l

238 722 331 772 tes,
368 718 589 762 alterutra
624 722 780 761 tamen
821 718 966 761 forma
1001 717 1228 762 servanda
1261 723 1359 774 est,
1395 719 1529 764 aliter
1564 719 1747 765 nulliter
1784 726 2010 780 ageretur.

234 806 428 847 Fructus
465 816 575 847 vero
623 801 880 860 applicandi
929 806 1037 846 sunt
1081 801 1377 860 pauperibus,
1413 807 1493 847 aut
1538 804 1735 849 fabricae
1776 806 2011 863 ecclesiae,

234 888 420 931 exclusa
454 887 538 930 hac
563 887 606 930 in
633 901 678 930 re
712 886 913 945 qualibet
948 885 1259 930 transactione
1284 887 1357 931 vel
1381 888 1710 946 compositione
1744 889 1866 935 inter
1886 891 2013 936 Ordi-

235 971 414 1015 narium
449 975 495 1014 et
531 971 800 1014 Parocbum.

961 1163 1191 1192 ARTICULUS
1225 1165 1283 1193 ΙΙΙ.

807 1265 867 1307 De
906 1264 1073 1323 Officiis
1108 1263 1443 1309 Paroclzorwn.

353 1391 657 1434 Farocborum
707 1394 775 1433 est
815 1402 998 1447 pascere
1039 1403 1220 1446 gregem
1267 1389 1348 1433 sibi
1391 1389 1704 1434 commissum.
1762 1391 1878 1434 Hinc
1927 1391 2011 1436 tria

232 1471 473 1530 praecipua
498 1487 658 1517 eorum
682 1471 827 1516 officia
862 1478 1198 1516 enumerantur
1231 1486 1253 1515 a
1292 1473 1497 1516 Patribus
1519 1473 1706 1518 Concilii
1732 1473 1848 1518 Trid.
1878 1473 2010 1518 nimi-

231 1568 331 1598 rum
365 1558 493 1599 ,sacri
514 1557 813 1614 tgsslssfflbloelim
846 1556 1138 1612 praedg'cace'o
1173 1569 1263 1599 una
1298 1569 1402 1602 cum
1436 1556 1737 1610 catechism&
1784 1561 1829 1600 et
1862 1557 2011 1601 admi-

230 1640 446 1682 nistratio
478 1645 905 1697 sacrcpmentorwn.

351 1723 451 1781 524.
491 1723 553 1766 Ad
603 1722 813 1767 sacrificii
857 1722 1135 1767 oblationem
1185 1723 1303 1782 quod
1347 1723 1572 1782 pertinet,
1616 1723 1699 1767 tria
1739 1723 2010 1783 inquirenda

229 1811 353 1849 sunt:
395 1807 430 1861 l)
458 1806 648 1865 quinam
682 1806 736 1850 ad
771 1807 892 1851 illam
928 1806 1211 1863 obligentur3
1248 1808 1289 1863 2)
1317 1807 1499 1865 quando
1532 1807 1729 1852 officium
1766 1807 1872 1851 illud
1905 1821 2009 1851 exe-

229 1889 461 1947 quendum
498 1889 593 1945 sit;v
617 1890 658 1945 5)
687 1904 743 1933 an
779 1894 825 1933 et
855 1904 971 1948 quae
1005 1894 1280 1934 excusantes
1312 1890 1465 1934 adsint
1497 1904 1674 1935 causae.

350 1976 442 2016 Iam
479 1972 693 2030 obligatio
725 1972 981 2031 applicandi
1017 1973 1201 2017 missam
1238 1987 1317 2031 pro
1351 1974 1513 2032 populo
1545 1988 1603 2018 ex
1628 1974 1840 2031 pastorali
1864 1973 2009 2019 officio

229 2056 550 2114 consequitur,
588 2057 695 2100 binc
729 2056 758 2099 ii
795 2060 979 2100 tantum
1013 2056 1273 2101 huiusmodi
1317 2057 1498 2101 muneri
1541 2057 1802 2102 satisfacere
1849 2063 2008 2103 tenen-

229 2143 319 2194 tur,
355 2139 520 2198 quibus
552 2139 714 2184 titulus
740 2140 919 2198 proprie
957 2139 1193 2197 pastoralis
1214 2139 1349 2184 inest.
1387 2145 1540 2195 Porro,
1565 2146 1745 2199 praeter
1772 2140 2010 2200 §ipiscopos

228 2222 284 2267 de
316 2222 480 2282 quibus
513 2238 593 2268 suo
627 2224 724 2268 loco
758 2223 933 2282 loquuti
973 2236 1148 2279 sumus,
1184 2223 1467 2282 quadruplex
1510 2238 1669 2268 eorum
1711 2224 1866 2269 classis
1905 2227 2006 2278 est,

228 2305 392 2365 quibus
424 2307 683 2350 animarum
721 2321 830 2350 cura
866 2306 1107 2362 incumbit,
1143 2307 1346 2351 scilicet:
1388 2308 1424 2363 l)
1451 2308 1527 2366 qui
1562 2306 1835 2351 beneficium
1872 2307 2009 2365 possi-

228 2390 355 2444 dent,
390 2389 463 2435 cui
497 2389 669 2434 directe
702 2394 748 2435 et
782 2390 1093 2448 principaliter
1136 2404 1187 2434 ea
1237 2391 1415 2434 adnexa
1464 2395 1549 2445 est,
1601 2390 1855 2435 cuiusmodi
1901 2394 2010 2435 sunt

229 2472 438 2528 Parocbi,
474 2487 763 2533 quocumque
798 2474 986 2518 nomine
1020 2478 1323 2530 censeantur-3
1360 2475 1401 2530 Ξ)
1427 2474 1502 2533 qui
1537 2487 1643 2518 cum
1678 2474 1885 2531 paroecia
1929 2473 2007 2518 ali-

226 2569 315 2614 qua
350 2562 502 2612 vacat,
539 2557 613 2602 vel
645 2570 752 2601 cum
787 2556 1030 2602 habitualis
1062 2557 1324 2601 animarum
1358 2571 1466 2601 cura
1506 2557 1626 2615 apud
1667 2557 1779 2602 alios
1823 2557 2004 2614 residet,

227 2637 376 2682 eidem
410 2638 753 2695 praeficiuntur,
792 2642 841 2682 ut
874 2637 1058 2695 parochi
1093 2650 1333 2695 personam
1358 2641 1520 2695 gerant
1552 2641 1598 2682 et
1629 2652 1746 2697 quae
1778 2638 1876 2682 eius
1899 2642 2008 2683 sunt

229 2722 435 2766 muneris
467 2721 773 2779 adimpleant3
810 2720 1066 2766 cuiusmodi
1099 2725 1208 2765 sunt
1242 2721 1406 2766 Vicarii
1440 2721 1611 2778 Curati,
1646 2721 1744 2766 sive
1779 2722 2002 2780 perpetui,

227 2805 326 2849 sive
360 2804 671 2862 temporanei;
724 2805 765 2861 5)
801 2804 877 2864 qui
927 2804 1198 2849 adiutricem
1252 2818 1437 2862 operam
1488 2804 1702 2862 legitimis
1753 2804 2008 2862 pastoribus

227 2891 480 2946 praestant,
516 2902 609 2932 non
644 2888 958 2932 subintrantes
990 2901 1149 2932 eorum
1182 2887 1298 2951 loco,
1333 2888 1411 2932 sed
1443 2900 1521 2932 eos
1553 2890 1736 2931 tantum
1783 2886 2006 2932 adiuvan-

345 3048 355 3067 ²
384 3048 478 3085 Rota
504 3048 622 3085 neeis.
654 3048 732 3090 151,
760 3048 847 3085 nec.
877 3047 955 3093 165,
982 3037 1136 3091 Parta,
1163 3048 1202 3084 T.
1229 3046 1262 3090 2,
1289 3049 1369 3085 Rec.
