2176 3386
756 187 887 216 LIBER
914 187 939 215 Ι.
969 187 1026 215 DE
1055 185 1249 215 CLERICIS
1840 173 1893 214 59

835 379 1085 432 SECTIO
1126 379 1162 431 I.

417 535 496 587 De
537 535 804 607 gradibus
843 537 1134 606 potestatis
1174 533 1575 586 iurisdictionis

467 633 523 682 in
551 632 808 702 personis
835 628 1139 682 individuis
1168 629 1528 682 exercendae.

229 787 300 830 98.
339 785 478 831 Sicuti
503 786 591 829 iam
626 784 843 840 diximus,
869 785 958 829 duo
980 789 1090 829 sunt
1111 786 1276 842 gradus
1300 785 1539 844 potestatis
1562 785 1891 830 iurisdictionis

109 868 185 928 qui
220 882 277 912 ex
310 868 469 912 divino
501 868 600 912 iure
633 867 856 925 originem
902 867 1096 922 habent,
1137 867 1212 926 qni
1257 868 1399 912 veluti
1435 867 1646 912 cardines
1688 867 1893 912 conside-

110 949 197 994 rari
224 953 413 1007 possunt
446 948 586 994 totius
619 948 957 993 ecclesiasticae
989 949 1364 1006 organizationis,
1401 949 1617 994 videlicet
1650 952 1894 994 Romanus

112 1033 416 1090 Pontificatus
448 1037 494 1076 et
528 1035 855 1089 Episcopacus‚·
906 1032 1047 1076 ceteri
1081 1033 1246 1089 gradus
1279 1033 1349 1076 vel
1390 1032 1664 1076 vicariatum
1698 1031 1894 1076 Romani

110 1113 377 1169 Pontificis,
413 1114 487 1159 vel
524 1113 845 1172 Episcoporum
890 1118 1057 1172 gerunt
1098 1128 1151 1158 ac
1184 1114 1241 1158 ab
1275 1115 1479 1158 humano
1523 1114 1620 1158 inre
1666 1113 1892 1171 originem

110 1197 294 1242 habent.
333 1197 385 1241 Hi
423 1196 610 1255 proinde
646 1197 691 1241 in
726 1201 818 1240 tres
851 1196 1018 1241 classes
1050 1196 1415 1252 distinguuntur,
1453 1210 1557 1241 cum
1592 1211 1649 1241 ex
1684 1197 1752 1241 bis
1780 1211 1894 1242 non-

112 1279 222 1323 nulli
258 1283 530 1336 potestatem
567 1280 768 1324 habeant
799 1279 1260 1338 supraepiscopalem,
1297 1280 1372 1324 alii
1404 1279 1892 1339 quasi-episcopalem,

110 1361 184 1406 alii
236 1363 419 1407 tandem
465 1367 738 1420 potestatem
778 1363 1235 1421 infra-episcopalem
1274 1368 1539 1422 exerceant.
1595 1364 1658 1408 Ad
1699 1365 1894 1421 primam

112 1447 303 1491 classem
339 1446 585 1500 Primates,
624 1446 941 1501 patriarchae,
980 1445 1320 1501 Metropolitae,
1358 1447 1510 1504 Legati
1549 1447 1741 1492 Romani
1783 1451 1895 1492 Pon-

113 1529 245 1575 tificis
280 1530 532 1587 pertinent;
570 1531 624 1574 ad
674 1533 923 1575 secundam
967 1531 1159 1574 classem
1196 1530 1431 1589 pertinent
1476 1531 1688 1586 Abbates,
1729 1545 1782 1576 ac
1822 1531 1896 1575 vi-

111 1612 221 1657 carii
258 1613 615 1670 Apostolici;.ad
661 1619 940 1672 postremam
975 1613 1142 1658 Virarii
1178 1616 1440 1671 Generales,
1479 1615 1646 1661 Vicarii
1684 1620 1891 1676 Foranei,

112 1695 316 1740 Parochi.
366 1698 478 1740 Cum
522 1700 676 1740 autem
719 1697 763 1740 in
818 1698 1012 1742 Ecclesia
1063 1712 1225 1742 omnes
1270 1698 1456 1754 clerici,
1492 1699 1671 1745 etiamsi
1718 1701 1895 1747 iurisdi-

112 1778 264 1823 ctione
309 1793 400 1823 non
435 1780 657 1835 polleant,
697 1779 869 1824 iuribus
900 1795 953 1824 ac
986 1781 1258 1839 specialibus
1296 1782 1649 1840 obligationibus
1693 1785 1889 1842 subsint,

112 1860 219 1905 hinc
263 1862 308 1905 in
343 1861 432 1905 fine
466 1863 519 1906 de
554 1863 825 1908 clericorum
862 1863 1035 1908 iuribus
1066 1870 1113 1908 et
1146 1865 1304 1908 ciliciis
1336 1880 1538 1923 agemus.

810 2045 1116 2098 TITULUS
1159 2045 1194 2098 I.

647 2173 725 2225 De
767 2174 1020 2226 Romano
1068 2174 1355 2229 Pontifice.

237 2321 426 2366 Romani
465 2321 695 2366 Pontificis
729 2326 928 2379 potestas
960 2327 1028 2366 est
1064 2323 1193 2366 nobis
1226 2323 1557 2373 consideranda
1598 2327 1697 2367 tum
1740 2323 1783 2366 in
1823 2337 1896 2381 ge·

116 2418 240 2459 nere,
282 2410 377 2449 tum
412 2404 458 2448 in
493 2404 643 2463 specie
677 2405 946 2463 praesertim
981 2407 1129 2464 quoad
1164 2406 1283 2463 leges
1317 2406 1532 2451 edendas.

234 2487 299 2531 Sit
331 2487 492 2545 igitur:
529 2490 534 2492 ”

875 2585 1061 2653 „CAPUT
1095 2587 1125 2628 Ι.

417 2692 477 2727 DE
503 2691 780 2728 POTESTATE
808 2691 993 2728 ROMANI
1020 2691 1285 2728 PONTIFICIS
1312 2692 1361 2727 IN
1389 2692 1591 2728 GENERE.

235 2793 306 2837 99.
345 2793 501 2847 Quoad
529 2795 722 2838 Romani
749 2793 980 2838 pontilicis
1002 2798 1277 2852 potestatem
1308 2793 1353 2837 in
1379 2806 1562 2851 genere,
1602 2793 1640 2847 l)
1677 2783 1897 2851 quasdam

118 2875 351 2930 generales
374 2876 551 2933 regulas
573 2876 835 2932 trademus3
871 2878 913 2933 ⁶2)
941 2890 999 2921 ex
1024 2876 1374 2935 particularibus
1395 2890 1512 2934 quae
1542 2879 1749 2920 Romano
1784 2879 1906 2923 Pon-,

116 2956 226 3002 tifici
263 2973 340 3017 pro
373 2972 455 3004 suo
489 2960 686 3018 primatu
721 2964 1009 3018 competunt,
1046 2961 1120 3004 vel
1152 2959 1300 3004 eidem
1341 2962 1575 3003 reservata
1609 2962 1747 3012 sunt,
1783 2970 1896 3001 non·

101 3027 260 3097 'nu11a,
285 3056 402 3102 quae
424 3048 532 3087 sunt
554 3043 819 3098 celebriora,
845 3042 1162 3098 delibabimuS,
1187 3042 1353 3086 ceteris
1374 3043 1429 3086 ad
1453 3054 1534 3085 sua
1559 3040 1654 3086 loca
1686 3039 1893 3095 reiectis;
