2176 3386
253 190 307 230 68
898 201 1008 230 PARS
1037 202 1060 230 1.
1097 202 1153 230 DE
1181 201 1394 231 pensoms

255 321 312 351 ex
348 310 476 365 parte
524 307 633 364 legis
678 307 784 366 quia
835 310 1100 364 perseverat
1145 306 1292 351 donec
1337 307 1415 351 liat
1457 307 1632 353 inutilis
1676 308 1746 365 (de
1787 322 1877 368 quo
1919 308 2033 354 infe-

256 389 384 445 rius),
420 404 479 434 ex
514 394 641 448 parte
674 389 961 434 subditorum
995 390 1100 448 quia
1133 403 1296 434 omnes
1317 389 1523 435 subditos
1544 389 1714 448 obligat
1734 395 1781 436 et
1803 392 2030 436 futuros¹.
2171 396 2176 450 j

259 476 319 516 Ex
357 477 484 530 parte
516 478 671 517 autem
711 472 995 529 Legislatoris
1027 485 1105 517 seu
1141 472 1260 517 illius
1291 473 1368 532 qui
1403 472 1638 531 legiferam
1671 473 2033 519 iurisdictionem

255 556 298 599 in
334 555 538 600 subditos
573 556 724 611 habet,
768 555 1017 614 requiritur
1059 560 1159 599 tum
1194 560 1244 598 ut
1279 557 1569 601 voluntatem
1609 556 1775 602 habeat
1807 556 2035 614 obligandi

254 640 475 695 subditOS,
512 643 608 684 tum
643 645 693 684 ut
727 653 858 684 suam
894 641 1039 697 legem
1074 645 1200 684 certo
1233 640 1367 684 modo
1404 641 1673 699 promulget.

376 726 441 767 Ex
477 723 545 767 liis
577 723 892 781 consequitur,
939 723 1084 780 legem
1119 723 1300 767 differre
1345 738 1369 767 a
1420 727 1660 782 praecepto
1702 723 1808 783 quia
1855 737 2034 782 praece-

255 809 382 862 ptum
417 811 486 849 est
520 806 770 864 privatum,
807 805 1096 863 extinguitur
1136 810 1283 850 morte
1319 806 1658 864 praecipientis,
1703 821 1797 851 non
1831 810 1900 851 cst
1946 811 2035 851 ter-

256 889 457 933 ritoriale
491 890 568 933 sed
605 891 856 948 personale.

374 974 506 1017 Hisce
540 973 818 1031 praehabitis
852 974 925 1017 lex
967 972 1276 1018 ecclesiastica
1318 972 1500 1017 deliniri
1535 979 1709 1032 potest:
1761 993 1779 1014 a
1806 974 2035 1018 ordinatio

256 1057 446 1101 rationis
478 1056 533 1100 ad
567 1057 738 1101 bonum
774 1070 1022 1101 commune
1057 1056 1292 1100 societatis
1324 1056 1660 1102 ecclesiasticae
1693 1057 1750 1101 ab
1782 1070 1834 1102 eo
1857 1056 1933 1116 qui
1958 1070 2034 1101 cu-

258 1153 353 1183 ram
389 1139 528 1197 ipsius
563 1139 699 1184 habet
731 1140 1012 1183 sufficienter
1047 1139 1332 1197 promulgata
1361 1157 1399 1183 υ.

196 1229 249 1282 >ς
375 1224 415 1266 2.
455 1226 557 1266 Post
590 1236 643 1266 ea
675 1236 793 1281 quae
826 1222 1029 1266 diximus
1061 1222 1115 1266 de
1151 1223 1246 1279 lege
1280 1221 1324 1265 in
1360 1236 1527 1279 genere
1562 1236 1654 1267 non
1689 1227 1912 1280 superest,
1949 1222 2035 1267 nisi

251 1305 306 1350 de
341 1305 513 1363 legibus
547 1305 869 1350 ecclesiasticis
901 1306 1108 1350 dicamus
1142 1306 1372 1365 quomodo
1417 1306 1781 1364 promulgentur.
1829 1305 2035 1365 Antiqui-

257 1394 328 1433 tus
363 1402 460 1433 mos
493 1394 589 1433 erat
625 1394 673 1433 ut
707 1390 826 1446 leges
859 1403 974 1448 quae
1020 1394 1189 1434 Romae
1240 1391 1642 1447 promulgarentur
1682 1389 1738 1433 ad
1782 1388 2037 1433 ordinarios

191 1478 208 1509 ⁷1
257 1473 556 1517 mitterentur
589 1487 668 1531 per
699 1472 917 1517 diaconos
953 1474 1024 1517 vel
1059 1473 1351 1532 presbyteros
1385 1474 1417 1528 ²,
1454 1478 1504 1516 ut
1537 1473 1582 1516 in
1616 1471 1818 1531 qualibet
1840 1473 2036 1517 dioecesi

257 1557 674 1613 promulgarentur,
710 1561 847 1615 atque
883 1556 986 1601 inde
1020 1556 1217 1614 obligare
1241 1556 1513 1613 inciperent.
1555 1559 1724 1600 Verum
1747 1560 1895 1600 tractu
1924 1561 2035 1600 tem-

255 1639 374 1696 poris
406 1643 453 1682 et
487 1638 755 1696 praesertim
789 1640 971 1683 saeculo
1008 1639 1141 1683 tertio
1174 1638 1369 1694 decimo,
1407 1653 1513 1682 cum
1564 1638 1794 1696 Principes
1836 1639 2036 1682 saecula-

257 1735 326 1766 res
359 1724 508 1779 legum
543 1722 959 1767 ecclesiasticarum
996 1724 1411 1780 promulgationem
1449 1721 1741 1780 impedirent,
1767 1736 1792 1766 a
1818 1721 2036 1767 pontifice

258 1806 456 1850 Martino
493 1809 545 1850 [V
582 1805 735 1863 praxis
768 1806 781 1828 ³
830 1806 1017 1850 inducta
1051 1811 1119 1850 est
1154 1810 1201 1849 ut
1237 1807 1309 1850 lex
1346 1805 1581 1850 Pontificis
1623 1809 1790 1849 Romae
1835 1810 2036 1848 tantum-

256 1889 390 1933 modo
416 1889 459 1932 in
485 1888 594 1932 locis
627 1889 789 1947 populo
814 1889 1201 1948 frequentioribus
1226 1889 1647 1947 promulgarentur.
1688 1887 1861 1931 Nostris
1884 1886 2035 1931 novis-

253 1971 381 2016 simis
413 1972 695 2031 temporibus
730 1972 849 2029 leges
884 1972 1115 2017 pontilicis
1150 1971 1325 2029 vulgari
1361 1975 1612 2028 coeperunt
1658 1970 1701 2013 in
1739 1972 1840 2014 Λεία)
1877 1970 2039 2027 Campi

203 2080 207 2083 «
256 2056 436 2109 Florae,
474 2057 537 2100 ad
585 2057 744 2100 valvas
781 2058 949 2100 Cariae
995 2058 1390 2110 Iiznocenez'atiae,
1426 2061 1467 2098 et
1505 2054 1827 2098 Cancellariae
1861 2059 2036 2110 Aposto-

252 2139 382 2193 licae,
422 2153 506 2183 nec
542 2153 630 2182 nou
668 2139 731 2183 ad
764 2140 925 2183 valvas
963 2139 1191 2183 Basilicae
1216 2140 1291 2182 SS.
1322 2138 1637 2194 Apostolorum
1663 2139 1791 2180 Petra·
1812 2142 1852 2179 et
1877 2135 2031 2180 Pauli.

254 2222 397 2266 Hodie
429 2223 485 2266 ad
518 2223 678 2267 valvas
711 2222 871 2268 Curiae
918 2221 1280 2266 Innocentianae
1316 2220 1564 2279 publicatio
1597 2219 1828 2264 omittitur
1865 2219 1921 2263 ob
1954 2218 2035 2263 im-

254 2309 480 2349 mutatam
515 2305 600 2349 loci
640 2305 971 2350 conditionem.
1015 2308 1227 2350 Ceterum
1265 2305 1376 2349 haec
1417 2302 1721 2362 promulgatio
1760 2301 1947 2356 suflicit,
1988 2306 2036 2344 ut

254 2387 326 2430 lex
362 2387 407 2431 in
439 2401 527 2432 sua
571 2391 768 2432 essentia
807 2388 1131 2432 constituatur.
1185 2388 1312 2442 Quod
1347 2388 1564 2446 probatur
1604 2400 1660 2430 em
1702 2385 1842 2442 facta
1894 2383 2036 2443 Siqui-

253 2470 356 2514 dem
393 2471 438 2514 in
473 2472 603 2516 Curia
642 2475 846 2516 Romana
881 2472 1021 2516 totius
1053 2472 1175 2516 orbis
1198 2471 1299 2515 lites
1322 2469 1609 2516 definiuntur
1633 2468 1762 2513 iuxta
1785 2469 1906 2525 leges
1923 2470 2034 2511 l’on-

373 2639 383 2658 ¹
413 2640 497 2684 Gap.
527 2639 589 2675 ult.
628 2640 671 2675 de
711 2639 769 2676 off.
798 2641 883 2685 Leg.
923 2640 1086 2681 summ,
1115 2649 1173 2684 op.
1213 2639 1270 2675 cit.
1309 2648 1387 2682 cap.
1417 2638 1491 2681 XL,
1521 2638 1550 2679 1,
1569 2637 1613 2673 cf.
1641 2636 1728 2674 Ben.
1756 2634 1853 2678 XIV,
1879 2635 1923 2671 de
1949 2634 2035 2680 Syn.

253 2712 368 2749 dioec.
397 2711 427 2746 1.
455 2709 488 2746 6.
515 2721 544 2746 o.
572 2710 603 2745 5.
633 2711 717 2747 [sm.
745 2711 766 2746 l.
794 2710 815 2746 2
841 2715 951 2757 etym.
979 2722 1009 2747 c.
1040 2711 1094 2747 10.
1123 2712 1163 2746 D.
1191 2710 1320 2746 Thom.
1351 2709 1391 2744 la
1442 2708 1507 2743 2³2
1535 2718 1567 2754 q.
1594 2707 1650 2750 95,
1677 2713 1743 2744 art.
1770 2708 1804 2743 5.

372 2782 384 2800 ²
411 2782 463 2817 Cf.
489 2783 663 2823 ZACCAR„
691 2782 802 2819 Aniif.
830 2788 916 2818 tom.
947 2782 1000 2825 11,
1027 2782 1114 2818 diss.
1143 2782 1205 2818 XI.

374 2851 385 2870 ³
413 2853 456 2888 Et
482 2862 571 2888 sane
604 2852 781 2888 Martinus
810 2853 856 2887 IV
888 2853 1045 2897 primum
1071 2851 1257 2888 affixionis
1284 2850 1493 2896 exemplum
1521 2850 1698 2896 praebuit,
1726 2849 1787 2895 qui
1814 2858 1912 2885 anno
1943 2847 2033 2884 1281

254 2925 487 2971 Imperatoris
516 2925 707 2961 Michaelis
735 2924 922 2970 Paleologi
949 2924 1370 2961 excommunicationem
1408 2924 1447 2959 in
1473 2923 1578 2960 ostiis
1609 2922 1759 2959 maioris
1791 2921 2035 2958 Urbevitanae

251 2997 429 3034 ecclesiae
463 2996 526 3033 ubi
558 2995 715 3041 degebat
742 2995 913 3031 Pontifex
941 2996 1117 3041 suspendi
1144 2995 1238 3032 feeit.
1267 2994 1357 3031 Bull.
1384 2995 1488 3031 Rom.
1517 2999 1603 3030 tom.
1631 2992 1693 3036 111,
1719 3002 1752 3038 p.
1779 2991 1812 3028 2.
1843 2991 1895 3029 Cf.
1922 2991 2035 3028 Amn-

253 3077 325 3103 Nssa
353 3077 411 3112 op.
438 3066 498 3102 cit.
523 3070 538 3106 ς
565 3066 645 3103 207.

2145 2935 2164 3106 ..ἢδη-’,ηε-
2151 2900 2165 2927 0
2155 2878 2164 2891 ·.-
2158 2809 2163 2821 -
