2176 3386
995 39 1002 47 .

994 52 1016 62 1-

793 210 924 239 LIBER
952 211 976 238 1.
1007 210 1065 238 DE
1095 209 1289 239 CLEmcls
1855 198 1932 238 231

142 317 398 376 gnitionem
430 332 677 364 causarum
709 318 918 363 civilium
954 319 1238 374 mercedum,
1273 323 1320 363 et
1352 318 1685 371 miserahilium
1719 332 1933 377 persona·

142 414 271 458 rum;
308 401 386 446 sed
417 401 568 461 quoad
600 402 817 446 deIIctum
853 401 1166 459 excipiuntur,
1192 401 1228 445 si
1252 406 1430 446 certum
1459 401 1516 446 ab
1541 400 1797 460 Apostolica
1821 401 1934 447 Sede

141 481 338 528 iudicem
373 483 677 528 obtinuerunt
708 497 766 528 ex
801 484 1004 528 Trident.
1029 485 1042 508 ¹

259 567 330 611 56.
367 567 523 620 Quoad
561 567 876 625 cognitionem
909 572 955 612 et
986 567 1305 634 definitionem
1339 581 1600 622 causarum,
1623 581 1742 627 quac
1764 581 1930 626 cogno-

139 650 203 695 sci
234 650 499 695 debuissent
532 650 590 695 ab
621 665 781 696 eorum
815 650 1040 695 iudicibus
1071 650 1492 706 conservatoribus,
1527 650 1563 695 si
1598 650 1667 695 liis
1698 650 1797 695 ausi
1836 651 1932 696 fue·

141 731 237 777 rint
268 733 402 779 aliter
433 735 517 790 uti,
553 748 691 794 quam
728 734 856 779 iuxta
891 735 1087 779 formam
1123 734 1450 792 praescriptam
1485 748 1510 778 a
1544 734 1761 792 Gregorio
1797 737 1873 778 XV
1898 734 1928 780 ².

259 818 330 862 57.
367 819 523 872 Quoad
559 818 895 863 absolutionem
928 831 953 862 a
986 818 1284 876 suspensione
1319 817 1501 862 incursa
1549 818 1606 862 ob
1652 818 1932 863 benedictio·

141 916 247 947 nem
284 902 535 960 nuptialem
569 903 725 947 datam
760 901 939 960 sponsis
971 901 1159 946 alterius
1193 901 1379 959 parochi
1406 901 1505 947 sine
1528 901 1665 946 huius
1687 901 1874 946 licentia
1897 902 1928 947 ³.

259 985 331 1030 58.
369 987 526 1040 Quoad
559 985 969 1030 denunciationem
1004 984 1180 1042 publice
1206 984 1470 1030 faciendam
1489 985 1547 1029 ab
1568 985 1798 1044 episcopo,
1822 999 1932 1045 quo-

109 1126 115 1131 *
139 1068 226 1113 ties
259 1068 300 1113 ei
334 1069 614 1125 constiterit,
651 1070 880 1127 regulares
913 1068 1159 1114 incurrisse
1194 1081 1430 1124 censuras,
1456 1083 1573 1128 quae
1597 1070 1694 1126 ipso
1720 1069 1841 1113 facto
1865 1069 1932 1113 in-

138 1158 410 1209 curruntur;
446 1153 695 1198 dummodo
731 1153 843 1197 llaec
876 1151 1174 1197 denunciatio
1208 1153 1472 1197 animarum
1510 1152 1645 1197 saluti
1692 1154 1931 1210 profutura

139 1236 400 1281 videatur&

259 1319 329 1362 59.
367 1318 523 1373 Quoad
560 1317 860 1363 violationem
895 1317 1208 1362 immunitatis
1240 1317 1577 1362 ecclesiasticae
1600 1318 1629 1361 ⁵.

255 1403 328 1447 40.
367 1402 524 1456 Quoad
547 1402 851 1446 offensionem
876 1400 959 1459 ipsi
984 1401 1194 1459 episcopo
1219 1415 1243 1446 a
1268 1402 1552 1460 regularibus
1571 1402 1709 1447 etiam
1737 1405 1778 1447 S.
1802 1407 1930 1447 Ioan-

141 1484 212 1530 nis
245 1484 651 1542 Hierosolymitani
687 1485 878 1540 illatam,
904 1489 950 1529 et
982 1485 1130 1543 quoad
1171 1484 1555 1543 impedimentum
1598 1485 1925 1531 iurisdictionis

49 1575 59 1586 ·
138 1567 464 1625 praelatorum,
501 1581 559 1612 ne
594 1581 762 1612 munus
795 1581 930 1612 suum
965 1568 1307 1627 exequanturfi.

253 1652 325 1695 41.
363 1652 520 1706 Quoad
553 1650 803 1696 laesionem
840 1652 1177 1707 ministrorum,
1213 1657 1259 1696 et
1292 1651 1554 1697 officialium
1580 1653 1734 1698 curiae
1762 1653 1931 1711 episco-

142 1735 254 1795 palis
278 1738 308 1780 ⁷.

253 1820 324 1863 42.
363 1819 519 1872 Quoad
554 1820 827 1878 praestanda
866 1820 1082 1877 Episcopo
1115 1818 1267 1863 debita
1301 1817 1534 1878 obsequia,
1580 1824 1626 1863 et
1667 1818 1927 1865 baldachini

135 1900 416 1946 erectionem
451 1901 496 1946 in
531 1901 629 1946 eius
662 1915 848 1946 accessu
882 1902 937 1946 ad
962 1902 1143 1946 illorum
1179 1901 1411 1955 ecclesias,
1440 1916 1518 1961 pro
1552 1900 1610 1945 ibi
1646 1901 1930 1946 celebrandis

136 1983 495 2042 pontificalibus:
532 1985 651 2044 quod
685 1985 719 2030 si
754 1985 906 2029 facere
942 1989 1168 2039 renuant,
1207 1988 1355 2043 potest
1387 1984 1507 2029 idem
1544 1983 1790 2044 Episcopus
1829 1985 1927 2030 abs-

136 2079 225 2125 que
256 2065 344 2111 alia
378 2067 635 2112 monitione
669 2066 968 2111 interdictum
1002 2067 1223 2112 ecclesiae
1258 2067 1477 2123 indicere,
1513 2071 1559 2111 et
1591 2067 1867 2113 denuntiare
1892 2068 1924 2110 ⁸.

249 2149 322 2193 45.
362 2151 520 2202 Quoad
557 2150 844 2209 punitionem
880 2150 1034 2196 delicti
1068 2151 1303 2196 commissi
1335 2156 1497 2196 contra
1545 2165 1766 2210 personas
1806 2151 1927 2198 infra

255 2344 264 2363 ¹
293 2345 379 2391 Cap.
408 2346 506 2391 XIV,
534 2347 631 2384 Sess.
658 2347 737 2393 VII,
764 2352 798 2384 el
826 2359 906 2394 cap.
936 2350 952 2385 1
989 2350 1150 2386 Volentes
1175 2350 1219 2386 de
1250 2350 1369 2395 privil.
1397 2350 1436 2386 In
1461 2351 1494 2387 6.

255 2418 267 2436 ‘²
293 2418 415 2455 Const.
444 2421 702 2457 Sanctissimus
726 2420 774 2457 20
798 2420 882 2467 Sep.
911 2420 1014 2458 1621.

254 2491 266 2512 ³
293 2493 391 2529 Trid.
418 2502 496 2539 cap.
525 2492 605 2537 VII,
632 2495 729 2532 Sess.
757 2494 879 2531 XXIV
906 2495 951 2531 de
978 2494 1053 2531 Ref.
1081 2495 1242 2531 matrim.

255 2564 270 2584 ⁸
295 2565 526 2602 ClementIna
551 2566 565 2602 I
592 2567 762 2613 Reliqiosi
787 2567 832 2603 de
860 2568 980 2613 privil.

250 2636 263 2656 ⁶
290 2637 412 2674 const.
440 2637 546 2683 Greg.
575 2637 661 2674 XIV
689 2638 781 2675 Cum
806 2639 900 2675 alias
927 2638 973 2675 24
1000 2639 1087 2676 Maii
1116 2637 1219 2682 1591,
1245 2643 1280 2676 et
1307 2639 1442 2676 Bened.
1475 2639 1563 2675 XIII
1602 2639 1664 2675 Ex
1702 2649 1772 2686 quo
1798 2639 1831 2674 6.
1871 2638 1922 2675 Id.

133 2708 229 2746 Iunii
256 2708 357 2753 1725,
385 2716 420 2747 et
446 2720 492 2747 ex
518 2711 665 2748 decreto
693 2711 828 2758 Congr.
857 2712 1103 2750 Immunitatis
1129 2714 1151 2749 5
1179 2713 1351 2750 Februar.
1382 2713 1470 2750 1657
1502 2718 1538 2751 et
1570 2714 1607 2750 in
1625 2713 1767 2760 Papien.
1794 2713 1840 2749 28
1866 2713 1923 2749 Iu-

135 2777 174 2814 lii
203 2778 304 2815 1756.

249 2850 264 2870 ⁸
289 2852 447 2888 Decrcto
474 2852 655 2899 congreg.
697 2854 807 2891 Conc.
846 2855 1052 2901 approbato
1090 2865 1111 2892 a
1143 2855 1325 2902 Gregorio
1352 2856 1438 2892 XIII
1471 2856 1589 2893 relato
1623 2865 1645 2891 a
1682 2856 1846 2902 Fagnan.
1889 2855 1927 2891 in

135 2930 215 2967 cap.
241 2922 360 2960 Grave
383 2925 547 2970 gerimus
573 2925 618 2961 de
645 2924 749 2963 Offic.
775 2926 904 2970 ordin„
931 2936 966 2963 n.
994 2926 1050 2964 79.
1534 2912 1543 2919 ⁹

259 2993 272 3013 ⁷
299 2995 404 3031 Decr.
431 2995 566 3042 Congr.
593 2997 717 3043 Episc,
745 3003 782 3033 et
807 2997 937 3044 Regul.
964 2998 1007 3034 27
1037 2999 1160 3035 Martii
1190 2998 1292 3035 1692.

253 3065 268 3087 ⁸
293 3067 399 3104 Decr.
427 3067 562 3113 Gongr.
590 3069 701 3106 Conc.
728 3069 767 3106 in
799 3069 1010 3116 Venafrana
1035 3069 1222 3107 Interdicti
1246 3070 1292 3107 26
1318 3070 1396 3107 Ian.
1425 3070 1527 3107 1697.
