2176 3386
777 175 908 204 Lmen
935 175 959 203 1.
996 175 1052 203 DE
1083 173 1277 203 CLEmms
1841 161 1920 203 297

139 284 266 339 parte
298 278 483 339 parochi
519 283 710 324 tum-ex
745 283 871 338 parte
907 278 1136 324 missionis
1158 279 1440 324 necessarias
1472 282 1522 323 ut
1555 280 1661 324 talis
1694 279 1920 326 inamovi-

137 363 290 408 bilitas
322 362 593 408 missionum
627 361 881 407 rectoribus
914 361 1193 407 tribueretur
1215 362 1246 405 ¹.
1547 343 1555 352 ¹

257 446 357 490 352.
397 450 531 490 Porro
565 449 615 488 ut
648 444 802 503 paucis
834 448 970 503 atque
1004 458 1059 488 ex
1095 444 1255 489 ordine
1278 459 1395 504 quae
1418 445 1474 489 ad
1500 445 1808 490 parochorum
1842 460 1921 491 na-

135 534 287 574 turam
310 533 358 574 et
378 528 578 574 officium
612 529 847 586 pertinent
881 527 1257 586 perstringamus,
1283 533 1480 586 quatuor
1512 527 1558 572 in
1588 527 1808 573 articulos
1832 532 1920 573 tra-

135 613 386 658 ctationem
412 611 680 670 partiemur,
706 625 900 670 quorum
927 611 1100 669 primus
1117 610 1174 655 sit
1192 611 1246 655 de
1270 625 1430 656 eorum
1454 612 1697 670 electione;
1728 613 1844 657 alter
1865 612 1921 657 de

135 711 293 742 eorum
318 695 692 754 obligationibus3
730 695 892 740 tertius
925 695 978 739 de
1012 694 1193 751 officiis;
1231 700 1422 754 quartus
1455 696 1509 740 de
1543 710 1702 741 eorum
1727 696 1915 741 iuribus.

881 910 1114 938 ARTICULUS
1146 912 1175 940 1.

678 1046 741 1088 De
775 1045 990 1088 electione
1028 1043 1366 1088 Par-oehorum.

254 1196 353 1255 ,δ’-δῇ.
391 1195 613 1248 Quamvis
642 1194 945 1253 appellatione
983 1194 1169 1239 Parochi
1203 1194 1457 1252 generatim
1483 1193 1677 1238 veniant
1711 1193 1920 1252 quicum-

133 1292 220 1336 que
253 1278 514 1322 animarum
548 1291 705 1321 curam
742 1282 979 1332 exercent,
1015 1277 1113 1321 sive
1147 1277 1419 1321 amovihiles
1451 1280 1497 1321 et
1529 1276 1583 1321 ad
1618 1280 1801 1335 tempus
1828 1276 1922 1320 sint

135 1361 232 1406 sive
258 1360 482 1419 perpetui,
508 1359 760 1405 Concilium
786 1364 940 1404 tamen
965 1360 1286 1404 Tridentinum
1311 1359 1325 1382 ²
1358 1373 1572 1418 expresse
1609 1360 1797 1404 mandat
1823 1361 1919 1418 Epi-

132 1444 281 1503 scopis
304 1448 354 1488 ut
387 1444 461 1487 ubi
496 1443 779 1501 parochiales
811 1444 1030 1489 ecclesiae
1064 1449 1215 1488 certos
1248 1457 1343 1488 non
1380 1443 1550 1488 habent
1574 1443 1704 1494 fines,
1730 1457 1816 1488 nec
1847 1457 1919 1488 ea-

134 1542 235 1572 rum
276 1532 475 1572 rectores
509 1527 741 1586 proprium
779 1526 1020 1585 populum,
1061 1527 1135 1571 sed
1175 1527 1431 1586 promiscue
1475 1527 1736 1585 petentibus
1773 1540 1920 1572 sacra-

134 1616 290 1656 menta
314 1610 656 1666 administrant,
693 1625 772 1669 pro
805 1610 962 1655 tutiori
997 1610 1258 1655 animarum
1283 1610 1348 1654 eis
1373 1610 1724 1655 commissarum
1754 1611 1918 1667 salute,

132 1695 348 1739 distincto
389 1695 551 1753 populo
586 1694 630 1738 in
666 1699 815 1739 certas
850 1694 1143 1754 propriasque
1191 1694 1450 1753 paroecias,
1486 1695 1736 1754 unicuique
1785 1708 1920 1739 suum

134 1784 404 1837 perpetuum
450 1779 818 1837 peculiaremque
855 1779 1108 1823 l'arochum
1147 1778 1394 1836 assignent.
1446 1779 1563 1823 Hinc
1607 1781 1703 1823 Sac.
1754 1781 1915 1836 Congr.

132 1861 212 1905 vix
236 1861 463 1919 dignoscit
495 1876 575 1920 per
610 1862 841 1907 Vicarium
875 1866 1092 1907 Curatum
1128 1862 1428 1907 ainovibilem
1462 1863 1724 1907 animarum
1759 1876 1919 1907 curam

132 1945 354 2000 exerceri,
380 1945 613 1990 Vicarium
640 1951 910 2004 perpetuum
944 1947 999 1991 ad
1034 1946 1145 1990 iuris
1179 1948 1376 1992 formam
1412 1946 1672 2005 eligendum
1699 1947 1862 1991 statuit
1884 1947 1916 1992 ³.

134 2028 439 2085 Excipiendae
471 2032 630 2073 tamen
663 2033 771 2074 sunt
808 2029 1099 2087 Regularium
1134 2030 1370 2083 ecclesiae,
1396 2044 1594 2090 quarum
1619 2031 1765 2075 curati
1794 2044 1919 2075 amo-

133 2111 295 2156 vibiles
327 2112 484 2157 sunt&
523 2116 570 2157 In
596 2112 705 2157 loc1s
727 2118 882 2158 autem
920 2114 1208 2167 missionum,
1246 2114 1292 2158 in
1326 2115 1491 2173 quibus
1523 2114 1652 2160 sedes
1685 2114 1916 2172 episcopa-

132 2195 185 2239 lis
217 2195 467 2240 constituta
501 2210 593 2241 non
628 2201 758 2241 extat
790 2202 835 2241 et
869 2198 1105 2255 paroeciae
1154 2197 1377 2242 canonice
1420 2203 1600 2254 erectae
1648 2212 1739 2243 non
1788 2202 1914 2253 suut,

135 2277 410 2323 missionarii
444 2280 708 2324 nullatenus
740 2285 848 2324 sunt
883 2281 1085 2338 parochi,
1122 2280 1199 2325 sed
1235 2280 1464 2339 simplices
1499 2281 1624 2325 verbi
1670 2281 1749 2325 Dei
1794 2295 1919 2339 prae·

133 2373 271 2405 eones
294 2360 321 2405 ⁵.

253 2444 352 2488 554.
392 2449 528 2490 Porro
561 2459 719 2490 curam
744 2446 1005 2491 animarum
1031 2451 1341 2505 suscepturos,
1367 2451 1546 2505 oportet
1572 2461 1664 2492 non
1695 2447 1829 2491 modo
1852 2447 1919 2491 vi-

258 2500 339 2515 ,ρ

133 2524 357 2582 gesimum
405 2527 620 2586 quintum
669 2529 834 2574 aetatis
876 2544 1052 2575 annum
1086 2530 1252 2575 saltem
1295 2530 1526 2588 attigisse,
1575 2544 1739 2574 verum
1777 2529 1919 2574 etiam

253 2674 263 2693 ¹
292 2675 361 2711 Cfr.
388 2675 594 2714 Concilium
621 2677 766 2715 tertium
795 2678 1060 2715 Baltimorense
1086 2679 1130 2716 de
1148 2679 1330 2716 Parochis
1357 2690 1421 2717 seu
1443 2680 1659 2718 [lectoribus
1688 2680 1919 2718 missionum.

249 2745 261 2763 ²
289 2745 385 2783 Sess
414 2747 547 2789 XXIV,
575 2748 660 2794 Cap.
688 2747 793 2790 xm,
813 2749 856 2786 de
881 2750 1040 2795 Reform.

251 2816 264 2836 ³
291 2818 370 2855 Sao.
397 2818 512 2866 Cong.
553 2820 590 2855 in
614 2821 766 2866 Neapol.
800 2821 871 2858 Vic.
901 2822 1029 2859 Curata·
1051 2833 1153 2869 perp.
1190 2822 1262 2859 diei
1290 2821 1337 2858 26
1364 2823 1455 2859 iunii
1490 2823 1605 2866 1875,
1635 2824 1672 2859 in
1700 2823 1922 2860 Melevitana

135 2887 254 2925 Curae
279 2890 489 2927 animarum
514 2891 561 2927 26
586 2892 713 2938 aprilis
743 2893 847 2929 1879.

250 2958 264 2979 ⁸
290 2961 400 2998 Cone.
428 2962 525 3000 Trid.
553 2963 649 3000 Sess.
677 2964 793 3007 XXV,
821 2964 907 3009 Cap.
934 2965 997 3008 XI,
1025 2965 1067 3001 de
1093 2965 1177 3011 Req.

251 3030 264 3050 ³
294 3032 374 3069 Sac.
404 3032 540 3079 congr.
567 3035 645 3071 Fid.
672 3035 780 3081 Prop.
808 3039 954 3075 decreto
980 3035 1027 3073 28
1054 3036 1127 3073 ian.
1157 3035 1258 3072 1780.
