<?xml version="1.0" encoding="UTF-8"?>
<!DOCTYPE html PUBLIC "-//W3C//DTD XHTML 1.0 Transitional//EN"
    "http://www.w3.org/TR/xhtml1/DTD/xhtml1-transitional.dtd">
<html xmlns="http://www.w3.org/1999/xhtml" xml:lang="en" lang="en">
 <head>
  <title>
</title>
<meta http-equiv="Content-Type" content="text/html;charset=utf-8" />
  <meta name='ocr-system' content='tesseract 3.04.00' />
  <meta name='ocr-capabilities' content='ocr_page ocr_carea ocr_par ocr_line ocrx_word'/>
</head>
<body>
  <div class='ocr_page' id='page_1' title='image "apparatus00ziteuoft_0434.png"; bbox 0 0 2176 3386; ppageno 0'>
   <div class='ocr_carea' id='block_1_1' title="bbox 1099 0 1470 15">
    <p class='ocr_par' dir='ltr' id='par_1_1' title="bbox 1099 0 1470 15">
     <span class='ocr_line' id='line_1_1' title="bbox 1099 0 1470 15; baseline -0.005 -3"><span class='ocrx_word' id='word_1_1' title='bbox 1099 0 1102 2; x_wconf 69' lang='grc'>’</span> <span class='ocrx_word' id='word_1_2' title='bbox 1139 0 1148 11; x_wconf 62' lang='grc' dir='ltr'>κ</span> <span class='ocrx_word' id='word_1_3' title='bbox 1172 0 1187 12; x_wconf 71' lang='lat' dir='ltr'>:r</span> <span class='ocrx_word' id='word_1_4' title='bbox 1232 0 1315 15; x_wconf 42' lang='grc' dir='ltr'>»γ’--</span> <span class='ocrx_word' id='word_1_5' title='bbox 1353 0 1389 7; x_wconf 91' lang='grc'>--</span> <span class='ocrx_word' id='word_1_6' title='bbox 1412 0 1470 15; x_wconf 65' lang='grc' dir='ltr'>-ς-,</span> 
     </span>
    </p>
   </div>
   <div class='ocr_carea' id='block_1_2' title="bbox 229 170 1371 210">
    <p class='ocr_par' dir='ltr' id='par_1_2' title="bbox 229 170 1371 210">
     <span class='ocr_line' id='line_1_2' title="bbox 229 170 1371 210; baseline -0.004 0"><span class='ocrx_word' id='word_1_7' title='bbox 229 170 308 210; x_wconf 89' lang='grc'>422</span> <span class='ocrx_word' id='word_1_8' title='bbox 874 178 984 208; x_wconf 78' lang='lat' dir='ltr'><strong>PARS</strong></span> <span class='ocrx_word' id='word_1_9' title='bbox 1014 178 1041 205; x_wconf 86' lang='lat'>1.</span> <span class='ocrx_word' id='word_1_10' title='bbox 1074 175 1130 204; x_wconf 80' lang='lat' dir='ltr'>DE</span> <span class='ocrx_word' id='word_1_11' title='bbox 1158 175 1371 207; x_wconf 72' lang='lat' dir='ltr'>Pi-:nsoms</span> 
     </span>
    </p>
   </div>
   <div class='ocr_carea' id='block_1_3' title="bbox 258 232 1405 238">
    <p class='ocr_par' dir='ltr' id='par_1_3' title="bbox 258 232 1405 238">
     <span class='ocr_line' id='line_1_3' title="bbox 258 232 1405 238; baseline 0 0"><span class='ocrx_word' id='word_1_12' title='bbox 258 232 1405 238; x_wconf 95' lang='lat' dir='ltr'> </span> 
     </span>
    </p>
   </div>
   <div class='ocr_carea' id='block_1_4' title="bbox 230 283 2011 2007">
    <p class='ocr_par' dir='ltr' id='par_1_4' title="bbox 231 283 2011 1177">
     <span class='ocr_line' id='line_1_4' title="bbox 232 283 2009 344; baseline -0.001 -13"><span class='ocrx_word' id='word_1_13' title='bbox 232 286 287 331; x_wconf 90' lang='lat' dir='ltr'>de</span> <span class='ocrx_word' id='word_1_14' title='bbox 308 284 567 344; x_wconf 80' lang='lat' dir='ltr'>adprobatis</span> <span class='ocrx_word' id='word_1_15' title='bbox 584 285 612 328; x_wconf 79' lang='lat'>¹.</span> <span class='ocrx_word' id='word_1_16' title='bbox 637 283 880 343; x_wconf 81' lang='lat' dir='ltr'>Gregorius</span> <span class='ocrx_word' id='word_1_17' title='bbox 901 287 1056 329; x_wconf 88' lang='lat' dir='ltr'>autem</span> <span class='ocrx_word' id='word_1_18' title='bbox 1078 288 1112 329; x_wconf 84' lang='lat' dir='ltr'>X</span> <span class='ocrx_word' id='word_1_19' title='bbox 1136 283 1255 328; x_wconf 89' lang='lat' dir='ltr'>ultro</span> <span class='ocrx_word' id='word_1_20' title='bbox 1277 297 1539 342; x_wconf 85' lang='lat' dir='ltr'>progressus</span> <span class='ocrx_word' id='word_1_21' title='bbox 1559 288 1644 329; x_wconf 89' lang='lat' dir='ltr'>est.</span> <span class='ocrx_word' id='word_1_22' title='bbox 1673 284 1863 342; x_wconf 80' lang='lat' dir='ltr'>Agitans</span> <span class='ocrx_word' id='word_1_23' title='bbox 1884 284 2009 330; x_wconf 90' lang='lat' dir='ltr'>enim</span> 
     </span>
     <span class='ocr_line' id='line_1_5' title="bbox 231 365 2009 428; baseline 0 -15"><span class='ocrx_word' id='word_1_24' title='bbox 231 368 351 428; x_wconf 92' lang='lat' dir='ltr'>quod</span> <span class='ocrx_word' id='word_1_25' title='bbox 388 382 481 414; x_wconf 94' lang='lat' dir='ltr'>non</span> <span class='ocrx_word' id='word_1_26' title='bbox 505 368 650 413; x_wconf 86' lang='lat' dir='ltr'>solum</span> <span class='ocrx_word' id='word_1_27' title='bbox 677 367 940 426; x_wconf 89' lang='lat' dir='ltr'>importuna</span> <span class='ocrx_word' id='word_1_28' title='bbox 963 366 1221 426; x_wconf 88' lang='lat' dir='ltr'>potentium</span> <span class='ocrx_word' id='word_1_29' title='bbox 1256 365 1452 411; x_wconf 84' lang='lat' dir='ltr'>initiatio</span> <span class='ocrx_word' id='word_1_30' title='bbox 1486 367 1755 425; x_wconf 79' lang='lat' dir='ltr'><strong>religionum</strong></span> <span class='ocrx_word' id='word_1_31' title='bbox 1792 371 1894 425; x_wconf 87' lang='lat' dir='ltr'>post</span> <span class='ocrx_word' id='word_1_32' title='bbox 1915 381 2009 413; x_wconf 87' lang='lat' dir='ltr'>mo·</span> 
     </span>
     <span class='ocr_line' id='line_1_6' title="bbox 233 449 2010 509; baseline -0.001 -14"><span class='ocrx_word' id='word_1_33' title='bbox 233 452 342 496; x_wconf 89' lang='lat' dir='ltr'>dum</span> <span class='ocrx_word' id='word_1_34' title='bbox 378 451 808 509; x_wconf 83' lang='lat' dir='ltr'>multiplicationem</span> <span class='ocrx_word' id='word_1_35' title='bbox 842 449 1069 504; x_wconf 85' lang='lat' dir='ltr'>extensit,</span> <span class='ocrx_word' id='word_1_36' title='bbox 1107 463 1268 497; x_wconf 90' lang='lat' dir='ltr'>verum</span> <span class='ocrx_word' id='word_1_37' title='bbox 1303 449 1442 494; x_wconf 88' lang='lat' dir='ltr'>etiam</span> <span class='ocrx_word' id='word_1_38' title='bbox 1485 449 1742 508; x_wconf 87' lang='lat' dir='ltr'>aliquorum</span> <span class='ocrx_word' id='word_1_39' title='bbox 1775 462 2010 507; x_wconf 90' lang='lat' dir='ltr'>praesum-</span> 
     </span>
     <span class='ocr_line' id='line_1_7' title="bbox 235 531 2009 594; baseline -0.001 -14"><span class='ocrx_word' id='word_1_40' title='bbox 235 539 395 594; x_wconf 90' lang='lat' dir='ltr'>ptuosa</span> <span class='ocrx_word' id='word_1_41' title='bbox 428 534 664 579; x_wconf 78' lang='lat' dir='ltr'>temeritas</span> <span class='ocrx_word' id='word_1_42' title='bbox 686 533 971 578; x_wconf 87' lang='lat' dir='ltr'>diversorum</span> <span class='ocrx_word' id='word_1_43' title='bbox 996 531 1207 577; x_wconf 80' lang='lat' dir='ltr'>ordinum</span> <span class='ocrx_word' id='word_1_44' title='bbox 1233 531 1472 590; x_wconf 81' lang='lat' dir='ltr'>praecipue</span> <span class='ocrx_word' id='word_1_45' title='bbox 1497 531 1860 577; x_wconf 84' lang='lat' dir='ltr'>mendicantium</span> <span class='ocrx_word' id='word_1_46' title='bbox 1884 533 2009 592; x_wconf 88' lang='lat' dir='ltr'>(quo-</span> 
     </span>
     <span class='ocr_line' id='line_1_8' title="bbox 232 613 2010 675; baseline -0.002 -12"><span class='ocrx_word' id='word_1_47' title='bbox 232 634 333 663; x_wconf 89' lang='lat' dir='ltr'>rum</span> <span class='ocrx_word' id='word_1_48' title='bbox 369 618 574 663; x_wconf 93' lang='lat' dir='ltr'>nondum</span> <span class='ocrx_word' id='word_1_49' title='bbox 619 615 961 675; x_wconf 87' lang='lat' dir='ltr'>adprobationis</span> <span class='ocrx_word' id='word_1_50' title='bbox 994 628 1202 659; x_wconf 87' lang='lat' dir='ltr'>meruere</span> <span class='ocrx_word' id='word_1_51' title='bbox 1237 613 1527 672; x_wconf 88' lang='lat' dir='ltr'>principium)</span> <span class='ocrx_word' id='word_1_52' title='bbox 1570 615 1841 659; x_wconf 83' lang='lat' dir='ltr'>effrenatam</span> <span class='ocrx_word' id='word_1_53' title='bbox 1882 615 2010 675; x_wconf 85' lang='lat' dir='ltr'>quasi</span> 
     </span>
     <span class='ocr_line' id='line_1_9' title="bbox 234 696 2011 757; baseline -0.003 -11"><span class='ocrx_word' id='word_1_54' title='bbox 234 701 578 746; x_wconf 87' lang='lat' dir='ltr'>multitudinem</span> <span class='ocrx_word' id='word_1_55' title='bbox 613 699 922 753; x_wconf 83' lang='lat' dir='ltr'>adinvenerit,</span> <span class='ocrx_word' id='word_1_56' title='bbox 951 699 1142 757; x_wconf 87' lang='lat' dir='ltr'>repetita</span> <span class='ocrx_word' id='word_1_57' title='bbox 1176 696 1505 742; x_wconf 83' lang='lat' dir='ltr'>constitutione</span> <span class='ocrx_word' id='word_1_58' title='bbox 1528 696 1779 742; x_wconf 88' lang='lat' dir='ltr'>districtius</span> <span class='ocrx_word' id='word_1_59' title='bbox 1810 696 2011 741; x_wconf 73' lang='lat' dir='ltr'>inhibuit</span> 
     </span>
     <span class='ocr_line' id='line_1_10' title="bbox 234 779 2010 851; baseline -0.003 -22"><span class='ocrx_word' id='word_1_60' title='bbox 234 799 291 829; x_wconf 91' lang='lat' dir='ltr'>ne</span> <span class='ocrx_word' id='word_1_61' title='bbox 324 784 486 844; x_wconf 87' lang='lat' dir='ltr'>aliquis</span> <span class='ocrx_word' id='word_1_62' title='bbox 518 783 573 828; x_wconf 90' lang='lat' dir='ltr'>de</span> <span class='ocrx_word' id='word_1_63' title='bbox 611 787 763 828; x_wconf 91' lang='lat' dir='ltr'>cetero</span> <span class='ocrx_word' id='word_1_64' title='bbox 800 795 973 851; x_wconf 68' lang='lat' dir='ltr'>novum</span> <span class='ocrx_word' id='word_1_65' title='bbox 1007 781 1215 825; x_wconf 80' lang='lat' dir='ltr'>ordinem</span> <span class='ocrx_word' id='word_1_66' title='bbox 1249 794 1302 824; x_wconf 90' lang='lat' dir='ltr'>ac</span> <span class='ocrx_word' id='word_1_67' title='bbox 1339 779 1605 837; x_wconf 82' lang='lat' dir='ltr'>religionem</span> <span class='ocrx_word' id='word_1_68' title='bbox 1638 779 1908 825; x_wconf 84' lang='lat' dir='ltr'>adinveniat</span> <span class='ocrx_word' id='word_1_69' title='bbox 1937 780 2010 824; x_wconf 82' lang='lat' dir='ltr'>vel</span> 
     </span>
     <span class='ocr_line' id='line_1_11' title="bbox 234 863 2009 923; baseline -0.003 -11"><span class='ocrx_word' id='word_1_70' title='bbox 234 868 441 912; x_wconf 85' lang='lat' dir='ltr'>habitum</span> <span class='ocrx_word' id='word_1_71' title='bbox 472 881 620 911; x_wconf 87' lang='lat' dir='ltr'>novae</span> <span class='ocrx_word' id='word_1_72' title='bbox 646 864 874 923; x_wconf 80' lang='lat' dir='ltr'>religionis</span> <span class='ocrx_word' id='word_1_73' title='bbox 897 868 1123 908; x_wconf 84' lang='lat' dir='ltr'>assumat:</span> <span class='ocrx_word' id='word_1_74' title='bbox 1160 869 1352 908; x_wconf 86' lang='lat' dir='ltr'>cunctas</span> <span class='ocrx_word' id='word_1_75' title='bbox 1374 864 1559 921; x_wconf 88' lang='lat' dir='ltr'>insuper</span> <span class='ocrx_word' id='word_1_76' title='bbox 1592 863 1832 921; x_wconf 81' lang='lat' dir='ltr'>religiones</span> <span class='ocrx_word' id='word_1_77' title='bbox 1863 868 1909 908; x_wconf 86' lang='lat' dir='ltr'>et</span> <span class='ocrx_word' id='word_1_78' title='bbox 1940 878 2009 908; x_wconf 92' lang='lat' dir='ltr'>or-</span> 
     </span>
     <span class='ocr_line' id='line_1_12' title="bbox 232 946 2007 1006; baseline -0.003 -10"><span class='ocrx_word' id='word_1_79' title='bbox 232 952 362 996; x_wconf 90' lang='lat' dir='ltr'>dines</span> <span class='ocrx_word' id='word_1_80' title='bbox 395 949 711 995; x_wconf 83' lang='lat' dir='ltr'>mendicantes</span> <span class='ocrx_word' id='word_1_81' title='bbox 745 953 844 1006; x_wconf 89' lang='lat' dir='ltr'>post</span> <span class='ocrx_word' id='word_1_82' title='bbox 880 947 1053 992; x_wconf 91' lang='lat' dir='ltr'>dictum</span> <span class='ocrx_word' id='word_1_83' title='bbox 1088 946 1339 992; x_wconf 82' lang='lat' dir='ltr'>Concilium</span> <span class='ocrx_word' id='word_1_84' title='bbox 1376 951 1680 992; x_wconf 88' lang='lat' dir='ltr'>Lateranense</span> <span class='ocrx_word' id='word_1_85' title='bbox 1715 946 2007 1003; x_wconf 88' lang='lat' dir='ltr'>adinventos,</span> 
     </span>
     <span class='ocr_line' id='line_1_13' title="bbox 231 1030 2010 1093; baseline -0.002 -15"><span class='ocrx_word' id='word_1_86' title='bbox 231 1034 308 1093; x_wconf 87' lang='lat' dir='ltr'>qui</span> <span class='ocrx_word' id='word_1_87' title='bbox 343 1034 514 1078; x_wconf 89' lang='lat' dir='ltr'>nullam</span> <span class='ocrx_word' id='word_1_88' title='bbox 553 1031 954 1077; x_wconf 72' lang='lat' dir='ltr'>confirmationem</span> <span class='ocrx_word' id='word_1_89' title='bbox 989 1030 1113 1074; x_wconf 86' lang='lat' dir='ltr'>Sedis</span> <span class='ocrx_word' id='word_1_90' title='bbox 1147 1030 1429 1088; x_wconf 78' lang='lat' dir='ltr'>Apostolicae</span> <span class='ocrx_word' id='word_1_91' title='bbox 1465 1035 1733 1074; x_wconf 89' lang='lat' dir='ltr'>meruerunt</span> <span class='ocrx_word' id='word_1_92' title='bbox 1767 1035 2010 1088; x_wconf 89' lang='lat' dir='ltr'>perpetuae</span> 
     </span>
     <span class='ocr_line' id='line_1_14' title="bbox 236 1112 1760 1177; baseline -0.003 -15"><span class='ocrx_word' id='word_1_93' title='bbox 236 1116 530 1177; x_wconf 85' lang='lat' dir='ltr'>prohibitioni</span> <span class='ocrx_word' id='word_1_94' title='bbox 564 1115 758 1160; x_wconf 87' lang='lat' dir='ltr'>subiecit</span> <span class='ocrx_word' id='word_1_95' title='bbox 790 1121 836 1159; x_wconf 90' lang='lat' dir='ltr'>et</span> <span class='ocrx_word' id='word_1_96' title='bbox 857 1119 1085 1174; x_wconf 89' lang='lat' dir='ltr'>quatenus</span> <span class='ocrx_word' id='word_1_97' title='bbox 1118 1118 1433 1172; x_wconf 85' lang='lat' dir='ltr'>processerant</span> <span class='ocrx_word' id='word_1_98' title='bbox 1467 1113 1706 1158; x_wconf 82' lang='lat' dir='ltr'>revocavit</span> <span class='ocrx_word' id='word_1_99' title='bbox 1729 1112 1760 1158; x_wconf 80' lang='lat'>².</span> 
     </span>
    </p>

    <p class='ocr_par' dir='ltr' id='par_1_5' title="bbox 230 1196 2011 2007">
     <span class='ocr_line' id='line_1_15' title="bbox 323 1196 2011 1260; baseline -0.004 -14"><span class='ocrx_word' id='word_1_100' title='bbox 323 1201 462 1260; x_wconf 83' lang='lat' dir='ltr'>Igitur</span> <span class='ocrx_word' id='word_1_101' title='bbox 496 1200 623 1244; x_wconf 86' lang='lat' dir='ltr'>iuxta</span> <span class='ocrx_word' id='word_1_102' title='bbox 658 1200 738 1243; x_wconf 89' lang='lat' dir='ltr'>has</span> <span class='ocrx_word' id='word_1_103' title='bbox 770 1198 1021 1243; x_wconf 81' lang='lat' dir='ltr'>decretales</span> <span class='ocrx_word' id='word_1_104' title='bbox 1055 1196 1228 1242; x_wconf 92' lang='lat' dir='ltr'>nemini</span> <span class='ocrx_word' id='word_1_105' title='bbox 1263 1196 1438 1241; x_wconf 89' lang='lat' dir='ltr'>licitum</span> <span class='ocrx_word' id='word_1_106' title='bbox 1472 1197 1560 1241; x_wconf 89' lang='lat' dir='ltr'>erit</span> <span class='ocrx_word' id='word_1_107' title='bbox 1592 1210 1737 1242; x_wconf 67' lang='lat' dir='ltr'>novas</span> <span class='ocrx_word' id='word_1_108' title='bbox 1771 1196 2011 1254; x_wconf 80' lang='lat' dir='ltr'>religiones</span> 
     </span>
     <span class='ocr_line' id='line_1_16' title="bbox 232 1279 2008 1341; baseline -0.004 -12"><span class='ocrx_word' id='word_1_109' title='bbox 232 1288 312 1329; x_wconf 86' lang='lat' dir='ltr'>ant</span> <span class='ocrx_word' id='word_1_110' title='bbox 345 1282 721 1341; x_wconf 85' lang='lat' dir='ltr'>congregationes</span> <span class='ocrx_word' id='word_1_111' title='bbox 760 1280 990 1338; x_wconf 84' lang='lat' dir='ltr'>religiosas</span> <span class='ocrx_word' id='word_1_112' title='bbox 1037 1280 1253 1324; x_wconf 87' lang='lat' dir='ltr'>inducere</span> <span class='ocrx_word' id='word_1_113' title='bbox 1294 1279 1463 1338; x_wconf 89' lang='lat' dir='ltr'>absque</span> <span class='ocrx_word' id='word_1_114' title='bbox 1510 1279 1837 1337; x_wconf 82' lang='lat' dir='ltr'>adprobatione</span> <span class='ocrx_word' id='word_1_115' title='bbox 1875 1293 1928 1323; x_wconf 90' lang='lat' dir='ltr'>ac</span> <span class='ocrx_word' id='word_1_116' title='bbox 1962 1279 2008 1322; x_wconf 92' lang='lat' dir='ltr'>li·</span> 
     </span>
     <span class='ocr_line' id='line_1_17' title="bbox 230 1361 2008 1424; baseline -0.003 -12"><span class='ocrx_word' id='word_1_117' title='bbox 230 1368 381 1412; x_wconf 84' lang='lat' dir='ltr'>centia</span> <span class='ocrx_word' id='word_1_118' title='bbox 416 1366 540 1411; x_wconf 85' lang='lat' dir='ltr'>Sedis</span> <span class='ocrx_word' id='word_1_119' title='bbox 564 1365 863 1424; x_wconf 82' lang='lat' dir='ltr'>Apostolicae.</span> <span class='ocrx_word' id='word_1_120' title='bbox 902 1368 1068 1409; x_wconf 85' lang='lat' dir='ltr'>Verum</span> <span class='ocrx_word' id='word_1_121' title='bbox 1096 1363 1352 1408; x_wconf 78' lang='lat' dir='ltr'>Alexander</span> <span class='ocrx_word' id='word_1_122' title='bbox 1375 1366 1431 1406; x_wconf 87' lang='lat' dir='ltr'>Vl</span> <span class='ocrx_word' id='word_1_123' title='bbox 1454 1362 1724 1420; x_wconf 83' lang='lat' dir='ltr'>adprobavit</span> <span class='ocrx_word' id='word_1_124' title='bbox 1747 1361 2008 1406; x_wconf 91' lang='lat' dir='ltr'>institutum</span> 
     </span>
     <span class='ocr_line' id='line_1_18' title="bbox 231 1443 2009 1504; baseline -0.004 -8"><span class='ocrx_word' id='word_1_125' title='bbox 231 1454 272 1495; x_wconf 88' lang='lat' dir='ltr'>S.</span> <span class='ocrx_word' id='word_1_126' title='bbox 297 1456 494 1496; x_wconf 88' lang='lat' dir='ltr'>Ioannae</span> <span class='ocrx_word' id='word_1_127' title='bbox 515 1448 719 1494; x_wconf 87' lang='lat' dir='ltr'>Valesiae</span> <span class='ocrx_word' id='word_1_128' title='bbox 744 1449 833 1493; x_wconf 84' lang='lat' dir='ltr'>iam</span> <span class='ocrx_word' id='word_1_129' title='bbox 858 1449 949 1492; x_wconf 87' lang='lat' dir='ltr'>sola</span> <span class='ocrx_word' id='word_1_130' title='bbox 973 1446 1199 1492; x_wconf 77' lang='lat' dir='ltr'>ordinarii</span> <span class='ocrx_word' id='word_1_131' title='bbox 1219 1445 1545 1504; x_wconf 87' lang='lat' dir='ltr'>adprobatione</span> <span class='ocrx_word' id='word_1_132' title='bbox 1565 1444 1894 1500; x_wconf 82' lang='lat' dir='ltr'>introductum3</span> <span class='ocrx_word' id='word_1_133' title='bbox 1918 1443 2009 1489; x_wconf 91' lang='lat' dir='ltr'>imo</span> 
     </span>
     <span class='ocr_line' id='line_1_19' title="bbox 233 1526 2009 1591; baseline -0.005 -13"><span class='ocrx_word' id='word_1_134' title='bbox 233 1538 332 1591; x_wconf 89' lang='lat' dir='ltr'>post</span> <span class='ocrx_word' id='word_1_135' title='bbox 355 1532 674 1577; x_wconf 81' lang='lat' dir='ltr'>Tridentinum</span> <span class='ocrx_word' id='word_1_136' title='bbox 709 1531 963 1576; x_wconf 89' lang='lat' dir='ltr'>Concilium</span> <span class='ocrx_word' id='word_1_137' title='bbox 997 1530 1069 1574; x_wconf 86' lang='lat' dir='ltr'>lex</span> <span class='ocrx_word' id='word_1_138' title='bbox 1094 1528 1371 1587; x_wconf 88' lang='lat' dir='ltr'>Gregoriana</span> <span class='ocrx_word' id='word_1_139' title='bbox 1405 1532 1450 1572; x_wconf 89' lang='lat' dir='ltr'>et</span> <span class='ocrx_word' id='word_1_140' title='bbox 1483 1527 1815 1572; x_wconf 88' lang='lat' dir='ltr'>Innocentiana</span> <span class='ocrx_word' id='word_1_141' title='bbox 1851 1527 1897 1570; x_wconf 88' lang='lat' dir='ltr'>in</span> <span class='ocrx_word' id='word_1_142' title='bbox 1935 1526 2009 1570; x_wconf 91' lang='lat' dir='ltr'>de-</span> 
     </span>
     <span class='ocr_line' id='line_1_20' title="bbox 233 1610 2009 1672; baseline -0.004 -11"><span class='ocrx_word' id='word_1_143' title='bbox 233 1616 522 1661; x_wconf 73' lang='lat' dir='ltr'>suetudinem</span> <span class='ocrx_word' id='word_1_144' title='bbox 548 1615 676 1670; x_wconf 89' lang='lat' dir='ltr'>abiit,</span> <span class='ocrx_word' id='word_1_145' title='bbox 704 1616 764 1660; x_wconf 86' lang='lat' dir='ltr'>ita</span> <span class='ocrx_word' id='word_1_146' title='bbox 789 1619 838 1659; x_wconf 88' lang='lat' dir='ltr'>ut</span> <span class='ocrx_word' id='word_1_147' title='bbox 863 1619 1096 1672; x_wconf 84' lang='lat' dir='ltr'>receptum</span> <span class='ocrx_word' id='word_1_148' title='bbox 1120 1614 1179 1657; x_wconf 85' lang='lat' dir='ltr'>sit</span> <span class='ocrx_word' id='word_1_149' title='bbox 1202 1618 1253 1657; x_wconf 90' lang='lat' dir='ltr'>ut</span> <span class='ocrx_word' id='word_1_150' title='bbox 1275 1613 1366 1657; x_wconf 86' lang='lat' dir='ltr'>sola</span> <span class='ocrx_word' id='word_1_151' title='bbox 1385 1610 1613 1657; x_wconf 75' lang='lat' dir='ltr'>ordinarii</span> <span class='ocrx_word' id='word_1_152' title='bbox 1631 1611 1896 1669; x_wconf 84' lang='lat' dir='ltr'>adprobatio</span> <span class='ocrx_word' id='word_1_153' title='bbox 1918 1611 2009 1655; x_wconf 88' lang='lat' dir='ltr'>suf-</span> 
     </span>
     <span class='ocr_line' id='line_1_21' title="bbox 230 1695 2008 1754; baseline -0.004 -9"><span class='ocrx_word' id='word_1_154' title='bbox 230 1701 354 1745; x_wconf 84' lang='lat' dir='ltr'>liciat</span> <span class='ocrx_word' id='word_1_155' title='bbox 386 1701 440 1744; x_wconf 94' lang='lat' dir='ltr'>ad</span> <span class='ocrx_word' id='word_1_156' title='bbox 478 1713 650 1744; x_wconf 85' lang='lat' dir='ltr'>novum</span> <span class='ocrx_word' id='word_1_157' title='bbox 679 1699 942 1743; x_wconf 85' lang='lat' dir='ltr'>institutum</span> <span class='ocrx_word' id='word_1_158' title='bbox 971 1703 1183 1742; x_wconf 66' lang='lat' dir='ltr'>xotorum</span> <span class='ocrx_word' id='word_1_159' title='bbox 1207 1696 1483 1754; x_wconf 87' lang='lat' dir='ltr'>simplicium</span> <span class='ocrx_word' id='word_1_160' title='bbox 1518 1695 1800 1752; x_wconf 84' lang='lat' dir='ltr'>erigendum.</span> <span class='ocrx_word' id='word_1_161' title='bbox 1840 1698 2008 1739; x_wconf 84' lang='lat' dir='ltr'>Verum</span> 
     </span>
     <span class='ocr_line' id='line_1_22' title="bbox 231 1777 2008 1842; baseline -0.004 -14"><span class='ocrx_word' id='word_1_162' title='bbox 231 1787 272 1829; x_wconf 89' lang='lat' dir='ltr'>S.</span> <span class='ocrx_word' id='word_1_163' title='bbox 294 1789 338 1831; x_wconf 87' lang='lat' dir='ltr'>C.</span> <span class='ocrx_word' id='word_1_164' title='bbox 383 1784 704 1842; x_wconf 77' lang='lat' dir='ltr'>Episcoporum</span> <span class='ocrx_word' id='word_1_165' title='bbox 739 1787 785 1827; x_wconf 93' lang='lat' dir='ltr'>et</span> <span class='ocrx_word' id='word_1_166' title='bbox 810 1781 1101 1839; x_wconf 83' lang='lat' dir='ltr'>Regularium</span> <span class='ocrx_word' id='word_1_167' title='bbox 1137 1781 1222 1825; x_wconf 84' lang='lat' dir='ltr'>boc</span> <span class='ocrx_word' id='word_1_168' title='bbox 1246 1780 1315 1824; x_wconf 90' lang='lat' dir='ltr'>ius</span> <span class='ocrx_word' id='word_1_169' title='bbox 1338 1778 1671 1824; x_wconf 89' lang='lat' dir='ltr'>consuetudine</span> <span class='ocrx_word' id='word_1_170' title='bbox 1694 1777 2008 1828; x_wconf 90' lang='lat' dir='ltr'>introductum</span> 
     </span>
     <span class='ocr_line' id='line_1_23' title="bbox 231 1862 2010 1926; baseline -0.005 -13"><span class='ocrx_word' id='word_1_171' title='bbox 231 1866 525 1926; x_wconf 85' lang='lat' dir='ltr'>temperavit,</span> <span class='ocrx_word' id='word_1_172' title='bbox 552 1867 664 1911; x_wconf 91' lang='lat' dir='ltr'>adeo</span> <span class='ocrx_word' id='word_1_173' title='bbox 690 1870 738 1910; x_wconf 86' lang='lat' dir='ltr'>nt</span> <span class='ocrx_word' id='word_1_174' title='bbox 763 1870 804 1911; x_wconf 88' lang='lat' dir='ltr'>S.</span> <span class='ocrx_word' id='word_1_175' title='bbox 831 1865 1207 1923; x_wconf 69' lang='lat' dir='ltr'>congregationis</span> <span class='ocrx_word' id='word_1_176' title='bbox 1234 1868 1316 1909; x_wconf 81' lang='lat' dir='ltr'>EE.</span> <span class='ocrx_word' id='word_1_177' title='bbox 1348 1868 1395 1908; x_wconf 93' lang='lat' dir='ltr'>et</span> <span class='ocrx_word' id='word_1_178' title='bbox 1423 1867 1510 1908; x_wconf 71' lang='grc' dir='ltr'>ΗΒ.</span> <span class='ocrx_word' id='word_1_179' title='bbox 1542 1862 1728 1906; x_wconf 88' lang='lat' dir='ltr'>licentia</span> <span class='ocrx_word' id='word_1_180' title='bbox 1753 1862 2010 1921; x_wconf 88' lang='lat' dir='ltr'>requiratur</span> 
     </span>
     <span class='ocr_line' id='line_1_24' title="bbox 231 1946 1756 2007; baseline -0.005 -10"><span class='ocrx_word' id='word_1_181' title='bbox 231 1952 286 1997; x_wconf 93' lang='lat' dir='ltr'>ad</span> <span class='ocrx_word' id='word_1_182' title='bbox 322 1966 403 1997; x_wconf 69' lang='lat' dir='ltr'>nox</span> <span class='ocrx_word' id='word_1_183' title='bbox 419 1966 496 1995; x_wconf 92' lang='lat' dir='ltr'>um</span> <span class='ocrx_word' id='word_1_184' title='bbox 523 1950 785 1995; x_wconf 85' lang='lat' dir='ltr'>institutum</span> <span class='ocrx_word' id='word_1_185' title='bbox 813 1954 1026 1995; x_wconf 85' lang='lat' dir='ltr'>votorum</span> <span class='ocrx_word' id='word_1_186' title='bbox 1051 1948 1329 2007; x_wconf 86' lang='lat' dir='ltr'>simplicium</span> <span class='ocrx_word' id='word_1_187' title='bbox 1354 1946 1756 1992; x_wconf 84' lang='lat' dir='ltr'>introducendum.</span> 
     </span>
    </p>
   </div>
   <div class='ocr_carea' id='block_1_5' title="bbox 708 2095 1530 2230">
    <p class='ocr_par' dir='ltr' id='par_1_6' title="bbox 708 2095 1530 2230">
     <span class='ocr_line' id='line_1_25' title="bbox 962 2095 1271 2124; baseline -0.006 0"><span class='ocrx_word' id='word_1_188' title='bbox 962 2095 1194 2124; x_wconf 61' lang='lat' dir='ltr'>Ammonos</span> <span class='ocrx_word' id='word_1_189' title='bbox 1229 2096 1271 2123; x_wconf 84' lang='grc' dir='ltr'>ιι.</span> 
     </span>
     <span class='ocr_line' id='line_1_26' title="bbox 708 2167 1530 2230; baseline -0.007 -11"><span class='ocrx_word' id='word_1_190' title='bbox 708 2179 769 2219; x_wconf 84' lang='lat' dir='ltr'>De</span> <span class='ocrx_word' id='word_1_191' title='bbox 797 2177 927 2218; x_wconf 71' lang='lat' dir='ltr'>novis</span> <span class='ocrx_word' id='word_1_192' title='bbox 961 2167 1255 2218; x_wconf 67' lang='lat' dir='ltr'>monasteriis</span> <span class='ocrx_word' id='word_1_193' title='bbox 1279 2171 1530 2230; x_wconf 63' lang='lat' dir='ltr'>erigendis.</span> 
     </span>
    </p>
   </div>
   <div class='ocr_carea' id='block_1_6' title="bbox 231 2262 2009 2748">
    <p class='ocr_par' dir='ltr' id='par_1_7' title="bbox 231 2262 2009 2748">
     <span class='ocr_line' id='line_1_27' title="bbox 323 2262 2007 2325; baseline -0.006 -9"><span class='ocrx_word' id='word_1_194' title='bbox 323 2272 423 2316; x_wconf 77' lang='lat'>551.</span> <span class='ocrx_word' id='word_1_195' title='bbox 452 2270 517 2315; x_wconf 82' lang='lat' dir='ltr'>Ad</span> <span class='ocrx_word' id='word_1_196' title='bbox 542 2284 662 2315; x_wconf 85' lang='lat' dir='ltr'>nova</span> <span class='ocrx_word' id='word_1_197' title='bbox 687 2270 964 2314; x_wconf 85' lang='lat' dir='ltr'>monasteria</span> <span class='ocrx_word' id='word_1_198' title='bbox 989 2273 1145 2313; x_wconf 88' lang='lat' dir='ltr'>autem</span> <span class='ocrx_word' id='word_1_199' title='bbox 1169 2267 1386 2325; x_wconf 85' lang='lat' dir='ltr'>erigenda</span> <span class='ocrx_word' id='word_1_200' title='bbox 1412 2265 1537 2310; x_wconf 83' lang='lat' dir='ltr'>varia</span> <span class='ocrx_word' id='word_1_201' title='bbox 1561 2264 1761 2309; x_wconf 85' lang='lat' dir='ltr'>obtinuit.</span> <span class='ocrx_word' id='word_1_202' title='bbox 1784 2263 1867 2307; x_wconf 82' lang='lat' dir='ltr'>bac</span> <span class='ocrx_word' id='word_1_203' title='bbox 1890 2262 1936 2306; x_wconf 88' lang='lat' dir='ltr'>in</span> <span class='ocrx_word' id='word_1_204' title='bbox 1961 2278 2007 2307; x_wconf 88' lang='lat' dir='ltr'>re</span> 
     </span>
     <span class='ocr_line' id='line_1_28' title="bbox 232 2345 2008 2414; baseline -0.007 -13"><span class='ocrx_word' id='word_1_205' title='bbox 232 2354 485 2414; x_wconf 86' lang='lat' dir='ltr'>disciplina.</span> <span class='ocrx_word' id='word_1_206' title='bbox 519 2352 783 2412; x_wconf 76' lang='lat' dir='ltr'>Antiquitus</span> <span class='ocrx_word' id='word_1_207' title='bbox 805 2367 829 2396; x_wconf 89' lang='lat' dir='ltr'>a</span> <span class='ocrx_word' id='word_1_208' title='bbox 854 2353 1095 2396; x_wconf 77' lang='lat' dir='ltr'>voluntate</span> <span class='ocrx_word' id='word_1_209' title='bbox 1123 2349 1326 2408; x_wconf 87' lang='lat' dir='ltr'>Episcopi</span> <span class='ocrx_word' id='word_1_210' title='bbox 1360 2362 1587 2393; x_wconf 88' lang='lat' dir='ltr'>novorum</span> <span class='ocrx_word' id='word_1_211' title='bbox 1624 2345 2008 2391; x_wconf 90' lang='lat' dir='ltr'>monasteriorum</span> 
     </span>
     <span class='ocr_line' id='line_1_29' title="bbox 231 2429 2008 2496; baseline -0.006 -12"><span class='ocrx_word' id='word_1_212' title='bbox 231 2438 401 2485; x_wconf 88' lang='lat' dir='ltr'>erectio</span> <span class='ocrx_word' id='word_1_213' title='bbox 436 2437 678 2496; x_wconf 89' lang='lat' dir='ltr'>pendebat,</span> <span class='ocrx_word' id='word_1_214' title='bbox 698 2441 746 2481; x_wconf 89' lang='lat' dir='ltr'>at</span> <span class='ocrx_word' id='word_1_215' title='bbox 777 2449 882 2480; x_wconf 88' lang='lat' dir='ltr'>cum</span> <span class='ocrx_word' id='word_1_216' title='bbox 917 2435 1053 2480; x_wconf 87' lang='lat' dir='ltr'>Sedes</span> <span class='ocrx_word' id='word_1_217' title='bbox 1086 2433 1341 2492; x_wconf 83' lang='lat' dir='ltr'>Apostolica</span> <span class='ocrx_word' id='word_1_218' title='bbox 1375 2432 1557 2477; x_wconf 91' lang='lat' dir='ltr'>ordines</span> <span class='ocrx_word' id='word_1_219' title='bbox 1590 2430 1818 2489; x_wconf 89' lang='lat' dir='ltr'>regulares</span> <span class='ocrx_word' id='word_1_220' title='bbox 1850 2429 2008 2487; x_wconf 88' lang='lat' dir='ltr'>adpro-</span> 
     </span>
     <span class='ocr_line' id='line_1_30' title="bbox 231 2511 2009 2581; baseline -0.007 -13"><span class='ocrx_word' id='word_1_221' title='bbox 231 2524 339 2568; x_wconf 89' lang='lat' dir='ltr'>bare</span> <span class='ocrx_word' id='word_1_222' title='bbox 372 2521 589 2581; x_wconf 90' lang='lat' dir='ltr'>coeperit,</span> <span class='ocrx_word' id='word_1_223' title='bbox 625 2520 806 2578; x_wconf 86' lang='lat' dir='ltr'>regulae</span> <span class='ocrx_word' id='word_1_224' title='bbox 829 2523 1028 2564; x_wconf 87' lang='lat' dir='ltr'>statutae</span> <span class='ocrx_word' id='word_1_225' title='bbox 1061 2523 1170 2562; x_wconf 89' lang='lat' dir='ltr'>sunt</span> <span class='ocrx_word' id='word_1_226' title='bbox 1200 2530 1316 2576; x_wconf 88' lang='lat' dir='ltr'>quae</span> <span class='ocrx_word' id='word_1_227' title='bbox 1351 2517 1395 2560; x_wconf 92' lang='lat' dir='ltr'>in</span> <span class='ocrx_word' id='word_1_228' title='bbox 1429 2513 1720 2560; x_wconf 88' lang='lat' dir='ltr'>monasteriis</span> <span class='ocrx_word' id='word_1_229' title='bbox 1741 2511 2009 2558; x_wconf 87' lang='lat' dir='ltr'>extruendis</span> 
     </span>
     <span class='ocr_line' id='line_1_31' title="bbox 231 2595 2007 2661; baseline -0.007 -9"><span class='ocrx_word' id='word_1_230' title='bbox 231 2605 485 2652; x_wconf 88' lang='lat' dir='ltr'>servandae</span> <span class='ocrx_word' id='word_1_231' title='bbox 518 2604 709 2650; x_wconf 88' lang='lat' dir='ltr'>omnino</span> <span class='ocrx_word' id='word_1_232' title='bbox 742 2607 863 2647; x_wconf 90' lang='lat' dir='ltr'>sunt.</span> <span class='ocrx_word' id='word_1_233' title='bbox 904 2600 1169 2661; x_wconf 82' lang='lat' dir='ltr'>Requiritur</span> <span class='ocrx_word' id='word_1_234' title='bbox 1199 2601 1322 2644; x_wconf 91' lang='lat' dir='ltr'>enim</span> <span class='ocrx_word' id='word_1_235' title='bbox 1352 2600 1389 2654; x_wconf 88' lang='lat' dir='ltr'>l)</span> <span class='ocrx_word' id='word_1_236' title='bbox 1413 2597 1697 2656; x_wconf 81' lang='lat' dir='ltr'>Apostolicae</span> <span class='ocrx_word' id='word_1_237' title='bbox 1724 2595 1848 2641; x_wconf 90' lang='lat' dir='ltr'>Sedis</span> <span class='ocrx_word' id='word_1_238' title='bbox 1872 2595 2007 2640; x_wconf 87' lang='lat' dir='ltr'>licen-</span> 
     </span>
     <span class='ocr_line' id='line_1_32' title="bbox 231 2678 2003 2748; baseline -0.007 -13"><span class='ocrx_word' id='word_1_239' title='bbox 231 2690 317 2747; x_wconf 87' lang='lat' dir='ltr'>tia;</span> <span class='ocrx_word' id='word_1_240' title='bbox 353 2691 395 2746; x_wconf 74' lang='lat'>2)</span> <span class='ocrx_word' id='word_1_241' title='bbox 425 2687 629 2748; x_wconf 89' lang='lat' dir='ltr'>Episcopi</span> <span class='ocrx_word' id='word_1_242' title='bbox 663 2685 944 2732; x_wconf 78' lang='lat' dir='ltr'>consensus⁸</span> <span class='ocrx_word' id='word_1_243' title='bbox 979 2684 1055 2744; x_wconf 90' lang='lat' dir='ltr'>qui</span> <span class='ocrx_word' id='word_1_244' title='bbox 1092 2688 1244 2728; x_wconf 91' lang='lat' dir='ltr'>tamen</span> <span class='ocrx_word' id='word_1_245' title='bbox 1284 2683 1411 2727; x_wconf 89' lang='lat' dir='ltr'>illum</span> <span class='ocrx_word' id='word_1_246' title='bbox 1446 2694 1656 2726; x_wconf 88' lang='lat' dir='ltr'>recusare</span> <span class='ocrx_word' id='word_1_247' title='bbox 1690 2693 1782 2724; x_wconf 90' lang='lat' dir='ltr'>non</span> <span class='ocrx_word' id='word_1_248' title='bbox 1807 2678 2003 2738; x_wconf 45' lang='lat' dir='ltr'>potest&amp;</span> 
     </span>
    </p>
   </div>
   <div class='ocr_carea' id='block_1_7' title="bbox 349 2831 1197 3092">
    <p class='ocr_par' dir='ltr' id='par_1_8' title="bbox 351 2831 1015 2882">
     <span class='ocr_line' id='line_1_33' title="bbox 351 2831 1015 2882; baseline -0.009 -9"><span class='ocrx_word' id='word_1_249' title='bbox 351 2838 358 2855; x_wconf 84' lang='lat'><strong>¹</strong></span> <span class='ocrx_word' id='word_1_250' title='bbox 388 2836 474 2882; x_wconf 87' lang='lat' dir='ltr'>Cap.</span> <span class='ocrx_word' id='word_1_251' title='bbox 501 2836 523 2872; x_wconf 85' lang='lat'><strong>9</strong></span> <span class='ocrx_word' id='word_1_252' title='bbox 548 2835 592 2871; x_wconf 84' lang='lat' dir='ltr'>de</span> <span class='ocrx_word' id='word_1_253' title='bbox 619 2834 804 2880; x_wconf 83' lang='lat' dir='ltr'>religiosis</span> <span class='ocrx_word' id='word_1_254' title='bbox 830 2831 1015 2869; x_wconf 88' lang='lat' dir='ltr'>domibus.</span> 
     </span>
    </p>

    <p class='ocr_par' dir='ltr' id='par_1_9' title="bbox 350 2905 826 2954">
     <span class='ocr_line' id='line_1_34' title="bbox 350 2905 826 2954; baseline -0.008 -9"><span class='ocrx_word' id='word_1_255' title='bbox 350 2909 362 2927; x_wconf 81' lang='lat'>²</span> <span class='ocrx_word' id='word_1_256' title='bbox 389 2908 475 2954; x_wconf 85' lang='lat' dir='ltr'>Cap.</span> <span class='ocrx_word' id='word_1_257' title='bbox 504 2907 535 2951; x_wconf 84' lang='lat'>1,</span> <span class='ocrx_word' id='word_1_258' title='bbox 562 2907 616 2942; x_wconf 86' lang='lat' dir='ltr'>tit.</span> <span class='ocrx_word' id='word_1_259' title='bbox 643 2917 674 2943; x_wconf 90' lang='lat' dir='ltr'>c.</span> <span class='ocrx_word' id='word_1_260' title='bbox 702 2906 739 2942; x_wconf 91' lang='lat' dir='ltr'>in</span> <span class='ocrx_word' id='word_1_261' title='bbox 765 2905 826 2941; x_wconf 88' lang='lat' dir='ltr'>VI.</span> 
     </span>
    </p>

    <p class='ocr_par' dir='ltr' id='par_1_10' title="bbox 349 2974 1197 3092">
     <span class='ocr_line' id='line_1_35' title="bbox 349 2974 1197 3021; baseline -0.008 -5"><span class='ocrx_word' id='word_1_262' title='bbox 349 2979 361 2998; x_wconf 87' lang='lat'><strong>³</strong></span> <span class='ocrx_word' id='word_1_263' title='bbox 389 2978 484 3015; x_wconf 87' lang='lat' dir='ltr'>Trid.</span> <span class='ocrx_word' id='word_1_264' title='bbox 513 2979 610 3015; x_wconf 87' lang='lat' dir='ltr'>Sess.</span> <span class='ocrx_word' id='word_1_265' title='bbox 637 2977 753 3019; x_wconf 88' lang='lat' dir='ltr'>XXV,</span> <span class='ocrx_word' id='word_1_266' title='bbox 780 2985 858 3021; x_wconf 88' lang='lat' dir='ltr'>cap.</span> <span class='ocrx_word' id='word_1_267' title='bbox 886 2975 908 3011; x_wconf 84' lang='lat'>5</span> <span class='ocrx_word' id='word_1_268' title='bbox 933 2975 977 3011; x_wconf 82' lang='lat' dir='ltr'>de</span> <span class='ocrx_word' id='word_1_269' title='bbox 1004 2974 1080 3011; x_wconf 75' lang='lat' dir='ltr'>Res.</span> <span class='ocrx_word' id='word_1_270' title='bbox 1107 2974 1197 3019; x_wconf 84' lang='lat' dir='ltr'>Reg.</span> 
     </span>
     <span class='ocr_line' id='line_1_36' title="bbox 350 3047 1024 3092; baseline -0.01 -3"><span class='ocrx_word' id='word_1_271' title='bbox 350 3051 364 3071; x_wconf 68' lang='lat'>&#39;⁸</span> <span class='ocrx_word' id='word_1_272' title='bbox 391 3050 503 3088; x_wconf 89' lang='lat' dir='ltr'>Clem.</span> <span class='ocrx_word' id='word_1_273' title='bbox 530 3049 629 3092; x_wconf 89' lang='lat' dir='ltr'>VIII,</span> <span class='ocrx_word' id='word_1_274' title='bbox 655 3048 808 3085; x_wconf 81' lang='lat' dir='ltr'>Constit.</span> <span class='ocrx_word' id='word_1_275' title='bbox 836 3047 1024 3091; x_wconf 78' lang='lat' dir='ltr'>Quoniam.</span> 
     </span>
    </p>
   </div>
   <div class='ocr_carea' id='block_1_8' title="bbox 1463 0 2176 171">
    <p class='ocr_par' dir='ltr' id='par_1_11' title="bbox 1463 0 2176 171">
     <span class='ocr_line' id='line_1_37' title="bbox 1463 0 2176 171; baseline 0 3215"><span class='ocrx_word' id='word_1_276' title='bbox 1463 0 2176 171; x_wconf 95' lang='lat' dir='ltr'> </span> 
     </span>
    </p>
   </div>
   <div class='ocr_carea' id='block_1_9' title="bbox 2123 2632 2176 2773">
    <p class='ocr_par' dir='ltr' id='par_1_12' title="bbox 2123 2632 2176 2773">
     <span class='ocr_line' id='line_1_38' title="bbox 2123 2632 2176 2773; baseline 0 0"><span class='ocrx_word' id='word_1_277' title='bbox 2123 2632 2176 2773; x_wconf 60' lang='grc' dir='ltr'>ἐς</span> 
     </span>
    </p>
   </div>
   <div class='ocr_carea' id='block_1_10' title="bbox 2056 2746 2176 3386">
    <p class='ocr_par' dir='ltr' id='par_1_13' title="bbox 2056 2746 2176 3386">
     <span class='ocr_line' id='line_1_39' title="bbox 2056 2746 2176 3386; baseline 0 0"><span class='ocrx_word' id='word_1_278' title='bbox 2056 2746 2176 3386; x_wconf 95' lang='lat' dir='ltr'> </span> 
     </span>
    </p>
   </div>
  </div>
 </body>
</html>
