2176 3386
231 0 534 45 ..2²ffir-n-*csjwv
566 0 642 26 ³.
693 0 699 10 ·

143 46 150 53 ,
182 39 203 72 ,“
267 59 270 61 Α
298 34 308 53 :
378 55 382 61 1
431 47 434 51 .

532 123 661 153 LIBER
690 124 715 152 1.
745 124 802 152 DE
833 122 971 159 1313ssth
999 123 1234 152 ECCLESIAE
1262 122 1592 152 SPIRITUALIBUS
1928 111 1952 152 7

166 235 354 291 pectora
385 231 469 276 sub
500 230 767 277 conditione
808 229 1032 288 baptizari
1070 230 1255 275 debent.
1301 229 1344 276 Si
1377 229 1576 289 denique
1618 228 1783 275 mulier
1813 228 1952 274 enixa

166 317 308 361 fuerit
339 321 600 361 monstrum
633 314 832 373 speciem
882 314 1135 359 humanam
1186 314 1499 372 praeseferens
1531 313 1580 372 iq
1612 311 1790 371 capite,
1824 313 1953 357 abso-

166 398 261 444 lute
293 397 625 457 baptizabitur;
661 396 698 441 si
731 397 777 442 in
812 399 998 455 pectore
1032 395 1302 455 interposita
1336 395 1628 453 conditione3
1664 395 1786 455 quod
1807 393 1844 439 si
1867 408 1953 440 nec

165 480 213 526 in
247 481 397 540 capite
430 494 516 525 nec
550 481 596 524 in
630 484 834 538 pectore,
868 480 946 525 sed
983 480 1030 524 in
1066 478 1251 539 reliquis
1303 478 1523 524 membris
1559 478 1757 537 speciem
1792 478 1952 524 huma-

167 579 275 610 nam
309 564 542 619 exhibeat,
567 563 651 608 sub
672 562 939 608 conditione
973 561 1305 620 baptizabitur:
1341 566 1386 606 at
1410 561 1447 606 si
1470 561 1669 620 speciem
1697 562 1952 606 humanam

164 662 258 693 non
292 648 474 703 habeat,
512 647 637 692 nullo
670 646 805 691 modo
838 645 1057 703 baptizari
1093 645 1241 690 debet.

285 732 387 776 621.
425 732 630 775 Infantes
663 729 778 774 filios
826 728 1078 774 infidelium
1130 728 1359 787 baptismo
1410 727 1521 786 tingi
1559 732 1687 772 vetat
1733 727 1949 784 Ecclesia,

165 813 252 857 nisi
287 815 358 857 vel
394 827 516 858 mors
550 812 823 864 immineat,
863 812 933 856 vel
967 825 991 856 a
1028 810 1295 869 parentibus
1343 810 1541 870 expositi
1574 824 1627 855 ac
1661 809 1806 856 relicti
1839 812 1950 867 sint,

164 897 238 940 vel
270 895 433 940 saltem
467 909 627 940 eorum
659 895 775 939 alter
806 894 1101 939 assentiatur.
1140 894 1268 948 Quod
1303 907 1414 938 vero
1447 893 1502 938 de
1535 893 1803 952 parentibus
1842 893 1953 938 dici·

163 983 256 1035 tur,
292 978 412 1023 idem
445 977 692 1023 dicendum
725 978 780 1022 de
813 976 1066 1033 tutoribus,
1101 977 1177 1036 qui
1221 990 1327 1021 cum
1374 982 1617 1036 parentum
1651 977 1804 1021 locum
1838 977 1952 1021 obti-

163 1065 334 1115 neant,
371 1074 530 1104 eorum
563 1074 745 1119 quoque
788 1073 1040 1106 consensus
1075 1059 1324 1119 requiritur
1366 1064 1416 1103 ut
1461 1058 1716 1103 infidelium
1751 1058 1953 1103 infantes

161 1143 468 1201 baptizentur.
505 1143 772 1197 Quaesitum
806 1148 876 1188 est
911 1157 1022 1187 num
1057 1157 1173 1188 avus
1207 1147 1426 1201 paternus
1459 1156 1653 1200 puerum
1680 1142 1949 1199 hebraeum,

162 1225 322 1270 invitis
354 1226 636 1284 parentibus,
671 1225 899 1284 baptismo
933 1226 1096 1271 offerre
1121 1226 1278 1284 possit.
1316 1230 1506 1271 Constat
1537 1225 1582 1270 id
1615 1231 1739 1270 recte
1775 1226 1888 1282 lieri,
1914 1225 1950 1270 si

162 1326 274 1370 puer
307 1317 484 1370 patrem
517 1311 723 1356 amiserit
746 1326 799 1357 ac
822 1316 1019 1356 matrem
1044 1311 1210 1356 habeat
1242 1310 1591 1356 dissentientem
1617 1345 1625 1366 ‚
1661 1312 1771 1369 quin
1810 1310 1951 1356 etiam

162 1393 295 1438 multi
330 1398 439 1439 sunt
470 1394 546 1453 qui
582 1395 701 1439 idem
736 1393 832 1439 fieri
868 1407 996 1452 posse
1030 1394 1287 1438 defendunt
1325 1407 1431 1438 cum
1465 1394 1601 1438 ambo
1636 1398 1848 1452 parentes
1881 1408 1950 1439 so-

157 1477 299 1535 spites
331 1482 439 1521 sunt
471 1481 518 1522 et
549 1477 684 1522 ambo
716 1477 1010 1522 dissentiunt.
1065 1476 1260 1521 Gravior
1300 1476 1355 1520 de
1388 1476 1494 1520 avia
1536 1480 1725 1534 paterna
1768 1483 1952 1522 contro·

162 1559 312 1604 versia
346 1559 448 1616 fuit,
475 1574 613 1619 quam
647 1561 858 1605 delinivit
884 1560 1047 1605 Bened.
1087 1562 1185 1604 XIV
1211 1560 1241 1615 ¹,
1279 1563 1489 1604 statuens
1516 1559 1670 1604 aviam
1708 1565 1947 1618 paternam

158 1657 353 1700 puerum
387 1643 636 1687 hebraeum
667 1644 894 1702 baptismo
928 1643 1092 1688 offerre
1126 1656 1284 1701 posse,
1320 1655 1601 1702 quamquam
1638 1649 1785 1688 mater
1828 1649 1950 1688 tuto-

160 1740 322 1784 resque
355 1725 632 1771 dissentiant
658 1727 689 1769 ².

280 1811 379 1855 622.
416 1814 630 1855 Ceterum
679 1810 755 1855 lilii
808 1810 1061 1855 infidelium
1110 1810 1332 1869 baptizari
1376 1824 1468 1854 non
1512 1815 1726 1868 possunt,
1766 1811 1949 1870 quando

158 1892 325 1937 infanti
359 1891 424 1937 sic
458 1893 600 1937 instat
633 1893 941 1950 perversionis
975 1892 1250 1951 periculum,
1287 1898 1337 1937 ut
1369 1907 1507 1951 prope
1540 1897 1720 1938 certum
1743 1893 1803 1937 sit
1825 1894 1949 1938 nulla

156 1977 199 2021 ei
238 1976 412 2021 ratione
457 1977 748 2034 postmodum
794 1978 999 2022 succurri
1035 1990 1181 2036 posse.
1234 1977 1360 2021 Licet
1396 1981 1553 2021 autem
1586 1990 1663 2021 eos
1698 1975 1944 2035 baptizare,

157 2065 193 2104 si
228 2060 419 2105 dubium
442 2060 628 2120 quidem
651 2061 834 2119 aliquod
869 2060 1181 2120 perversionis
1203 2061 1392 2117 existat,
1417 2061 1496 2106 sed
1517 2074 1610 2106 non
1646 2061 1797 2105 omnis
1829 2060 1950 2105 desit

155 2143 349 2202 congrui
383 2143 570 2188 subsidii
607 2144 722 2190 ratio
746 2145 778 2188 ³.
817 2145 899 2190 Sed
926 2145 1147 2204 baptizari
1173 2160 1266 2190 non
1302 2146 1487 2201 debent,
1513 2145 1697 2204 quando
1731 2150 1950 2202 parentes

157 2227 328 2273 idcirco
363 2228 510 2273 velint
543 2242 620 2273 eos
652 2229 892 2287 baptizari,
930 2235 980 2273 ut
1012 2244 1037 2274 a
1074 2230 1232 2274 morbo
1267 2230 1341 2273 vel
1374 2244 1398 2274 a
1432 2229 1672 2274 daemonis
1701 2228 1950 2274 vexatione

157 2311 425 2356 liberentur.
463 2311 549 2366 Qui
584 2325 694 2356 vero
727 2325 833 2357 cum
871 2313 947 2357 tali
983 2312 1073 2357 line
1116 2312 1432 2370 superstitioso
1483 2312 1700 2371 baptizati
1746 2317 1876 2367 sunt,
1913 2311 1948 2356 si

153 2395 300 2440 adulti
337 2399 496 2453 petant
529 2395 826 2454 baptismum,
863 2396 1134 2454 rebaptizari
1171 2411 1263 2441 non
1298 2397 1468 2442 debent
1491 2396 1523 2440 ¹⁸.
1563 2396 1658 2441 Filii
1693 2395 1948 2440 infidelium

277 2565 286 2582 ¹
315 2565 460 2601 Litteris
486 2565 581 2601 datis
608 2565 653 2601 ad
680 2565 829 2602 Petrum
856 2564 1123 2611 Hieronymum
1152 2565 1392 2607 Guilelmum,
1419 2574 1512 2611 quae
1540 2568 1667 2600 extant
1686 2564 1723 2599 in
1743 2564 1823 2600 eius
1852 2563 1948 2611 Buu,

155 2635 279 2673 Const.
306 2636 363 2679 54,
393 2641 477 2672 tom.
504 2636 536 2679 5,
563 2647 596 2683 p.
625 2636 706 2673 259.

276 2708 289 2726 ¹
316 2708 383 2746 Cfr.
412 2709 532 2746 uonst.
558 2709 723 2746 eiusdem
750 2709 883 2746 Pontif.
912 2708 968 2752 28,
997 2719 1030 2755 p.
1063 2708 1151 2752 115,
1179 2708 1241 2745 ubi
1281 2709 1326 2745 de
1366 2708 1549 2753 baptismo
1585 2708 1831 2744 hebraeorum
1869 2710 1947 2744 tum

156 2778 335 2816 infantum
362 2784 439 2817 tum
465 2780 674 2818 adultorum
709 2780 780 2817 late
807 2781 930 2826 agitur
957 2784 992 2817 et
1019 2780 1143 2817 omnia
1170 2790 1264 2826 quae
1306 2780 1352 2816 ad
1395 2779 1491 2815 lianc
1532 2779 1723 2816 materiam
1763 2778 1948 2824 pertinent

155 2857 327 2889 accurate
354 2853 583 2890 evolvuntur.
610 2853 758 2890 Collect.
786 2863 822 2889 n.
850 2852 932 2890 561.

279 2924 292 2944 ³
319 2926 404 2971 Sup.
431 2925 541 2962 Univ.
568 2926 648 2972 Inq.
677 2927 699 2963 5
726 2931 830 2963 mart.
859 2926 950 2963 1705
977 2932 1012 2963 et
1041 2927 1082 2962 17
1112 2930 1203 2972 sept.
1234 2925 1339 2962 1671.
1369 2925 1518 2962 Collect.
1545 2924 1627 2961 546.

280 2994 294 3015 ⁸
321 2996 406 3042 sup.
434 2997 540 3033 Univ.
567 2997 647 3043 Inq.
676 2996 720 3033 15
746 3003 839 3044 sept.
867 2997 973 3035 1651.
