2176 3386
226 176 303 215 124
899 187 1010 216 PARS
1039 188 1079 216 11.
1115 187 1172 225 DE
1202 163 1346 217 REBus'

226 295 347 351 licet,
383 295 470 340 nisi
506 297 724 342 facultate
757 297 814 341 ab
845 297 1088 342 Ordinario
1120 297 1325 342 obtenta.
1369 298 1407 355 ο)
1446 298 1672 343 Parochus
1704 313 1797 344 non
1829 299 2003 345 denun-

224 379 356 425 tiabit
390 380 758 436 matrimonium,
796 378 881 425 nisi
916 381 1177 439 petentibus
1210 380 1264 425 iis
1297 380 1421 439 ipsis,
1452 382 1528 440 qui
1563 384 1843 427 contractui-i
1877 389 1999 429 sunt.

224 466 269 521 d)
308 465 537 510 parochus
569 465 624 509 ad
659 463 1042 522 proclamationes
1086 478 1178 508 non
1221 463 1465 519 deveniat',
1501 463 1589 509 nisi
1631 470 1740 510 ante
1772 480 1796 510 a
1829 461 2007 524 sponsis

223 548 471 608 quaesierit
503 562 562 592 an
596 546 858 591 denuntiari
902 546 1079 605 publice
1114 546 1281 602 velint,
1318 550 1388 591 est
1419 546 1542 591 enirn
1577 547 1731 592 sedulo
1773 547 2005 606 inquiren-

226 633 334 676 dum
365 635 527 690 sponte
562 645 620 675 ne
653 635 699 675 et
731 630 869 675 libere
903 635 1096 690 uterque
1127 629 1173 674 in
1210 630 1558 675 matrimonium
1593 631 1869 676 consentiat.
1916 632 2004 677 Sci-

225 714 417 759 scitetur
448 714 614 769 etiam,
652 713 737 759 nisi
772 713 956 758 aliunde
989 728 1040 758 ea
1075 718 1201 758 cerlo
1239 714 1445 771 noverit,
1481 728 1683 773 quanam
1729 714 1814 772 ipsi
1856 720 2006 762 aetate

225 797 343 854 sint,
379 797 456 842 ubi
489 797 713 842 demorati
746 797 950 851 fuerint,
987 811 1043 840 an
1079 796 1124 840 in
1160 796 1412 841 catholicae
1459 795 1561 841 fidei
1595 797 1870 843 rudimentis
1916 799 2009 844 sint

227 882 336 927 satis
369 882 610 937 instructi,
646 895 705 925 an
746 881 864 926 adsit
901 893 1153 925 consensus
1187 884 1458 938 parentum,
1496 881 1762 939 praesertim
1798 896 1907 927 vero
1940 882 2007 927 in-

224 965 377 1025 quirat
410 966 464 1010 de
497 969 620 1010 statu
654 963 812 1019 libero,
837 978 924 1023 qua
948 963 993 1007 in
1020 963 1314 1023 inquisitione
1347 964 1632 1009 observanda
1667 979 1718 1009 ea
1743 968 1866 1022 sunt,
1891 979 2007 1025 quae

225 1065 248 1095 a
286 1053 327 1095 S.
365 1054 526 1108 Congr.
564 1049 772 1109 Inquisit.
828 1048 1103 1106 praescripta
1154 1049 1340 1092 fuerunt
1386 1047 1521 1092 annis
1557 1048 1668 1092 1658
1702 1052 1747 1092 et
1785 1049 1921 1104 1665,
1956 1063 2009 1094 ac

226 1134 376 1179 denuo
409 1133 493 1178 sub
525 1133 760 1179 Clemente
794 1136 853 1187 X,
889 1131 960 1175 die
995 1133 1044 1176 21
1082 1144 1184 1189 aug.
1226 1132 1363 1187 1670,
1399 1136 1445 1175 et
1486 1131 1570 1176 sub
1612 1135 1760 1176 Leone
1799 1135 1903 1187 xn,
1937 1131 2008 1176 die

225 1218 281 1262 ⁹25
315 1217 413 1261 dec.
455 1216 582 1261 1827.
619 1215 846 1260 Nonnulla
882 1215 1018 1259 dubia
1051 1214 1171 1259 circa
1208 1215 1562 1260 instructionem
1595 1229 1671 1259 an.
1709 1215 1819 1259 1670
1855 1228 2007 1260 recen-

226 1300 316 1344 tius
350 1300 597 1359 proposita,
636 1299 823 1343 resolvit
856 1301 896 1343 S.
932 1299 1019 1343 Off.
1056 1298 1127 1343 die
1161 1299 1217 1342 24
1241 1298 1354 1342 febr.
1394 1298 1521 1343 1847.
1563 1299 1728 1343 Eadem
1764 1299 2009 1343 Instructio

227 1382 273 1426 in
308 1383 579 1427 memoriam
614 1385 861 1426 revocatur
893 1381 939 1425 in
978 1381 1288 1426 recentissima
1335 1384 1440 1439 Sup.
1480 1385 1576 1440 [nq.
1614 1381 1922 1426 instructione
1955 1382 2007 1425 ad

222 1465 515 1523 ,probandum
545 1465 720 1509 obitum
754 1465 949 1509 alicuius
981 1449 1187 1521 coniugis
1211 1464 1240 1507 ¹.
1280 1463 1408 1516 Quod
1441 1463 1477 1507 si
1513 1465 1822 1522 praefatorum
1851 1467 2008 1508 Decre-

227 1552 379 1592 torum
415 1548 652 1592 exsecutio
685 1547 879 1592 difficilis
912 1547 971 1591 sit
1004 1546 1049 1591 in
1084 1546 1319 1591 nonnullis
1357 1546 1735 1601 circumstantiis,
1772 1560 2010 1591 recurren-

227 1633 335 1676 dum
371 1635 439 1676 est
471 1632 526 1676 ad
561 1631 719 1676 Sedem
756 1630 1094 1689 Apostolicam,
1130 1644 1245 1689 quae
1287 1630 1541 1675 ordinariis
1589 1630 1703 1675 solet
1751 1630 2007 1687 indulgere,

230 1721 279 1759 ut
311 1708 515 1760 remedio
549 1715 797 1759 iuramenti
832 1714 1099 1774 suppletorii
1135 1718 1339 1758 utantur.

347 1799 448 1843 865.
487 1800 528 1842 Si
564 1799 682 1843 infra
716 1799 828 1843 duos
877 1811 1058 1843 menses
1093 1802 1191 1856 post
1240 1796 1540 1842 novissimam
1591 1795 2007 1851 denuntiationem,

231 1881 581 1926 matrimonium
617 1895 707 1926 non
743 1875 1071 1936 contrahatur,
1106 1880 1482 1926 denuntiationes
1523 1884 1793 1938 repetantur
1826 1892 2010 1923 necesse

229 1970 313 2021 est,
350 1966 436 2010 nisi
471 1965 592 2010 aliud
629 1967 846 2023 Episcopo
883 1960 1031 2010 visum
1067 1965 1219 2009 fuerit.
1269 1963 1349 2007 rbi
1387 1978 1475 2007 non
1511 1967 1619 2007 sunt
1652 1963 1695 2007 in
1731 1976 1847 2017 usu,
1883 1962 2012 2006 resti·

232 2050 430 2094 tuendae
454 2054 576 2093 sunt.

351 2133 453 2178 864.
490 2136 702 2177 Ceterum
742 2131 929 2176 Paroclii
965 2145 1022 2175 ne
1055 2145 1195 2175 unani
1230 2130 1412 2190 quidem
1446 2144 1501 2174 ex
1539 2130 1662 2174 hisce
1705 2119 2012 2174 denuntiatio-

232 2216 364 2260 nibus
413 2207 780 2272 praetermittere
815 2219 1036 2273 possunt,
1073 2218 1152 2258 aut
1185 2213 1324 2258 eliam
1360 2213 1730 2270 interrumpere,
1765 2212 1851 2257 nisi
1884 2212 2011 2256 Ordi-

232 2301 389 2345 narius
424 2298 610 2344 veniam
660 2298 851 2352 fecerit,
888 2303 934 2342 et
966 2297 1236 2355 gravissime
1281 2300 1529 2341 monentur
1567 2295 1801 2354 Episcopi,
1838 2300 1889 2339 ut
1920 2295 2013 2339 sint

231 2374 522 2441 difficiliores
554 2382 618 2427 ad
650 2382 956 2426 remittendas
983 2381 1336 2438 publicationes,
1361 2394 1385 2424 a
1419 2379 1582 2438 quibus
1605 2378 1885 2424 contracturi
1921 2393 2012 2422 ma-

231 2465 502 2510 trimonium
538 2479 670 2523 saepe
707 2457 786 2523 per
825 2464 1099 2509 malitiosam
1135 2460 1472 2521 suggestionem
1507 2467 1669 2521 petunt
1703 2460 1953 2518 dispensari
1979 2461 2010 2506 ².

233 2549 574 2604 Nihilominus,
612 2548 813 2606 legitima
848 2561 983 2592 causa
1018 2546 1390 2604 interveniente,
1426 2545 1680 2605 dispensari
1714 2546 1883 2603 potest,
1923 2545 2014 2590 imo

231 2632 476 2691 aliquando
510 2632 649 2676 etiam
684 2631 843 2688 debet,
882 2634 977 2675 tum
1013 2630 1060 2675 in
1094 2629 1252 2675 ordine
1296 2630 1351 2674 ad
1384 2629 1609 2688 aliquam,
1645 2632 1744 2673 tum
1785 2627 1925 2672 etiam
1957 2628 2014 2671 ad

233 2729 394 2760 omnes
425 2714 833 2771 denuntiationes,
871 2714 1017 2773 primo
1050 2713 1234 2773 quidem
1269 2713 1326 2757 ab
1360 2712 1595 2771 Episcopo,
1632 2711 1730 2757 six‘e
1764 2711 1821 2755 ab
1854 2710 1906 2755 iis
1938 2710 2013 2769 qui

232 2798 594 2844 iurisdictionem
628 2797 934 2859 episcopalem
973 2797 1166 2854 habent,
1202 2795 1456 2841 cuiusmodi
1503 2799 1571 2840 est
1612 2794 1869 2853 Capitulum
1904 2794 2015 2839 Sede

352 2987 358 3005 ¹
390 2986 441 3023 Cf.
469 2987 598 3023 Lucmi
626 2997 660 3032 p,
687 2985 769 3028 517,
798 2990 883 3022 tom.
911 2986 943 3022 5.

352 3058 364 3076 ²
390 3058 526 3095 Bened.
554 3058 653 3102 XIV,
680 3058 803 3095 Const.
831 3058 925 3094 Satis
956 3057 1071 3095 Vobis.
