2176 3386
206 142 282 180 118
858 157 967 186 PARS
997 159 1022 186 1.
1056 160 1112 188 DE
1142 159 1332 189 PERONJS

203 260 441 320 dequaque
474 262 754 320 spectabilia.
794 266 1008 309 Attamen
1045 266 1155 310 baec
1189 266 1418 323 collectio,
1456 268 1606 326 prouti
1646 269 1768 325 talis,
1812 270 1984 316 nullam

205 342 342 388 habet
374 345 714 391 auctoritatem.

330 427 426 492 [27.
464 428 651 473 Photius
684 429 943 488 patriarcha
985 430 1191 476 intrusus
1231 431 1276 476 in
1326 433 1523 478 Ecclesia
1571 435 1985 495 Constantinopoli-

206 509 346 554 litana
381 524 614 556 canonum
647 512 966 557 collectionem
992 515 1083 557 iam
1108 528 1132 558 a
1160 518 1328 559 loanne
1357 516 1607 562 Scolastico
1631 523 1864 576 peractam
1889 533 1986 576 per-

207 591 342 637 ficere
376 593 502 637 nisus
534 599 603 638 est
636 609 758 639 anno
793 595 893 640 885.
932 596 1114 641 Addidit
1160 602 1320 642 autem
1366 599 1553 644 Photius
1602 614 1803 646 canones
1836 605 1881 645 et
1912 601 1985 646 de-

206 680 329 720 creta
365 677 410 720 in
447 676 531 721 illis
553 677 867 723 conciliabulis
888 679 1073 723 statutis
1095 679 1260 738 quibus
1285 684 1502 738 Ignatias
1525 682 1759 739 leyz'limus
1773 687 1985 740 patriar-

205 757 292 803 clta
326 772 354 802 (ι
391 760 1016 818 Sede*Coscaminopolicana
1050 762 1249 807 deiectus
1280 763 1387 820 suit,
1424 765 1556 824 eique
1591 765 1777 811 Photius
1810 766 1855 810 vi
1895 767 1985 810 suf-

207 841 367 886 fectus.
406 846 526 886 Haec
559 844 768 887 collectio
802 844 975 887 nullam
1010 846 1335 891 auctoritatem
1372 847 1531 903 habet,
1576 849 1634 893 ob
1675 848 1875 894 auctoris
1908 863 1985 893 ne·

205 923 415 982 quitiam,
451 925 628 969 etiamsi
665 928 867 972 eiusdem
903 929 1111 974 doctrina
1144 943 1234 974 non
1258 931 1316 974 sit
1338 930 1588 976 diffitenda.
1626 936 1806 976 Partem
1830 936 1984 976 autem

205 1021 320 1065 quae
365 1011 657 1053 λὀηιοοαηοη
693 1010 812 1054 dicta
850 1011 961 1065 l'uit⁷
1000 1012 1222 1057 intactam
1259 1013 1442 1072 reliquit
1479 1013 1680 1069 Photius,
1716 1004 1882 1059 additis
1918 1027 1986 1059 so-

207 1090 298 1133 lum
338 1105 563 1136 novorum
593 1107 823 1138 canonum
859 1094 1170 1150 citationibus,
1210 1097 1533 1155 nonnullisque
1577 1096 1687 1141 iuris
1729 1097 1878 1142 civilis
1899 1097 1985 1141 dis-

209 1173 522 1230 positionibus.
579 1176 793 1220 collectio
834 1177 1054 1221 l'hotiana
1089 1179 1207 1236 apud
1246 1182 1444 1223 Graecos
1477 1179 1683 1224 maximo
1723 1179 1768 1223 in
1813 1179 1985 1224 honore

208 1256 291 1298 fuit
329 1258 591 1313 praesertim
625 1259 806 1303 saeculo
832 1261 880 1304 10
907 1261 934 1303 ².
975 1264 1079 1304 Post
1110 1261 1428 1306 collectionem
1457 1262 1726 1306 Photianam
1749 1262 1864 1306 aliae
1897 1263 1985 1307 col—

206 1339 426 1383 lectiones
458 1343 574 1398 apud
605 1342 850 1387 Ecclesiam
873 1343 1157 1389 Orientalem
1183 1346 1332 1389 sactae
1365 1350 1489 1401 sunt,
1516 1346 1636 1390 inter
1658 1359 1770 1405 quas
1799 1350 1987 1390 notatur

205 1422 413 1466 collectio
449 1425 645 1479 (saeculo
679 1427 720 1481 a)
771 1427 1077 1471 Basilicarum
1129 1428 1316 1471 nomine
1359 1429 1606 1486 appellata,
1652 1433 1984 1486 Imperatorum

207 1504 326 1548 iussu
363 1506 656 1550 concinnata.
696 1512 789 1552 Hac
822 1509 1093 1553 collectione
1128 1509 1438 1555 iurisconsulti
1460 1512 1601 1555 etiam
1626 1511 1772 1569 quoad
1802 1524 1894 1555 rem
1914 1524 1985 1555 ec-

206 1588 507 1633 clesiasticam
544 1591 807 1635 utebantur.
847 1596 1150 1638 Accesserant
1193 1594 1333 1638 etiam
1377 1597 1719 1640 commentaria
1763 1594 1809 1638 in
1852 1594 1984 1638 colla-

205 1671 382 1716 ctiones
416 1672 505 1717 iam
541 1674 705 1731 factas;
745 1675 804 1719 ita
840 1690 883 1720 v.
921 1691 960 1734 g.
999 1680 1195 1722 Zonaras
1233 1679 1380 1733 (1120)
1419 1682 1464 1722 et
1490 1678 1729 1722 Balsamon
1759 1677 1986 1735 (homines

206 1755 486 1800 schismatici
519 1763 563 1801 et
602 1762 832 1803 Romanae
870 1760 1095 1804 Ecclesiae
1130 1760 1445 1817 infensissimi)
1486 1761 1529 1804 in
1570 1759 1714 1805 Photii
1758 1760 1986 1805 collectio·

207 1851 311 1881 neni
346 1843 686 1885 commenlai‘m
720 1842 978 1886 ediderunt.
1018 1847 1129 1887 ltem
1164 1849 1479 1901 apparuerunt
1512 1843 1835 1888 collectionum
1877 1857 1983 1902 syn—

206 1926 435 1977 baymam,
474 1922 593 1967 inter
625 1939 740 1983 quae
773 1927 1015 1985 praecipua
1039 1931 1148 1971 sunt
1169 1933 1425 1985 sysntayma
1448 1927 1696 1971 Blastares.
1743 1930 1983 1985 Postquam

204 2009 359 2048 autem
398 2007 593 2051 Ecclesia
617 2008 863 2053 orientalis
885 2010 941 2053 ab
970 2009 1165 2054 Ecclesia
1189 2009 1477 2055 Occidentali
1502 2023 1548 2054 se
1572 2009 1821 2068 separavit,
1848 2022 1984 2052 unus-

205 2088 395 2147 quisque
429 2090 690 2136 Patriarcha
724 2092 906 2137 decreta
941 2107 994 2137 ac
1026 2107 1229 2138 canones
1263 2107 1343 2152 pro
1377 2093 1567 2138 arbitrio
1599 2093 1757 2148 edidit,
1781 2097 1828 2137 et
1859 2107 1986 2151 prae-

205 2170 336 2228 cipua
373 2186 532 2217 norma
566 2175 785 2220 ecclcsiae
817 2177 1066 2221 Orientalis
1089 2177 1411 2222 schismaticae
1434 2182 1503 2222 est
1528 2178 1725 2221 collectio
1749 2176 1984 2221 Plzoliana

206 2267 310 2298 cum
346 2258 695 2301 commentariis
727 2262 928 2303 Zonarae
962 2264 1007 2304 et
1044 2261 1343 2305 Balsamonis.

571 2468 607 2498 cl
705 2464 763 2499 De
790 2465 1088 2501 collectionibus
1114 2466 1318 2502 Ecclesiae
1351 2466 1627 2502 Occidentalis.

304 2605 424 2669 ES-
465 2605 590 2663 Apud
627 2604 872 2650 Ecclesiam
907 2605 1253 2651 Occidentalem
1288 2607 1411 2651 inter
1451 2607 1719 2666 praecipuas
1756 2607 1981 2652 collectio-

205 2701 286 2732 nes
319 2688 469 2732 locum
502 2691 632 2732 tenet
665 2688 871 2733 collectio
909 2688 1202 2747 Dionysiana.
1242 2693 1430 2736 Saeculo
1462 2691 1626 2750 quinto
1650 2693 1877 2738 Ecclesiae
1903 2707 1983 2737 an-

204 2769 357 2829 tiquus
394 2771 619 2816 Ecclesiae
652 2775 851 2818 Graecae
885 2773 1030 2818 codex
1065 2773 1111 2818 in
1137 2774 1331 2820 latinam
1355 2775 1558 2834 linguam
1585 2775 1873 2834 conscriptus
1894 2780 1978 2821 est.

206 2852 322 2898 Hinc
354 2854 472 2911 apud
504 2853 671 2899 latinos
703 2855 819 2899 duae
852 2855 1146 2901 collectione-s
1179 2863 1508 2915 apparuerunt.
1551 2859 1822 2904 Isidoriana
1855 2873 1982 2903 nene·

324 3026 331 3044 ¹
361 3027 412 3062 uf.
441 3028 621 3069 wilmun,
649 3033 671 3064 t.
702 3028 731 3070 l,
760 3038 792 3074 p.
815 3027 892 3063 154.
