2176 3386
498 222 628 250 LIBER
656 221 698 249 11.
731 220 788 249 DE
818 218 956 248 REBUS
985 216 1322 247 TEMPORALIBUS
1352 217 1406 245 AC
1435 217 1582 245 MIXTIS
1853 204 1932 244 299

903 413 1082 458 CAPUT
1116 414 1168 456 [ί.

513 549 574 585 DE
602 547 764 584 VARlIS
791 544 916 582 IURIS
943 528 1261 580 PATRONATUS
1289 542 1555 580 SPECIEBUS.

267 668 394 712 1287.
432 667 546 712 Iuris
580 668 851 725 patronatus
883 676 1064 708 summa
1088 660 1253 706 divisio
1286 665 1356 706 est
1390 661 1434 705 in
1471 665 1691 718 activum,
1717 664 1838 723 quod
1862 668 1931 709 est

146 752 215 796 ius
248 751 395 809 ipsum
431 748 778 808 praesentandi,
814 751 860 791 et
888 748 1155 804 passivum,
1191 747 1311 804 quod
1345 750 1414 790 est
1448 745 1517 791 ius
1549 746 1669 806 quod
1702 746 1928 806 quispiam

145 837 262 880 sorte
297 834 433 878 habet
464 833 582 892 quod
618 835 961 890 praesentetur3
999 833 1247 888 utrumque
1280 834 1437 874 autem
1472 843 1577 874 suas
1611 830 1748 875 habet
1780 831 1931 875 subdi-

146 918 362 962 visiones.
418 920 468 960 Et
502 915 648 974 primo
680 913 867 973 quidem
901 913 1108 958 activum
1158 912 1458 970 distinguitur
1500 916 1685 958 ratione
1726 914 1928 969 subiecti,

143 1000 216 1044 eui
252 999 521 1053 inhaereat,
557 998 604 1041 in
637 998 913 1054 personale,
950 997 1068 1056 quod
1103 995 1241 1040 certis
1290 996 1570 1054 adscriptum
1615 1000 1683 1040 est
1728 998 1933 1054 personis

144 1083 508 1141 independenter
539 1096 563 1126 a
590 1081 871 1138 possessione
905 1079 1109 1124 cuiusvis
1133 1079 1195 1123 rei
1223 1080 1294 1123 vel
1320 1079 1608 1135 liereditatis3
1644 1084 1690 1124 et
1714 1079 1759 1123 in
1785 1080 1927 1136 reale,

143 1167 262 1226 quod
295 1165 429 1211 alicui
466 1165 607 1209 fundo
642 1164 714 1208 vel
749 1162 992 1207 hereditati
1026 1162 1235 1206 inhaeret
1268 1167 1315 1206 et
1346 1176 1451 1207 cum
1489 1164 1581 1221 ipsa
1616 1163 1672 1207 ad
1708 1177 1930 1221 possesso-

144 1264 239 1294 rem
274 1250 494 1294 defertur.
533 1251 730 1292 Ratione
752 1251 906 1291 autem
937 1247 1060 1290 liciole?
1080 1245 1302 1290 dividitur
1335 1246 1380 1290 in
1414 1247 1786 1292 ecclesiasticave.
1813 1246 1932 1305 quod

142 1333 278 1378 alicui
313 1332 534 1391 competit
569 1332 700 1375 titulo
734 1330 1061 1385 ecclesiastico,
1087 1343 1160 1373 ex.
1189 1344 1255 1387 gr.
1293 1330 1471 1374 ratione
1497 1329 1715 1374 ecclesiae
1741 1330 1811 1373 vel
1846 1329 1932 1374 loci

145 1417 204 1475 pii
238 1421 318 1461 aut
350 1416 584 1474 dignitatis
620 1415 691 1460 xel
726 1414 931 1458 beneficii
968 1412 1287 1469 ecelesiastici3
1340 1412 1385 1457 in
1421 1413 1591 1458 laicale
1632 1415 1751 1472 quod
1800 1413 1933 1457 tilulo

147 1501 313 1558 laicali,
349 1500 588 1559 quisquam
626 1499 778 1553 habet,
806 1513 878 1542 ex.
908 1512 971 1556 gr.
1002 1497 1098 1541 iure
1133 1497 1408 1541 hereditario
1432 1502 1536 1554 etc.;
1574 1503 1619 1542 et
1651 1497 1698 1542 in
1735 1500 1931 1541 nimum

144 1585 265 1644 quod
302 1584 433 1628 titulo
467 1583 793 1637 eeclesiastico,
828 1582 962 1626 simul
997 1586 1043 1626 et
1076 1582 1221 1626 laicali
1257 1582 1464 1636 debetur,
1490 1596 1564 1626 ex.
1591 1596 1656 1640 gr.
1685 1582 1720 1626 si
1757 1582 1826 1626 ius
1853 1596 1931 1626 no-

146 1667 354 1712 minandi
392 1667 619 1725 pertineat
652 1666 785 1710 simul
822 1669 868 1710 et
899 1665 952 1709 ad
988 1665 1208 1709 ecclesiae
1243 1671 1467 1710 rectorem
1503 1671 1549 1711 et
1582 1667 1635 1711 ad
1678 1667 1934 1712 fundatoris

144 1751 356 1795 heredem
384 1752 411 1795 ¹.
447 1751 634 1795 Laieale
654 1755 810 1794 autem
836 1750 1002 1794 iterum
1028 1749 1336 1794 subdividitur
1357 1750 1404 1794 in
1428 1749 1787 1807 lleredilarimn,
1813 1752 1932 1811 quod

143 1835 280 1879 simul
315 1849 420 1879 cum
458 1835 711 1879 hereditate
751 1834 804 1878 ad
854 1833 1043 1878 heredes
1082 1836 1382 1891 transfertur,
1429 1834 1474 1878 in
1515 1834 1776 1892 familiare,
1813 1836 1932 1895 quod

145 1917 198 1961 ad
234 1931 310 1962 eos
342 1917 637 1972 devolvitur,
673 1916 750 1976 qui
785 1922 894 1961 sunt
926 1931 984 1961 ex
1020 1917 1217 1973 familia,
1269 1918 1311 1961 in
1357 1920 1585 1973 inimum,
1621 1919 1739 1978 quod
1791 1919 1931 1964 etiam

141 2001 313 2045 dicitur
354 2016 409 2045 ezr
438 2008 573 2059 pacto
616 2008 657 2045 et
685 2002 1014 2058 providentia,
1051 2002 1168 2060 quod
1204 2001 1258 2045 ad
1291 2015 1368 2046 eos
1400 2002 1635 2058 defertur,
1670 2003 1747 2063 qui
1796 2003 1930 2048 simul

145 2090 253 2129 sunt
286 2090 331 2129 et
365 2085 554 2129 heredes
575 2088 622 2129 et
645 2099 702 2129 ex
728 2084 899 2129 familia
924 2085 953 2129 ².
991 2089 1111 2129 Haec
1133 2089 1288 2129 autem
1323 2085 1484 2128 eadem
1510 2089 1739 2142 postrema
1768 2085 1932 2130 divisio

147 2169 376 2227 pertinere
412 2173 560 2227 potest
593 2169 732 2214 etiam
767 2169 821 2214 ad
859 2168 926 2212 ius
959 2173 1228 2227 patronatus
1262 2168 1511 2226 passivum.

892 2355 1071 2399 CAPUT
1107 2358 1178 2400 ΙΙΙ.

283 2475 341 2510 DE
370 2474 568 2511 LEGIBUS
594 2474 828 2517 CUIUSQUE
856 2474 1036 2510 SPECIEI
1066 2475 1189 2511 IURIS
1217 2475 1533 2512 PATRONATUS
1562 2476 1792 2514 PROPRIIS.

270 2592 396 2636 1288.
433 2593 559 2646 Quod
595 2591 763 2636 attinet
794 2592 849 2636 ad
884 2592 1002 2650 leges
1034 2592 1395 2652 uniuscuiusque
1429 2593 1594 2651 speciei
1631 2593 1852 2653 proprias,
1878 2608 1930 2638 ea

146 2689 263 2734 quae
297 2675 351 2719 ad
387 2675 565 2719 varium
601 2676 808 2730 modum,
840 2689 929 2734 quo
964 2675 1009 2719 in
1043 2675 1154 2720 alias
1189 2690 1404 2734 personas
1439 2678 1507 2721 ius
1539 2676 1687 2735 ipsum
1713 2678 1930 2721 transfer-

147 2762 239 2812 tur,
277 2772 381 2802 mox
416 2771 716 2815 exponemus.
773 2762 819 2802 [n
858 2770 1071 2815 praesens
1118 2762 1274 2802 autem
1308 2758 1421 2803 haec
1456 2758 1688 2803 monuisse
1726 2760 1836 2803 satis
1873 2758 1933 2803 sit

146 2841 295 2901 quoad
329 2840 574 2886 discrimen
611 2841 732 2885 inter
763 2839 1143 2897 ecclesiasticum,
1181 2840 1356 2896 laicale,
1393 2845 1439 2885 et
1472 2840 1689 2886 mixtum.

268 3032 276 3051 ¹
307 3033 650 3070 ScnuALzonussuEn
676 3033 729 3069 tit.
748 3034 789 3069 de
806 3033 893 3070 Iure
910 3033 1057 3069 Patron.
1082 3042 1117 3069 n.
1137 3032 1169 3075 6,
1187 3031 1223 3074 8,
1246 3032 1300 3075 10,
1323 3031 1375 3075 15,
1397 3031 1452 3075 16,
1469 3032 1593 3079 ibique
1612 3032 1723 3068 ceteri
1743 3032 1933 3068 Doctores.

267 3105 278 3123 ²
306 3105 651 3142 SGHMALZGRUEBER
677 3105 746 3142 loe.
773 3106 833 3141 cit.
861 3114 896 3142 n.
926 3105 980 3142 12.
