2176 3386
497 191 627 221 LrssEn
655 192 679 221 1.
710 192 767 220 DE
796 191 935 222 REBUS
963 192 1197 221 ECCLESIAE
1226 192 1553 222 sP1n1TuALfflus
1840 182 1919 221 137

255 297 355 343 905.
397 298 435 342 l.
470 324 497 331 -
527 302 581 344 ¹In
614 312 723 344 casu
755 298 984 355 adulterii,
1020 299 1067 344 in
1101 298 1268 357 duplici
1309 303 1484 344 eventu
1529 298 1911 356 impedimentum

135 380 245 426 illud
276 381 512 427 exoritur:
553 383 590 439 1)
618 397 783 442 nempe
815 384 999 443 quando
1030 383 1211 428 adulter
1252 397 1359 428 cum
1392 378 1598 428 adultera
1640 382 1824 441 nuptias
1857 382 1916 427 de

135 464 258 510 facto
289 464 540 522 contrahit,
575 466 767 511 vivente
799 467 948 512 adhuc
980 467 1191 524 coniuge,
1216 480 1352 526 quem
1377 471 1570 522 uterque
1594 466 1667 510 vel
1690 466 1916 510 alteruter

134 547 296 605 habet;
332 549 374 605 2)
400 549 583 608 quando
615 549 890 595 adulterium
925 549 1233 595 committitur
1265 563 1370 594 cum
1408 548 1707 608 promissione
1754 547 1914 593 matri·

126 629 279 675 monii
311 631 612 676 contrahendi
647 637 747 690 post
778 632 986 690 coniugiS
1019 632 1211 688 obitum,
1246 646 1384 691 quem
1417 631 1638 676 alteruter
1671 630 1744 675 vel
1795 635 1919 675 uter·

131 725 220 771 que
253 711 390 757 habet
413 713 443 757 ¹.
479 712 699 767 Quocirca
734 712 1010 758 adulterium
1043 714 1190 758 solum
1224 711 1609 771 impedimentum
1645 726 1737 758 non
1779 713 1910 758 indu-

131 795 212 850 cit,
248 808 396 851 neque
428 795 521 840 sola
555 795 796 854 promissio
828 796 951 852 data,
987 795 1178 841 vivente
1212 795 1414 854 legitima
1448 809 1609 851 uxore,
1650 795 1706 840 (16
1740 795 1914 854 nuptiis

133 877 346 923 ineundis
380 883 479 936 post
511 878 608 924 eius
640 878 843 935 obitum,
889 884 969 924 aut
1006 881 1153 924 solum
1196 878 1463 937 coniugium
1495 879 1550 923 de
1583 880 1705 924 facto
1741 879 1909 925 initum

130 961 300 1020 absque
336 962 576 1017 adulterio,
603 962 778 1008 inducit
800 962 976 1008 dictum
999 962 1400 1022 impedimentum.
1438 961 1559 1008 Nihil
1584 976 1694 1007 vero
1718 962 1914 1008 interest

131 1049 287 1089 utrum
321 1045 560 1103 promissio
593 1045 647 1091 (16
680 1046 910 1104 praesenti
945 1047 1018 1091 vel
1050 1047 1104 1091 (16
1139 1047 1294 1092 futuro
1329 1046 1626 1092 matrimonio
1666 1046 1909 1105 praecedat

130 1132 210 1172 aut
242 1128 490 1173 comitetur
521 1134 602 1174 aut
632 1134 851 1188 sequatur
881 1129 1188 1187 adulterium;
1225 1143 1406 1189 semper
1439 1129 1563 1174 enim
1609 1128 1914 1186 impedimen-

130 1215 229 1255 tum
263 1212 567 1256 contrahitur.

249 1296 350 1341 906.
390 1300 436 1341 ln
472 1300 665 1356 utraque
697 1301 852 1341 autem
888 1296 1037 1355 specie
1072 1297 1226 1342 variae
1264 1311 1539 1342 concurrere
1562 1297 1732 1342 dehent
1757 1298 1912 1343 condi-

130 1379 292 1424 tiones.
331 1379 560 1438 Siquidem
596 1380 652 1424 ad
686 1381 997 1426 inducendum
1033 1379 1416 1438 impedimentum
1453 1395 1509 1425 vx
1544 1380 1770 1425 adulterio
1804 1395 1910 1426 cum

128 1462 430 1520 promissione
465 1463 747 1508 matrimonii
781 1467 875 1508 tres
908 1464 1207 1523 requiruntur
1239 1463 1528 1509 conditiones
1551 1478 1607 1508 ex
1635 1470 1762 1522 parte
1786 1465 1911 1509 adul-

128 1545 255 1590 terii:
297 1547 335 1602 1)
362 1551 412 1590 ut
443 1547 502 1591 sit
536 1561 716 1603 verum,
753 1548 973 1592 nimirum
998 1548 1082 1592 sub
1107 1548 1256 1592 valido
1281 1547 1631 1592 matrimonium
1658 1552 1910 1606 patratum,

127 1627 225 1673 sive
259 1628 609 1674 matrimonium
643 1629 702 1675 sit
735 1636 903 1686 ratum,
939 1631 1037 1676 sive
1070 1636 1463 1686 consummatum,
1499 1632 1598 1675 sivo
1631 1631 1810 1675 adulter
1833 1631 1910 1675 ha-

127 1711 241 1756 bitet
275 1727 379 1757 cum
414 1713 608 1772 coniuge
643 1714 851 1770 vivente,
887 1714 986 1760 sive
1019 1715 1078 1759 sit
1111 1728 1190 1773 per
1221 1714 1472 1760 divortium
1498 1720 1758 1773 separatus,
1791 1716 1832 1770 Ξ)
1861 1719 1912 1758 ut

125 1796 286 1855 copula
319 1796 577 1842 adulterina
610 1796 669 1842 sit
701 1802 1022 1843 consummata
1056 1797 1099 1843 id
1133 1803 1202 1843 est
1225 1799 1451 1856 perfecta;
1488 1799 1529 1854 5)
1558 1803 1609 1842 ut
1630 1798 1907 1843 adulterium

125 1878 184 1923 sit
216 1879 407 1924 formale
449 1879 624 1925 scilicet
668 1885 718 1924 ut
759 1881 818 1924 sit
860 1881 1096 1938 cognitum
1132 1881 1360 1940 complici.
1414 1884 1585 1926 Verum
1633 1881 1667 1926 si
1717 1886 1911 1941 uterque

123 1962 303 2007 adulter
335 1962 474 2008 fuerit
506 1963 778 2022 coniugatus
810 1968 855 2009 et
887 1964 1154 2010 alterutrius
1188 1970 1369 2010 tantum
1406 1964 1755 2010 matrimonium
1799 1966 1911 2009 utri-

123 2059 212 2106 que
246 2047 301 2090 sit
336 2046 591 2104 cognitum,
627 2046 669 2091 id
702 2047 814 2092 satis
845 2052 930 2103 est,
966 2053 1016 2092 ut
1048 2047 1433 2103 impedimentum
1458 2049 1778 2104 contrahatur,
1803 2049 1907 2108 quia

123 2130 399 2175 adulterium
435 2131 626 2175 formale
659 2136 727 2175 est
761 2145 817 2176 ex
852 2131 1089 2191 utriusque
1123 2138 1268 2190 parte.
1314 2160 1367 2164 —-
1411 2137 1474 2177 Ex
1511 2136 1637 2191 parte
1672 2147 1782 2177 vero
1810 2147 1908 2190 pro-

124 2214 354 2259 missionis
386 2214 473 2260 tria
507 2215 781 2273 exiguntur:
823 2217 860 2271 l)
888 2221 939 2261 ut
970 2216 1029 2261 sit
1060 2218 1176 2262 seria
1201 2222 1247 2262 et
1273 2217 1425 2277 aliquo
1458 2218 1587 2276 signo
1612 2218 1904 2264 manifestata

124 2303 261 2358 atque
295 2313 319 2343 a
353 2299 574 2357 complice
607 2305 870 2358 acceptata;
907 2302 949 2357 2)
977 2305 1026 2345 ut
1060 2301 1184 2345 nullo
1232 2301 1365 2346 modo
1409 2300 1669 2359 promissio,
1705 2300 1741 2344 si
1778 2315 1905 2359 prae·

121 2381 342 2438 cesserit,
393 2386 503 2427 ante
547 2383 822 2428 adulterium
867 2388 1081 2429 revocata
1128 2384 1290 2442 fuerit3
1341 2385 1383 2441 5)
1423 2384 1671 2444 requiritur
1718 2390 1768 2430 ut
1811 2389 1907 2430 tam

125 2464 366 2524 promissio
398 2479 535 2525 quam
570 2467 846 2511 adulterium
880 2469 965 2512 sub
996 2467 1157 2512 eodem
1193 2467 1396 2525 legitimo
1431 2467 1730 2513 matrimonio
1767 2469 1907 2514 inter·

122 2548 319 2593 veniant
342 2547 373 2592 ².

245 2708 254 2727 ²
283 2708 370 2745 Can.
397 2709 576 2752 Relatum,
604 2709 711 2747 Caus.
738 2709 794 2753 51,
822 2721 856 2756 q.
886 2712 918 2746 l.

241 2783 253 2800 ²
281 2783 411 2827 Quoad
438 2783 722 2835 promissionem
750 2783 1041 2820 conditionatam
1080 2785 1171 2821 haec
1208 2786 1426 2831 proponitur
1463 2786 1640 2823 doctrina.
1681 2786 1718 2833 a)
1745 2786 1905 2832 Impedi-

121 2858 287 2890 mentum
303 2853 438 2898 existit,
466 2853 498 2890 si
525 2853 687 2891 conditio
714 2854 762 2891 sit
788 2854 832 2891 de
860 2856 1055 2901 praeterito
1084 2856 1138 2892 vel
1175 2856 1219 2892 de
1250 2857 1457 2902 praesenti,
1485 2862 1521 2893 et
1547 2858 1767 2895 verificetur.
1806 2858 1838 2903 b)
1865 2859 1902 2895 Si

119 2925 282 2962 conditio
308 2925 354 2962 (16
381 2925 501 2962 futuro
527 2930 613 2964 ante
647 2925 869 2964 adulterium
901 2926 1062 2970 deficiat,
1092 2927 1397 2973 impedimentum
1432 2938 1477 2964 ex
1508 2930 1695 2966 communi
1733 2930 1903 2967 doctrina

119 3005 196 3033 non
222 2996 362 3041 oritur;
389 2997 419 3033 si
446 3000 530 3044 post
566 2997 786 3034 adulterium
825 2997 970 3035 deficiat
1000 3003 1086 3035 ante
1111 2999 1253 3036 obitum
1291 2999 1487 3045 coniugis,
1519 3010 1583 3038 seu
1609 3005 1692 3037 ante
1725 3000 1908 3043 solutum,

118 3068 219 3114 quod
245 3078 345 3105 nunc
371 3073 427 3105 est
452 3069 740 3113 matrimonium,
767 3074 852 3106 sunt
877 3069 940 3115 qui
967 3069 1275 3115 impedimentum
1301 3075 1429 3116 putent
1455 3071 1624 3114 existere,
1643 3070 1707 3107 sed
1726 3071 1899 3117 probabi-
