2176 3386
223 211 303 252 418
867 222 976 251 PARS
1005 223 1029 250 1.
1065 223 1122 250 DE
1150 221 1361 251 PERsoms

224 327 463 374 Secretarii
497 342 608 373 vero
641 342 810 373 munus
842 342 962 374 unus
994 343 1051 373 ex
1084 328 1488 374 Caeremoniarum
1523 329 1751 392 magistris
1787 334 1998 389 occupat.

223 415 396 457 Omnes
427 415 583 456 autem
618 411 1020 456 Caeremoniarum
1071 410 1275 469 magistri
1309 411 1443 456 buius
1473 412 1847 470 Congregationis
1887 415 2008 472 Conss

224 497 417 542 sultores
447 499 571 540 sunt.
606 500 728 540 Haec
762 498 801 539 S.
841 495 1138 553 congregatio
1171 509 1332 541 omnes
1363 483 1687 540 caeremonias¹
1720 495 1816 540 sive
1849 509 2010 541 sacras

224 579 321 623 sive
354 578 514 623 civiles
546 582 693 633 curat,
728 591 781 622 ac
813 577 868 622 de
900 577 971 622 his
1002 577 1347 638 quaestionibus
1373 580 1478 636 agit.

666 723 684 768 g
710 723 765 758 14.
794 743 835 747 —
865 723 1133 769 Conqreyatio
1158 722 1354 771 Fabricae
1377 721 1415 758 S.
1441 722 1564 758 Petri.

344 812 442 856 545.
480 815 602 856 Haec
634 809 932 868 Congregatio
965 823 1081 869 quae
1113 809 1370 869 antiquitus
1390 824 1414 855 3
1436 809 1719 868 temporibus
1742 809 1839 854 Iulii
1865 814 1901 855 II
1934 810 2006 854 uti

223 896 464 953 collegium
489 894 801 940 Praelatorum
825 908 878 939 ac
902 893 1109 938 virorum
1143 893 1559 938 ecclesiasticorum
1592 892 1835 948 existebat,
1858 907 1884 938 a
1907 893 2001 940 Cle-

224 983 378 1024 mente
412 982 509 1024 VIII
544 977 755 1023 instituta
790 982 873 1022 est.
914 980 1102 1023 Constat
1135 991 1192 1022 ex
1228 976 1430 1035 pluribus
1461 976 1775 1022 cardinalibus
1815 976 1892 1036 qui
1924 977 2004 1021 ad·-

222 1062 444 1107 iuvantur
475 1063 531 1107 ab
556 1061 771 1106 Auditore
804 1064 1022 1106 Gamerae
1047 1061 1347 1119 Apostolicae,
1382 1074 1407 1104 a
1440 1060 1738 1105 Thesaurario
1771 1059 2003 1116 Generali,.

222 1161 246 1191 a
282 1147 515 1190 Praefecto
548 1145 710 1189 domus
744 1143 1026 1199 Pontificiae,
1062 1144 1119 1188 ab
1151 1157 1243 1188 uno
1276 1157 1333 1187 ex
1367 1142 1650 1187 auditoribus
1683 1145 1723 1187 S.
1751 1146 1909 1199 Rotae,
1944 1142 2027 1186 ab·

221 1244 314 1275 uno
347 1244 404 1274 ex
437 1229 621 1274 Clericis
667 1228 722 1272 de
754 1230 960 1283 Camera,
998 1228 1055 1271 ab
1086 1231 1350 1272 oeconomo
1388 1226 1618 1282 Fabricae,
1653 1226 1728 1286 qui
1767 1225 2001 1271 secretarii

223 1327 392 1358 munus
438 1313 546 1370 agit.
585 1311 727 1357 Huius
760 1310 1136 1369 Congregationis
1184 1310 1383 1355 officium
1432 1315 1501 1354 est
1536 1311 1573 1366 1)
1601 1314 1651 1353 ut
1683 1308 2008 1368 dispositiones

221 1398 276 1443 ad
311 1398 404 1456 pias
426 1409 587 1442 causas
619 1395 717 1440 sive
743 1394 863 1439 inter
898 1394 1032 1439 vivos
1063 1394 1161 1439 sive
1196 1394 1356 1438 mortis
1389 1406 1523 1438 causa
1557 1394 1704 1437 factae
1738 1391 2001 1437 executioni

221 1483 413 1538 dentur3
452 1482 493 1537 2)
521 1484 572 1524 ut
604 1481 781 1524 fructus
813 1478 991 1524 decursi
1026 1478 1101 1538 qui
1128 1479 1172 1522 in
1201 1479 1325 1536 pium
1360 1490 1472 1536 opus
1494 1482 1626 1522 erant
1657 1475 1891 1534 erogandi,
1918 1489 2003 1520 nec

223 1580 314 1610 non
347 1563 667 1623 dispositiones
699 1563 903 1607 incertae
937 1561 1152 1606 Fabricae
1187 1563 1227 1606 S.
1267 1560 1383 1605 Petri
1419 1560 1734 1619 applicentur;
1779 1561 1820 1615 5)
1858 1564 1908 1603 ut
1940 1560 2005 1604 ei·

221 1649 324 1693 dem
357 1647 644 1706 applicentur
677 1647 820 1704 legata
871 1659 987 1705 quae
1029 1649 1211 1703 propter
1260 1644 1484 1689 bonorum
1533 1642 1904 1688 insufficientiam
1938 1643 2005 1687 ef-

221 1735 298 1774 ctu
332 1734 522 1787 carent3
564 1730 606 1785 4)
632 1729 730 1773 eius
762 1733 831 1773 est
863 1727 1090 1786 applicare
1123 1726 1270 1771 eidem
1306 1725 1519 1771 Fabricae
1553 1726 1670 1770 bona
1714 1724 1871 1769 relicta
1904 1738 2006 1783 per-

219 1814 343 1859 sonis
378 1814 447 1857 vel
489 1812 598 1858 locis
629 1811 952 1857 ecclesiasticis
983 1825 1100 1871 quae
1134 1825 1190 1855 ex
1225 1824 1306 1855 suo
1349 1810 1561 1854 instituto
1603 1807 1907 1866 incapacitate
1940 1808 2000 1852 la-

220 1897 385 1942 borent
431 1895 697 1956 acquirendi
744 1909 797 1940 ac
848 1893 1119 1953 possidendi.
1157 1894 1197 1949 5)
1224 1897 1346 1938 Haec
1383 1892 1681 1950 Congregatio
1727 1904 1888 1936 causas
1928 1905 2001 1936 co-

221 1980 398 2039 gnoscit
420 1996 473 2026 ac
496 1980 702 2025 decernit
724 1979 843 2024 circa
876 1978 1133 2023 nullitatem
1158 1981 1424 2022 contractus
1452 1974 1743 2020 alienationis
1774 1974 2002 2019 bonorum

219 2063 653 2119 ecclesiasticorum,
689 2067 735 2108 et
767 2062 802 2107 si
837 2066 1106 2107 contractus
1145 2060 1356 2105 nullitate
1404 2060 1612 2103 laborent
1643 2057 1747 2117 quia
1796 2057 1894 2101 sine
1926 2057 2002 2100 be-

219 2147 446 2205 neplacito
494 2145 741 2204 apostolico
787 2144 889 2189 initi
941 2148 1066 2199 sunt,
1110 2142 1323 2188 Fabricae
1373 2143 1548 2187 fructus
1596 2141 1713 2185 male
1767 2144 2026 2197 perceptos„

219 2230 332 2275 haec
367 2231 404 2273 S.
439 2227 738 2286 Congregatio
772 2227 999 2285 applicare
1035 2231 1182 2284 potest
1209 2227 1238 2270 ².

339 2311 481 2357 Hodie
514 2312 569 2356 ad
603 2311 721 2355 hanc
760 2312 945 2355 Sacram
980 2309 1389 2367 Congregationem
1439 2307 1638 2365 pertinet
1684 2309 1887 2350 oratores
1924 2303 2000 2347 ab·

217 2397 394 2441 solvere
427 2395 484 2441 ab
505 2394 844 2450 omissionibus,
885 2392 1098 2451 imposita
1132 2391 1361 2436 solutione
1385 2404 1464 2449 pro
1487 2388 1674 2434 Fabrica
1699 2391 1740 2433 S.
1763 2386 1899 2443 Petri,
1926 2387 1998 2430 vel

218 2495 275 2525 ex
309 2484 437 2538 parte
470 2482 673 2524 oratores
707 2477 989 2523 liberareab
1020 2476 1253 2531 oneribus,
1281 2475 1353 2529 vel
1390 2473 1616 2533 Episcopis
1647 2473 1890 2527 facultates
1916 2484 2003 2527 eos

219 2577 277 2608 ex
311 2567 407 2607 toto
441 2562 514 2607 vel
547 2575 605 2606 ex
639 2564 765 2620 parte
788 2560 1010 2605 liberandi
1042 2558 1270 2604 concedit.
1304 2563 1426 2603 Haec
1459 2560 1501 2602 S.
1528 2554 1828 2617 congregatio
1858 2566 1998 2598 onera

219 2643 275 2687 ab
308 2657 398 2687 una
421 2641 618 2687 Ecclesia
651 2641 705 2686 ad
729 2640 864 2685 aliam
886 2640 1119 2694 transfert,
1138 2652 1190 2684 ac
1224 2639 1342 2683 ultra
1376 2638 1488 2682 duos
1522 2648 1702 2681 menses
1735 2632 2006 2680 conciliares

221 2726 465 2770 missarum
501 2724 784 2769 manualium
818 2722 1176 2768 celebrationem
1210 2720 1375 2766 differt.
1403 2724 1524 2765 Haec
1542 2722 1581 2764 S.
1605 2715 1902 2775 congregatio
1936 2715 2004 2758 ul-

218 2807 360 2852 terius
382 2806 584 2865 ipsorum
618 2807 871 2862 legatorum
903 2803 1268 2862 redemptionem
1303 2800 1529 2857 concedit,
1556 2798 1738 2858 praevia
1772 2796 2000 2843 solutione

218 2888 410 2934 alicuius
442 2901 651 2933 summae
684 2887 730 2932 in
766 2886 978 2934 manibus
1001 2885 1235 2941 ordinarii,
1272 2884 1347 2945 qui
1382 2898 1441 2929 ex
1474 2880 1725 2927 redditibus
1765 2878 1902 2937 legati
1936 2878 1995 2936 pii

219 2973 582 3021 satisfactionem
616 2976 747 3018 curat
771 2974 797 3017 ².
1569 2950 1572 2954 Δ

340 3107 348 3126 ¹
383 3107 437 3143 Da
462 3107 565 3142 Luca
591 3105 706 3142 Relat.
733 3105 812 3142 Cur.
841 3103 994 3141 discurs.
1021 3102 1077 3146 20,
1103 3112 1142 3138 n.
1172 3101 1203 3137 ¹.

338 3177 351 3195 ¹
378 3177 430 3214 De
458 3177 559 3213 Lucri
586 3185 642 3221 op.
672 3174 730 3211 cit.
