2176 3386
847 102 873 120 ⁷<ae
921 103 942 129 ⁶
991 101 1027 119 γ’,
1073 102 1078 104 -
1806 117 1817 125 ·
1840 112 1843 116 ι
1997 104 2009 110 “’

1862 133 1890 158 ,Ρ
1916 156 1920 162 .
1983 151 1987 157 .
2020 132 2034 140 ,.

216 180 295 221 184
663 195 666 198 ·
883 186 996 223 PARS
1022 193 1069 223 11.
1104 193 1163 223 nn
1190 173 1331 224 nanus
1387 199 1389 202 ·

213 299 470 348 declaravit
516 302 639 345 Sacr.
690 299 1053 346 Poenitentiaria
1076 301 1120 358 ¹,
1153 300 1200 346 id
1240 305 1311 347 est
1349 299 1398 346 in
1431 301 1593 360 primis
1623 302 1882 350 curandum
1914 303 2018 363 ipsi·
2072 296 2079 298 ἡ

213 398 312 430 esse
343 397 425 443 pro
446 383 624 428 viribus
655 387 708 428 ut
728 382 1053 429 ecclesiasticis
1084 383 1292 430 censuris
1313 383 1522 450 innodati
1544 384 1699 430 debito
1723 374 1859 431 modo
1889 398 1998 432 cum

216 465 416 513 Ecclesia
448 465 823 521 reconcilientur,
857 468 904 511 et
934 465 972 510 si
1005 465 1292 512 reconciliari
1326 471 1543 512 recusent
1572 472 1619 513 et
1649 466 1738 513 nisi
1759 467 1998 514 matrimo-

214 548 345 594 nium
393 548 650 593 celebretur
681 548 840 606 gravia
873 548 980 594 inde
1014 549 1143 613 'mala
1190 548 1435 595 imminere
1467 550 1738 607 videantur,
1773 552 1999 611 parochus

152 655 165 669 ν
213 631 510 678 Ordinarium
541 633 769 688 consulat,
793 631 871 691 qui
903 632 1060 677 habita
1085 647 1241 678 rerum
1263 635 1310 678 et
1331 632 1792 680 circumstantiarum
1821 634 1997 680 ratione

213 714 518 774 omnibusque
565 714 801 774 perpensis
832 729 950 775 quae
983 718 1029 760 in
1065 715 1266 773 probatis
1297 716 1559 762 auctoribus
1579 721 1638 774 §et
1670 717 1939 776 praesertim
1971 731 1997 763 a

214 801 256 843 S.
283 798 514 857 Alphonso
537 799 553 823 ²
581 798 850 853 traduntur,
874 812 928 843 ea
960 798 1162 844 declaret
1183 813 1300 857 quae
1324 799 1468 857 magis
1489 800 1706 858 expedire
1728 799 1776 846 in
1804 802 1997 846 Domino

212 880 504 938 iudicaverit,
539 882 726 927 exclusa
759 885 917 927 tamen
951 895 1132 942 semper
1164 882 1330 928 missae
1361 883 1684 929 celebratione.

332 1047 341 1067 ¹
371 1048 619 1086 Instructione
644 1049 743 1086 edita
767 1049 826 1087 die
855 1049 899 1086 10
924 1049 1003 1086 dec.
1032 1049 1134 1087 1860.

332 1120 344 1138 ²
369 1120 450 1157 Lib.
477 1120 509 1164 6,
537 1126 639 1158 tract.
668 1121 697 1164 1,
725 1130 804 1167 cap.
831 1121 863 1157 2.
