2176 3386
259 187 335 230 116
927 196 1037 225 PARS
1066 196 1106 224 11.
1143 195 1199 224 DE
1230 195 1367 232 nasus

258 303 576 362 impedimenti
606 307 702 346 tum
726 302 1000 359 dirimentis,
1028 308 1126 347 tum
1153 302 1460 361 impedientis.
1501 303 1786 365 Irritalenim
1811 304 2036 362 sponsalia

258 392 367 431 sunt
404 387 526 430 inter
557 400 634 431 eos
666 385 743 444 qui
779 386 850 430 vel
895 386 1172 444 impediente
1220 389 1400 430 tantum
1437 386 1767 444 impedimento
1811 387 2035 433 laborant.

378 472 420 514 2.
460 467 765 513 Aecidentalia
802 467 1081 526 sponsalium
1133 468 1342 512 revocari
1380 473 1572 527 possunt
1611 469 1667 513 ad
1701 471 1913 526 modum,
1949 484 2038 529 quo

258 553 613 608 contrabuntur⁷
640 557 685 596 et
717 551 773 595 ad
798 556 927 608 pacta
951 552 1221 596 accessoria.
1261 552 1421 596 Modus
1445 551 1600 596 varius
1622 557 1706 610 est,
1734 557 1880 609 potest
1913 553 2037 598 enim

258 636 359 696 quis
391 651 441 681 ea
478 635 592 680 inire
628 636 699 680 vel
736 650 814 693 per
847 650 911 692 se,
951 635 1027 679 vel
1057 649 1133 693 per
1169 639 1534 683 Procuratorem.
1578 639 1772 682 Possunt
1803 643 2039 695 praeterea

259 718 468 764 contrahi
506 718 574 762 xel
612 732 733 774 pure
765 723 811 762 et
841 719 1128 775 simpliciter,
1168 719 1240 762 vel
1274 720 1323 761 in
1358 719 1495 771 diem,
1532 718 1605 763 vel
1647 719 1729 762 sub
1761 719 2035 764 conditione.

263 805 386 846 Pare
419 801 549 858 inita,
586 801 701 846 idest
735 802 859 845 nullo
892 801 964 845 die
999 801 1068 845 vel
1105 801 1368 845 conditione
1404 801 1599 856 adiecta,
1630 801 1786 846 statim
1819 802 2036 859 obligant,

258 885 474 944 quamvis
519 885 699 943 aliquod
747 884 966 942 temporis
1013 884 1210 941 spatium
1260 884 1461 929 dandum
1512 885 1571 928 sit
1616 885 1671 930 ad
1705 900 1755 930 ea
1790 885 2035 944 implenda.

260 968 606 1011 Contraliuntur
629 980 738 1010 xero
774 969 822 1009 in
851 967 988 1022 diem,
1015 981 1118 1011 cum
1153 965 1255 1025 quis
1288 968 1482 1025 spondet
1505 981 1551 1011 se
1576 968 1921 1012 matrimonium
1958 969 2038 1013 ini—

262 1056 414 1095 turum
452 1051 569 1094 iutra
605 1054 781 1094 eertum
821 1055 1014 1108 tempus,
1050 1064 1139 1109 quo
1178 1055 1369 1106 exacto,
1406 1051 1597 1109 quisque
1632 1051 1787 1095 redeat
1819 1052 1873 1096 ad
1907 1052 2040 1096 liber-

262 1139 403 1177 tatem
439 1148 584 1177 suam.
642 1133 843 1192 Denique
876 1134 1190 1178 conditionate
1224 1133 1335 1178 inita
1373 1148 1462 1178 non
1499 1134 1730 1191 obligant,
1768 1135 1853 1178 nisi
1887 1135 2040 1179 condi-

263 1218 386 1262 tione
422 1219 622 1275 impleta.
660 1217 701 1261 Si
737 1217 937 1262 conditio
971 1217 1028 1261 sit
1061 1218 1233 1274 turpis,
1270 1223 1315 1262 et
1348 1218 1727 1262 substantialibus
1760 1219 2040 1268 matrimonii

263 1301 392 1345 bonis
424 1301 633 1357 adxersa,
672 1301 794 1344 nulla
829 1306 966 1345 erunt
999 1300 1257 1358 sponsalia3
1295 1300 1330 1345 si
1368 1301 1510 1358 turpis
1543 1305 1742 1358 tantum„
1773 1303 1841 1346 vel
1876 1302 2040 1360 impos-

261 1383 432 1440 sibilis,
471 1398 548 1441 pro
586 1398 676 1427 non
719 1383 894 1427 adiecta
931 1383 1186 1427 habebitur.
1241 1388 1376 1428 Pacta
1415 1364 1611 1443 denique
1652 1385 1902 1430 accessoria
1935 1391 2042 1429 sunt

267 1466 335 1509 xel
370 1466 532 1509 arrhae
569 1466 636 1509 xel
675 1479 847 1522 poenae
880 1469 1039 1508 contra
1075 1464 1243 1509 iniuste
1275 1464 1546 1509 resilientes.

381 1550 422 1592 5.
465 1553 557 1593 l)uo
590 1553 697 1592 sunt
732 1548 961 1606 praecipui
994 1548 1274 1606 sponsalium
1303 1548 1508 1606 effectus,
1537 1550 1710 1607 primus
1742 1564 1799 1594 ex
1836 1550 1929 1607 ipso
1965 1565 2039 1595 na-

267 1632 398 1676 turali
434 1631 530 1676 iure
563 1632 774 1676 omnibus
808 1631 1096 1690 pactionibus
1129 1632 1392 1676 communis
1416 1633 1576 1690 oritur,
1607 1634 1722 1678 alter
1746 1648 1854 1678 vero
1887 1649 1909 1678 a
1946 1634 2041 1678 iure

264 1715 460 1773 positivo
495 1715 691 1773 prolluit.
747 1714 1037 1773 Sponsalibus
1069 1710 1209 1759 semel
1249 1714 1403 1770 initis,
1442 1716 1665 1760 naturalis
1698 1716 1817 1760 inter
1855 1729 2044 1774 sponsos

267 1799 482 1856 obligatio
516 1799 719 1843 nascitur
751 1813 839 1857 qua
874 1799 1003 1854 alter⁷
1039 1798 1182 1842 altero
1219 1797 1478 1856 postulante
1514 1799 1569 1842 ad
1610 1798 1742 1843 iidem
1791 1798 2041 1856 adimplen-

263 1883 367 1927 dam
402 1882 614 1940 adigitur,
651 1881 736 1925 nisi
773 1882 843 1925 xel
879 1880 1060 1939 nuptias
1093 1881 1329 1925 dill'erendi
1367 1881 1436 1925 vel
1477 1895 1500 1925 a
1535 1886 1775 1926 contractu
1815 1880 2042 1925 resiliendi

266 1965 466 2023 legitima
500 1965 644 2009 subsit
676 1978 828 2009 causa.
867 1965 990 2008 Alter
1021 1963 1300 2021 sponsalium
1336 1964 1527 2008 effectus
1560 1969 1629 2008 est
1663 1963 2042 2021 impedimentum

264 2047 485 2092 dirimens
517 2048 636 2107 quod
670 2062 725 2092 ex
762 2048 940 2105 publica
975 2048 1214 2091 honestate
1248 2060 1452 2091 canones
1497 2051 1683 2105 petunt,
1719 2047 1773 2091 de
1806 2061 1895 2106 quo
1929 2046 2041 2091 infe-

266 2132 357 2176 rius
390 2145 592 2189 agemus.

384 2216 485 2260 848.
523 2216 564 2259 Si
597 2215 698 2274 quis
722 2215 854 2259 {idem
879 2215 1159 2272 sponsalium
1197 2218 1361 2258 renuat
1382 2214 1646 2272 adimplere,
1673 2214 1761 2258 duo
1795 2218 2044 2272 suppetunt

268 2299 378 2343 iuris
411 2299 633 2355 remedia,
671 2299 831 2343 iudicis
866 2297 1081 2354 monitio,
1117 2302 1163 2341 et
1203 2311 1504 2342 censurarum
1539 2296 1754 2354 inflictio,
1790 2310 1905 2356 quae
1943 2310 2042 2355 pru-

265 2381 391 2426 denti
427 2382 565 2440 ipsius
604 2381 763 2426 iudicis
804 2381 995 2426 arbitrio
1036 2380 1284 2425 remittitur
1311 2382 1340 2436 ²,
1377 2393 1482 2424 cuin
1534 2380 1796 2424 coactiones
1842 2379 2044 2423 difficiles

266 2468 442 2511 soleant
475 2466 627 2511 exitus
659 2466 842 2510 habere.

269 2636 346 2681 ipsa
374 2646 458 2672 vero
485 2645 579 2681 quae
609 2635 701 2671 inter
728 2635 936 2680 impuberes
964 2634 1207 2676 celebrantur,
1235 2634 1408 2680 quamvis
1437 2635 1513 2670 iure
1540 2633 1719 2670 canonico
1745 2637 1892 2681 cautum
1918 2632 1965 2668 sit
1985 2640 2043 2666 va-

267 2708 352 2751 lere,
372 2714 480 2753 atque
496 2707 763 2753 obligationem
791 2707 974 2750 inducere,
994 2710 1170 2743 statutum
1197 2711 1320 2743 tamen
1340 2712 1396 2743 est
1414 2711 1563 2752 propter
1591 2704 1879 2742 imbecillitatem
1907 2703 2044 2746 iudicii,

268 2784 307 2816 ut
333 2784 415 2825 post
442 2780 694 2824 pubertatem,
720 2779 766 2815 ab
795 2779 838 2815 iis
866 2778 1004 2815 resilire
1031 2778 1161 2822 liceat,
1188 2788 1309 2824 neque
1338 2778 1368 2814 is
1396 2778 1458 2823 qui
1485 2777 1533 2814 ad
1560 2777 1787 2823 pubertatem
1818 2776 1957 2822 primus
1983 2775 2044 2811 ad-

268 2853 418 2895 venerit,
447 2857 613 2888 teneatur
639 2851 751 2888 alium
777 2856 983 2896 expectare,
1010 2850 1074 2886 sed
1100 2850 1223 2885 statim
1250 2848 1391 2886 resilire
1418 2849 1551 2891 valeat,
1572 2848 1645 2884 imo
1665 2852 1696 2884 et
1721 2847 1861 2890 debeat,
1879 2847 1910 2882 si
1936 2855 2046 2892 spon·

267 2923 361 2960 salia
387 2924 541 2970 probare
566 2922 670 2966 nolit,
696 2922 864 2968 alioquin
892 2925 1020 2967 postea
1049 2930 1122 2957 non
1149 2921 1329 2958 audiatur.
1355 2919 1393 2956 C.
1421 2919 1455 2956 S.
1483 2918 1549 2956 Off.
1577 2919 1624 2955 ad
1647 2919 1718 2955 Vic.
1745 2917 1819 2964 Ap„
1841 2917 2044 2954 sutanum.

269 2995 357 3031 febr.
386 2995 487 3031 1779.
860 3029 866 3033 ,

390 3065 505 3111 ¹Cap.
531 3064 553 3101 2
581 3065 614 3101 b.
642 3069 676 3107 t,
704 3074 783 3110 cap.
812 3064 856 3101 10
883 3064 917 3100 h.
946 3067 981 3106 t.,
1007 3071 1086 3108 cap.
1115 3063 1156 3099 17
1186 3062 1221 3098 h.
1248 3066 1272 3098 t.
