2176 3386
222 159 298 200 120
894 177 1004 207 PARS
1033 179 1075 207 11.
1107 179 1165 207 DE
1195 180 1333 209 REBus

217 280 393 325 sulatur
426 282 554 340 proli,
592 282 941 342 intelligendum
974 289 1044 330 est
1075 300 1134 331 ex
1166 290 1319 349 Consti
1358 289 1525 334 Bened.
1562 293 1660 335 XIV
1723 292 1846 337 Satis
1880 293 2007 338 vobis

218 376 326 408 ann.
368 365 494 409 1741.
534 369 669 411 Porro
702 367 822 425 leges
851 367 898 412 in
932 383 984 413 ea
1018 369 1325 428 praescriptae
1357 372 1474 417 aliae
1506 373 1788 418 antecedunt
1819 379 2005 420 contra-

218 451 344 491 ctum
379 446 545 505 ipsum,
572 450 686 494 aliae
711 451 1100 508 concomitantur,
1136 453 1251 498 aliae
1285 455 1641 514 subsequuntur.

336 530 435 575 852.
478 535 613 589 Leges
646 547 762 591 quae
796 534 1028 580 occultum
1064 536 1452 597 matrimonialem
1486 542 1778 584 contractum
1817 544 2000 585 antece-

218 612 333 657 dunt
365 618 498 659 sunt:
540 616 577 671 l)
602 619 653 659 ut
675 616 1058 663 denunciationes
1081 618 1264 664 nonnisi
1301 624 1484 679 propter
1517 621 1743 679 legitimas
1771 627 1818 667 et
1839 637 2008 681 graves

218 708 379 763 causas
412 697 736 753 dispensentur
768 700 825 743 ab
859 699 911 744 iis
943 701 998 745 ad
1031 715 1144 760 quos
1180 702 1398 760 pertinet;
1435 705 1477 761 2)
1513 708 1566 748 ut
1594 694 1788 763 'diligens
1821 705 1900 751 fiat
1932 705 1999 750 in-

217 779 400 838 quisitio
423 794 558 839 super
581 782 880 841 qualitatibus
904 798 1220 842 personarum,
1245 801 1361 845 quae
1393 788 1483 832 tale
1508 789 1857 834 matrimonium
1892 804 2004 835 con·

216 863 398 908 trabere
432 868 614 922 petunt,
649 880 707 910 an
745 866 959 912 videlicet
991 868 1085 912 sint
1116 869 1203 924 sui,
1240 869 1313 914 vel
1346 870 1483 916 alieni
1517 871 1644 927 iuris,
1680 886 1737 917 an
1773 873 1865 916 sint
1912 873 1998 918 cle-

216 945 315 1001 rici,
351 961 410 991 an
444 948 578 992 soluti
612 963 636 993 a
674 949 859 995 vinculo
893 951 1081 995 alterius
1114 953 1414 998 matrimonii.
1976 1006 1979 1008 ,

337 1031 438 1075 855.
474 1036 599 1085 Quae
633 1033 1006 1078 concomitantur
1038 1039 1170 1079 sunt:
1212 1036 1249 1093 l)
1285 1040 1335 1080 ut
1369 1038 1596 1081 parochus
1628 1038 1807 1096 potius,
1845 1043 1894 1083 ut
1927 1054 2003 1097 pe·-

216 1111 373 1168 ritior‚
409 1127 544 1172 quam
579 1114 694 1158 alius
728 1116 944 1160 Sacerdos
976 1117 1030 1160 de
1067 1117 1270 1175 Episcopi
1305 1120 1377 1163 vel
1412 1119 1600 1164 Parochi
1640 1119 1856 1177 licentia,
1893 1122 2001 1166 huic

217 1195 512 1240 matrimonio
561 1197 774 1254 assistat;
827 1200 867 1254 9.)
907 1203 956 1242 ut
1002 1213 1080 1257 per
1119 1201 1373 1246 Parochum
1412 1202 1482 1246 vel
1522 1203 1662 1246 alium
1707 1204 1999 1249 Sacerdotem

215 1278 292 1336 qui
326 1283 581 1336 opportuna
616 1294 720 1324 cum
758 1282 975 1326 facultate
1007 1283 1317 1328 assistentiam
1352 1285 1554 1342 praebet,
1581 1292 1860 1331 moneantur
1891 1300 1998 1331 con-

214 1363 451 1407 trahentes
485 1367 535 1407 ut
567 1364 768 1409 sobolem
805 1367 1134 1422 procreandam
1171 1369 1429 1425 regenerari
1465 1369 1677 1427 baptismi
1712 1372 1895 1416 lavacro
1922 1385 2001 1416 cu·

218 1452 336 1502 rent,
364 1451 412 1491 ut
436 1462 536 1492 eam
572 1449 824 1506 legitimam
858 1457 1110 1508 agnoscant
1133 1466 1326 1511 eamque
1350 1454 1519 1511 pietate
1551 1454 1771 1513 bonisque
1796 1455 2004 1500 moribus

216 1529 421 1575 imbuere
444 1531 675 1586 studeant,
702 1532 882 1592 fruique
916 1534 1047 1578 bonis
1079 1536 1408 1593 temporalibus
1441 1537 1678 1593 patiantur
1700 1552 1724 1582 a
1750 1537 2004 1582 maioribus

216 1613 385 1659 relictis
419 1615 491 1658 vel
526 1614 714 1673 provida
749 1616 900 1673 legum
934 1618 1209 1662 auctoritate
1243 1619 1419 1664 delatis.
1457 1623 1550 1664 Nec
1585 1620 1812 1664 parochus
1840 1620 1995 1665 matri-

216 1698 371 1742 monio
404 1699 602 1756 assistat,
641 1700 725 1744 nisi
762 1700 884 1757 prius
919 1702 1003 1746 ista
1039 1703 1286 1748 monuerit.

332 1781 434 1826 854.
471 1788 596 1836 Quae
643 1785 986 1842 subsequuntur
1032 1791 1169 1831 sunt:
1227 1788 1263 1843 1)
1311 1792 1361 1831 ut
1407 1787 1635 1852 celebrato
1683 1787 1998 1845 matrimonio,

214 1865 487 1910 exhibeatur
524 1867 740 1926 Episcopo
774 1868 894 1913 illius
927 1869 1260 1928 dpcumentum
1298 1885 1403 1915 cum
1438 1875 1546 1916 nota
1581 1871 1667 1916 loci
1700 1876 1746 1916 et
1780 1872 2002 1930 temporis

212 1949 492 2008 testiumque
526 1951 602 2009 qui
637 1951 933 1997 celebrationi
969 1952 1308 2012 interfuerunt3
1345 1956 1386 2010 2)
1414 1959 1464 1998 ut
1491 1955 1733 2013 Episcopus
1756 1959 1886 1999 curet
1909 1956 2000 1999 tale

213 2031 544 2078 documentum
579 2035 823 2080 transcribi
860 2036 905 2080 in
939 2036 1052 2081 libro
1088 2050 1271 2096 prorsus
1292 2038 1508 2084 distincto
1540 2039 1597 2083 ab
1629 2040 1789 2094 altero,
1828 2039 1871 2082 in
1906 2053 1999 2098 quo

215 2115 509 2161 matrimonia
543 2117 720 2175 publice
754 2123 992 2165 contracta
1016 2122 1070 2164 de
1096 2135 1221 2166 more
1253 2123 1558 2179 adnotantur;
1602 2123 1643 2179 5)
1668 2125 1719 2165 ut
1751 2122 1853 2166 talis
1885 2121 2002 2166 liber

214 2212 294 2255 pro
328 2200 635 2245 matrimoniis
668 2203 856 2247 secretis
887 2203 1091 2261 adposite
1124 2209 1407 2262 compactus,
1443 2207 1623 2249 clausus
1655 2209 1700 2249 et
1732 2204 1888 2263 sigillis
1920 2205 1996 2248 ob·

213 2280 419 2339 signatus
452 2282 498 2326 in
532 2285 811 2330 Cancellaria
844 2291 977 2331 caute
1011 2287 1309 2343 custodiatur,
1337 2302 1480 2347 eaque
1504 2289 1623 2334 circa
1660 2288 1785 2333 illum
1810 2302 1997 2333 serven·

212 2368 304 2421 tur,
340 2380 456 2425 quae
490 2367 536 2411 in
571 2368 710 2413 citata
747 2369 978 2414 pontificis
1010 2370 1226 2416 decretali
1250 2371 1481 2429 sapienter
1512 2371 1842 2430 disponuntur;
1877 2373 1919 2426 4)
1948 2375 2000 2415 ut

214 2450 359 2507 proles
394 2451 629 2508 progenita
663 2466 720 2496 ex
755 2452 937 2497 occulto
986 2452 1247 2498 huiusmodi
1291 2453 1619 2510 matrimonio,
1656 2452 1912 2511 baptizetur
1949 2452 1995 2498 in

212 2533 418 2590 ecclesia,
460 2534 677 2593 Episcopo
711 2536 1014 2580 denuntietur
1046 2550 1071 2581 a
1107 2540 1234 2596 patre
1267 2537 1502 2595 baptizati,
1531 2538 1602 2581 vel
1634 2541 1799 2592 matre,
1829 2550 1883 2581 ac
1916 2550 1995 2580 no-

212 2619 337 2660 tetur
371 2617 415 2660 in
449 2618 593 2662 altero
639 2618 753 2663 libro
785 2624 986 2674 secreto,
1022 2618 1181 2664 iisdem
1223 2620 1416 2664 cautelis
1447 2620 1726 2664 asservando
1763 2619 1810 2663 in
1843 2620 1991 2664 Curia.

330 2698 432 2743 855.
474 2699 676 2759 Denique
710 2701 1060 2746 matrimonium
1094 2703 1150 2746 ad
1186 2705 1567 2760 moryanaticam
1607 2706 1675 2747 est
1707 2702 1890 2761 quando
1925 2700 1998 2745 vir

212 2781 377 2827 nobilis
410 2787 510 2840 post
542 2788 776 2842 susceptos
809 2799 863 2828 ex
901 2783 1039 2829 nobili
1074 2799 1218 2830 uxore
1253 2785 1396 2841 filios,
1431 2799 1485 2830 ea
1519 2784 1610 2829 iam
1649 2785 1885 2840 defuncta,
1921 2797 1995 2829 co‘-

211 2878 307 2909 ram
346 2866 546 2910 Parocho
579 2871 626 2910 et
659 2865 870 2924 testibus,
907 2867 1095 2912 obtenta
1130 2868 1253 2926 prius
1284 2882 1308 2912 a
1344 2861 1779 2926 proclamationibus
1814 2866 1996 2925 dispen-

210 2949 416 3004 satione,
451 2950 645 2994 alteram
679 2964 737 2994 ex
766 2949 1005 3002 vhumiliori
1038 2950 1198 2995 ordine
1240 2950 1391 3009 ducit,
1427 2951 1580 2996 addita
1617 2950 1907 3009 conditione,
1945 2955 1997 2995 ut

210 3035 305 3076 tam
341 3031 504 3076 mulier
536 3047 676 3092 quam
711 3031 788 3077 filii
823 3048 880 3077 ex
914 3047 968 3078 eo
999 3033 1294 3079 matrimonio
1327 3034 1580 3090 nascituri,
1617 3033 1730 3079 nihil
1766 3034 1849 3079 sibi
1883 3033 1996 3078 iuris

1893 0 1900 5 -
1918 0 2176 186 ,ΝἾΝἻ
