2176 3386
200 0 417 25 mwffnff*
459 0 622 15 λ“·’·’-’
683 0 690 11 ·

555 182 686 211 LIBER
713 183 738 210 1.
773 183 830 211 DE
861 182 999 211 minus
1027 181 1263 211 ficem-:sulz
1292 182 1619 212 SPIRITUALIBUS
1902 175 1978 215 261

197 304 286 350 que
317 290 579 336 Orientales
610 289 732 350 siqui·
761 289 855 334 sint
885 289 964 349 qui
995 289 1288 347 deprecativa
1322 291 1468 335 forma
1501 290 1766 347 absolvunt,
1793 295 1980 352 Aposto-

198 373 312 419 licae
345 373 469 418 Sedis
503 377 750 432 praecepto
782 376 1020 428 tenentur,
1045 378 1226 432 praeter
1251 386 1406 431 preces
1438 387 1551 433 quas
1580 373 1712 421 iuxta
1747 377 1978 435 proprium

196 457 337 502 ritum
386 457 636 512 adhibent,
678 456 820 501 etiam
870 457 1067 501 formam
1115 456 1414 502 absolutionis
1446 472 1469 502 a
1504 458 1748 505 florentina
1797 462 1981 518 Synodo
2048 475 2051 485 ’

197 541 527 600 praescriptam
560 545 608 587 et
643 555 668 586 a
707 540 863 586 Latina
903 540 1098 586 Ecclesia
1133 545 1399 598 usurpatam
1433 541 1648 587 adhibere
1673 543 1702 586 ¹.

322 624 446 669 1186.
487 627 625 668 Extra
663 622 950 668 necessitatis
982 636 1166 668 casum:
1208 624 1244 678 l)
1273 623 1571 670 Missionariis
1604 625 1758 671 latinis
1789 627 1980 686 quisque

197 689 319 752 licite
353 707 598 752 confitetur
646 706 976 766 cuiuscumque
1009 706 1067 751 sit
1102 707 1244 763 ritus,
1281 722 1385 752 cum
1411 708 1441 752 ii
1472 708 1531 753 ab
1563 710 1819 768 Apostolica
1869 712 1980 757 Sede

199 794 504 849 opportunam
539 789 865 835 auctoritatem
893 790 1093 834 babeant
1124 790 1170 835 in
1201 791 1312 836 locis
1335 791 1623 848 missionum,
1648 798 1786 853 atque
1809 793 1856 838 in
1883 795 1980 853 Epi·

197 888 438 932 scoporum
471 874 793 919 adiumentum
830 879 877 918 et
910 875 1124 919 levamen
1161 875 1430 934 mittantur3
1467 890 1616 936 neque
1641 877 1847 936 Episcopi
1880 892 1981 936 pro-

198 957 354 1003 hibere
397 962 588 1015 possunt
635 957 839 1002 subditos
879 971 936 1003 ne
969 958 1025 1002 ad
1074 972 1151 1003 eos
1197 959 1436 1004 accedant.
1490 962 1606 1004 Sane
1646 963 1686 1004 S.
1722 963 1885 1017 Congr.
1926 961 1980 1006 de

201 1045 329 1099 Prop.
366 1041 471 1086 Fide
504 1041 576 1085 die
611 1041 636 1086 ὃ
669 1041 924 1086 decembris
973 1042 1082 1086 1644
1131 1043 1371 1088 mandavit
1418 1046 1602 1087 moneri
1645 1044 1980 1088 Patriarcham

196 1126 549 1169 Maronitarum
583 1138 689 1168 eum
725 1139 817 1169 nou
851 1127 1051 1183 potuisse
1084 1140 1167 1170 'nec
1199 1126 1403 1171 debuisse
1435 1129 1486 1170 in
1516 1127 1868 1183 praeiudicium
1914 1129 1980 1171 ιἰι-

198 1207 478 1252 risdictionis
511 1209 791 1265 Apostolicae
826 1209 982 1264 Sedis,
1019 1208 1148 1266 ferre
1180 1212 1708 1254 excommunicationem
1742 1213 1791 1254 in
1826 1214 1981 1257 Maro-

196 1295 334 1348 nitas,
371 1295 452 1350 qui
481 1299 791 1338 sacramenta
836 1296 1040 1350 recipere
1081 1295 1330 1338 voluerunt
1363 1308 1392 1339 a
1426 1296 1738 1340 Missionarit's
1777 1297 1979 1340 eiusdem

198 1377 398 1420 Sanctae
432 1376 559 1420 Sedis
590 1382 631 1420 et
662 1382 910 1433 propterea
955 1379 1105 1421 teneri
1144 1390 1248 1422 eam
1289 1391 1509 1422 reuocare
1545 1385 1586 1422 et
1628 1379 1683 1422 de
1723 1382 1894 1435 causis,
1930 1380 1981 1424 ob

197 1473 313 1518 quas
346 1462 614 1504 Maronitae
658 1474 752 1503 non
792 1461 954 1504 debent
985 1475 1015 1506 a
1049 1464 1362 1506 lllissionariis
1409 1465 1615 1519 recipere
1659 1471 1978 1519 sacramenta,

200 1543 396 1586 Sacram
436 1544 856 1600 Conqreyationem
890 1546 1132 1588 certiorem
1166 1544 1340 1602 facere,
1376 1559 1495 1604 quae
1525 1548 1567 1590 si
1596 1560 1710 1604 opus
1732 1546 1878 1603 fuerit
1911 1550 1982 1592 iu-

196 1625 446 1669 demm'tate'
485 1626 862 1683 presbyterorum
908 1628 1180 1683 providebit.
1232 1629 1455 1681 Quamvis
1501 1634 1657 1674 autem
1709 1630 1981 1675 Missionarii

199 1708 372 1766 possint
404 1708 568 1753 horum
604 1709 919 1754 confessiones
951 1710 1177 1769 excipere,
1204 1725 1297 1756 non
1331 1719 1521 1770 possunt
1554 1718 1710 1758 tamen
1745 1729 1768 1758 a
1803 1715 1982 1760 casibus

200 1792 418 1850 Episcopo
454 1792 701 1838 reservatis
735 1794 990 1847 absolvere,
1027 1794 1114 1838 nisi
1147 1795 1336 1840 obtenta
1369 1796 1426 1840 ab
1458 1797 1618 1841 eodem
1657 1797 1874 1856 Episcopo
1923 1800 1982 1843 fa-

198 1876 396 1930 cultate,
431 1881 482 1920 ut
523 1876 687 1928 pluries
729 1877 786 1920 ab
829 1878 987 1922 eadem
1039 1881 1172 1923 Sacra
1222 1879 1582 1937 congregatione
1624 1881 1860 1926 decretum
1895 1887 1978 1926 est.

201 1960 264 2003 Ad
300 1959 441 2003 haec:
494 1961 535 2015 2)
577 1960 823 2018 Episcopus
844 1961 1030 2017 latinus,
1057 1962 1092 2006 si
1117 1962 1163 2007 in
1188 1977 1267 2007 sua
1297 1963 1497 2009 Dioecesi
1532 1965 1698 2010 habeat
1723 1966 1981 2011 sacerdotes

198 2055 399 2098 graecos,
438 2043 510 2086 vel
542 2043 731 2087 alterius
764 2044 879 2089 ritus
902 2045 1153 2101 orientalis,
1181 2051 1329 2104 potest
1351 2061 1429 2092 eos
1452 2047 1643 2106 probare
1675 2063 1729 2093 ac
1752 2049 1981 2095 destinare

197 2125 253 2169 ad
286 2126 600 2171 confessiones
633 2127 773 2171 etiam
810 2127 1077 2173 Latinorum
1110 2130 1362 2175 audiendas
1388 2132 1419 2174 ².
1472 2132 1572 2177 Pari
1605 2138 1761 2177 autem
1803 2134 1980 2179 ratione

198 2214 389 2266 possunt
425 2209 628 2267 Episcopi
679 2211 829 2268 graeci
876 2211 1042 2271 aliique
1091 2215 1338 2259 orientales
1382 2215 1547 2261 latinos
1596 2218 1910 2275 presbyteros,
1945 2220 1979 2264 si

199 2293 275 2351 qui
308 2293 401 2336 sint
435 2292 479 2336 in
515 2307 675 2338 eorum
709 2294 922 2350 dioecesi,
958 2296 1013 2340 ad
1047 2296 1090 2341 id
1125 2297 1329 2342 muneris
1361 2298 1594 2353 deputare.

323 2377 449 2421 1187.
486 2380 696 2423 Ceterum
732 2378 768 2422 si
812 2379 859 2422 in
894 2379 1088 2424 dioecesi
1137 2380 1330 2426 alicuius
1378 2382 1582 2440 Episcopi
1621 2384 1771 2440 plures
1809 2383 1902 2428 sint
1935 2383 1981 2428 ss-

197 2459 318 2504 deles
350 2460 518 2505 diversi
568 2460 714 2515 ritus,
752 2462 872 2507 licite
920 2463 1202 2508 confitentur
1250 2465 1528 2522 presbyteris
1569 2467 1627 2510 ab
1673 2466 1887 2525 Episcopo
1925 2468 1980 2512 ad

199 2544 510 2588 confessiones
542 2544 797 2590 audiendas
829 2546 1117 2604 approbatis,
1153 2548 1332 2592 etiamsi
1369 2549 1658 2606 poenitentes
1689 2550 1922 2596 diversum
1957 2567 1982 2597 a

199 2627 485 2672 Confessario
518 2628 658 2672 ritum
695 2633 901 2674 servent.
941 2630 984 2676 ld
1018 2631 1160 2690 liquet
1192 2636 1290 2676 tum
1326 2646 1384 2677 ex
1418 2633 1549 2690 praxi
1574 2634 1719 2678 veteri
1753 2648 1834 2678 usu
1860 2648 1982 2679 com-

198 2709 387 2768 probata
434 2724 551 2770 quae
596 2714 767 2756 Romae
815 2717 952 2772 atque
993 2714 1039 2758 in
1083 2714 1183 2759 aliis
1217 2715 1325 2759 locis
1359 2715 1507 2773 viget,
1543 2720 1640 2760 tum
1675 2731 1732 2760 ex
1766 2730 1983 2774 responso

199 2796 446 2851 Supremae
481 2794 831 2854 inquisitioni83
866 2797 922 2841 ad
955 2797 1144 2842 dubium
1179 2799 1302 2843 enim
1336 2812 1395 2843 an
1430 2801 1689 2844 sacerdotes
1727 2800 1982 2845 Maronitae

320 2979 327 2998 ¹
356 2978 479 3016 const.
505 2980 602 3016 citat.
630 2981 710 3018 Etsi
737 2981 946 3019 Pastoralis.

317 3049 329 3067 ²
356 3050 487 3096 Liquet
512 3051 548 3087 id
573 3062 619 3088 ex
645 3052 704 3089 cit.
732 3052 855 3090 Const.
881 3063 915 3090 n.
941 3053 975 3090 6.

2036 494 2044 540 i
