2176 3386
255 143 332 183 134
921 153 1031 183 PARS
1061 155 1102 184 11.
1136 155 1192 183 DE
1222 155 1359 184 REBUS

371 259 472 304 898.
509 263 559 304 In
594 259 725 318 praxi
758 259 1068 306 animadverti
1100 261 1235 307 debet
1268 261 1423 308 varias
1456 263 1759 323 praescriptas
1789 277 1887 310 esse
1919 265 2033 311 sole·

253 341 490 398 mnitates,
525 357 643 402 quae
674 343 831 388 sedulo
864 344 1039 389 servari
1073 344 1259 401 debent,
1294 350 1346 390 ut
1379 345 1743 392 matrimoniales
1773 360 1940 393 causae
1977 348 2033 394 de

252 425 527 484 impotentia
560 425 855 471 definiantur.

372 508 474 553 899.
513 512 611 554 Non
645 509 792 554 solum
825 513 989 554 exacte
1021 511 1277 555 servandae
1321 515 1430 555 sunt
1473 511 1854 570 praescriptiones
1897 515 2034 556 Bene·

251 590 364 636 dicti
398 595 494 637 XIV
528 592 572 637 in
608 596 760 638 Const.
801 595 882 637 Dei
913 596 1213 639 miseratione
1238 594 1269 650 ¹,
1304 595 1382 638 sed
1404 594 1676 652 impotentia
1700 595 1831 653 plene
1856 594 2033 653 probari

253 676 405 721 dehet.
443 681 598 731 Porro,
634 679 685 719 ut
716 675 912 721 dilucide
944 676 1137 735 exponit
1158 678 1214 722 cl.
1246 677 1367 735 Feije
1391 677 1422 722 ².
1461 678 1601 723 Iudex
1623 677 1958 724 ecclesiasticus
1979 677 2035 723 ad

255 760 646 819 comprobandam
685 762 927 805 veritatem
963 759 1093 805 istius
1118 760 1438 819 impedimenti
1461 763 1709 807 decernere
1732 760 1867 806 debet
1889 760 2036 819 inspe-

255 843 458 888 ctionem
492 857 734 902 corporum
768 843 1178 899 contrahentium,
1228 858 1344 904 quae
1386 844 1643 903 exploratio
1684 844 1732 888 in
1775 843 1887 888 viris
1928 843 1981 888 fit
2012 858 2037 888 a

257 925 434 970 (luobus
465 927 628 971 saltem
663 925 869 982 medicis,
904 926 1120 971 adhibitis
1152 926 1358 972 honestis
1392 926 1571 983 mediis,
1608 928 1654 971 in
1694 926 1977 983 mulieribus,
2012 940 2038 971 a

258 1008 434 1053 duabus
466 1008 804 1064 obstetricibus,
838 1010 1050 1054 adstante
1073 1023 1254 1067 semper
1276 1013 1322 1054 et
1345 1014 1586 1067 praesente
1610 1010 1802 1055 honesta
1827 1014 2039 1054 matrona
2167 1011 2176 1070 Ι

259 1091 314 1136 ad
348 1093 435 1136 hoc
466 1092 698 1150 deputata.
742 1096 931 1137 Peracto
964 1092 1200 1148 examine,
1236 1092 1272 1137 si
1306 1093 1434 1150 signa
1471 1092 1771 1150 impotentiae
1804 1091 2039 1138 evidentia
2168 1075 2176 1135 l

262 1174 450 1233 physice
485 1188 576 1219 non
611 1179 735 1230 sunt,
771 1175 989 1233 coniuges
1022 1174 1316 1220 iurisiurandi
1352 1175 1569 1234 religione
1611 1175 1880 1233 interposita
1923 1176 2042 1220 affir-

262 1272 389 1303 mare
422 1258 607 1312 debent,
645 1273 883 1317 nunquam
918 1258 1268 1303 matrimonium
1303 1272 1631 1305 consummare
1656 1259 1870 1315 valuisse,
1896 1263 1942 1304 et
1963 1273 2041 1304 au·

260 1340 356 1386 dito
388 1341 656 1386 testimonio
689 1341 911 1399 septimae
953 1355 1150 1397 manus,
1203 1342 1319 1386 idest
1365 1346 1543 1401 septem
1593 1342 2040 1400 consanguineorum

262 1425 500 1484 utriusque
533 1425 755 1483 coniugis,
794 1426 864 1469 vel
897 1426 1061 1470 saltem
1097 1425 1357 1470 vicinorum
1393 1426 1540 1470 bonae
1576 1426 1741 1480 famae,
1777 1425 1813 1469 si
1847 1438 2042 1469 consan-

261 1508 415 1566 guinei
450 1509 605 1553 haberi
640 1514 889 1568 nequeant,
924 1509 1000 1569 qui
1036 1509 1189 1553 iurent
1221 1521 1268 1553 se
1296 1509 1481 1553 credere
1515 1508 1731 1566 coniuges
1763 1507 1932 1552 dixisse
1968 1521 2043 1552 ve-

264 1607 399 1648 rum,
449 1592 706 1653 auditisque
741 1593 898 1651 peritis
930 1598 975 1638 et
1007 1592 1360 1647 obstetricibus,
1411 1593 1446 1638 si
1492 1591 1719 1637 defensori
1761 1590 2045 1636 matrimonii

266 1677 389 1721 nulla
423 1677 509 1722 alia
545 1676 750 1736 probatio
783 1677 1066 1736 exquirenda
1101 1676 1342 1733 videatur,
1389 1676 1493 1721 finis
1528 1676 1790 1735 imponetur
1822 1674 2045 1733 probatio-

267 1775 379 1805 num
413 1760 704 1816 collectioni,
755 1764 893 1820 atque
936 1760 1242 1818 publicabitur
1282 1772 1535 1819 processus.
1588 1764 1732 1804 Locus
1763 1757 1926 1803 deinde
1960 1757 2049 1803 erit

266 1844 610 1890 defensionibus
643 1849 689 1889 et
721 1843 1018 1902 publicationi
1051 1843 1328 1899 sententiae,
1364 1857 1481 1902 quae
1515 1842 1550 1887 si
1587 1841 1846 1887 nullitatem
1893 1842 2048 1886 (lecer-

268 1933 366 1984 nat,
403 1942 640 1985 nunquam
674 1927 841 1972 transit
874 1927 921 1971 in
956 1941 1053 1972 rem
1087 1927 1355 1982 iudicatam,
1382 1926 1474 1970 imo
1498 1929 1549 1969 ut
1571 1925 1742 1970 coniux
1767 1927 1928 1983 potens
1954 1922 2044 1980 (vel

267 2011 302 2056 si
338 2012 610 2071 impotentia
655 2011 795 2056 fuerit
835 2010 1092 2069 respectiva
1137 2015 1330 2069 utraque
1374 2011 1490 2068 pars)
1542 2008 1654 2054 alias
1701 2008 1816 2052 inire
1866 2006 2052 2066 nuptias

266 2100 424 2155 queat,
460 2095 758 2155 requiruntur
790 2095 924 2139 binae
957 2093 1214 2139 sententiae
1237 2093 1515 2149 conformes,
1539 2105 1630 2136 non
1653 2094 1864 2136 obstante
1886 2089 2051 2149 quavis

231 2179 241 2191 '
268 2179 604 2225 consuetudine
629 2178 861 2223 contraria
885 2178 916 2222 ³.
943 2181 1155 2223 Ceterum
1182 2189 1289 2220 cum
1314 2174 1699 2233 impedimentum
1722 2173 1781 2217 sit
1800 2172 2047 2230 publicum,

270 2267 422 2322 partes
454 2266 708 2321 nequeunt,
744 2261 883 2305 etiam
918 2259 1093 2304 secluso
1127 2257 1495 2302 incontinentiae
1530 2255 1756 2313 periculo,
1807 2254 2050 2299 simul'co-

217 2389 219 2391 .
274 2346 480 2391 habitare
514 2350 565 2389 ut
598 2346 740 2389 frater
771 2349 817 2388 et
848 2357 992 2398 soror,
1030 2342 1114 2387 nisi
1138 2341 1408 2386 scandalum
1435 2340 1479 2385 in
1504 2353 1611 2384 casu
1638 2337 1897 2397 particulari
1927 2351 2052 2382 amo·

274 2429 372 2475 veri
406 2428 561 2488 possit.

393 2514 494 2558 900.
531 2513 658 2566 Quod
692 2512 726 2556 si
762 2512 889 2569 signa
923 2509 1060 2554 dubia
1092 2509 1210 2565 sint,
1256 2507 1585 2554 recurrendum
1629 2511 1699 2551 est
1735 2506 1791 2551 ad
1827 2504 2054 2549 triennale

273 2597 646 2654 experimentum
680 2593 1042 2652 computandum
1076 2607 1101 2637 a
1135 2597 1340 2649 tempore
1373 2595 1630 2635 attentatae
1663 2588 1869 2648 copulae,
1905 2587 1941 2632 si
1977 2601 2054 2644 per

276 2681 427 2739 plures
459 2694 608 2724 annos
639 2678 858 2736 coniuges
889 2676 1230 2730 cohabitarunt,
1265 2689 1291 2719 a
1325 2674 1397 2719 die
1430 2687 1541 2719 vero
1574 2686 1665 2732 quo
1697 2671 1839 2716 Iudex
1871 2674 2056 2715 senten-

398 2890 406 2909 ¹
436 2890 457 2926 5
484 2889 676 2927 novembr.
705 2887 806 2923 1741.

398 2962 410 2980 ²
438 2962 480 2997 In
506 2970 618 3007 opere
637 2961 678 2997 de
695 2959 957 3006 impedimentis
975 2956 1211 2998 matrimonii,
1239 2964 1321 3000 cap.
1351 2952 1408 2990 24.

400 3032 413 3052 ³
439 3032 474 3070 S.
500 3032 537 3069 C.
564 3031 600 3068 C.
629 3032 667 3068 in
693 3030 892 3068 Mai-lanen-
920 3028 1040 3066 Dubia
1064 3037 1174 3074 super
1200 3025 1435 3063 Matrimonio
1464 3023 1508 3060 15
1533 3022 1716 3060 decembr.
1745 3020 1847 3057 1877.
