2176 3386
174 175 254 215 320
541 186 892 216 SUPPLEMENTUM
922 187 1201 222 QUORUMDAM
1229 186 1596 217 DOCUMENTORUM

176 291 213 336 si
246 291 340 350 ipse
372 292 495 337 circa
517 306 570 337 ea
592 306 710 352 quae
742 293 1057 351 paroeciarum
1079 293 1403 338 constitutioni
1434 293 1695 339 essentialia
1723 298 1832 339 sunt
1854 293 1959 339 ube-

178 375 372 420 rioribus
403 380 535 434 egeat
567 377 972 433 declarationibus,
1008 382 1229 423 recurrat.
1268 378 1426 432 Quoad
1459 378 1512 423 2¹¹¹
1535 393 1579 437 p.
1609 378 1959 438 supplicandum

179 458 314 503 SSmo
347 464 398 504 ut
430 464 634 518 pastores
657 460 973 518 paroeciarum
999 461 1094 506 veri
1119 461 1322 506 nominis
1343 462 1545 521 quinque
1568 462 1812 507 dumtaxat
1836 476 1961 520 prae-

178 542 323 602 cipuis
340 543 451 588 anni
476 543 822 600 festivitatibus,
842 558 959 604 quae
979 546 1116 602 vulgo
1140 551 1470 604 nuncupantur
1487 544 1752 603 Doyhavar,
1774 546 1962 591 missam

179 641 260 686 pro
294 628 457 686 populo
505 628 733 685 applicare
767 632 1017 672 teneantur
1048 628 1167 687 quod
1202 627 1492 686 privilegium
1528 629 1679 673 valeat
1711 631 1766 673 ad
1799 629 1962 673 decen·

180 711 343 767 nium;
380 717 426 755 et
457 712 513 756 ad
547 715 779 756 mentem:
832 717 964 757 Mens
997 717 1066 756 est
1097 712 1216 769 quod
1250 712 1286 756 si
1319 711 1420 772 quis
1459 712 1503 756 in
1539 711 1688 771 aliqua
1722 727 1779 757 ex
1814 713 1869 757 iis
1901 715 1964 758 fe-

180 793 463 839 stivitatibus
485 796 542 838 ob
564 795 816 852 peculiares
839 794 1214 840 circumstantias
1238 795 1422 840 Missam
1449 809 1528 853 pro
1547 796 1710 854 populo
1733 795 1964 840 celebrare

182 882 398 937 nequeat,
433 882 513 923 aut
545 878 600 922 ad
637 878 778 922 alium
803 878 942 924 finem
967 879 1195 924 celebrare
1220 879 1390 937 cupiat,
1416 893 1522 924 eum
1559 879 1761 938 Episcopi
1784 879 1964 938 dispen-

180 974 281 1004 sare
317 961 473 1005 valent
508 964 557 1004 ut
587 960 674 1005 alia
709 960 781 1005 die
815 960 933 1005 infra
970 961 1305 1005 hebdomadam
1338 975 1447 1005 suae
1481 960 1745 1019 obligationi
1788 960 1964 1005 satisfa-

182 1044 310 1088 ciant
342 1044 504 1089 SSmus
539 1044 584 1088 in
618 1045 723 1089 aud.
760 1046 814 1089 29
851 1045 944 1089 iulii
979 1045 1185 1089 eiusdem
1219 1045 1330 1090 anni
1364 1046 1591 1104 probavit.

1034 1263 1120 1315 IX.

437 1417 596 1471 Quod
636 1417 865 1470 modum
906 1416 1238 1470 asservandi
1279 1415 1713 1469 Eucharistiam.

309 1578 356 1618 [n
391 1578 554 1631 Congr.
591 1577 703 1618 Gen.
745 1572 836 1617 Fid.
877 1576 1005 1630 Prop.
1043 1571 1198 1615 habita
1234 1585 1312 1629 pro
1346 1572 1554 1615 Helvetia
1578 1585 1702 1615 anno
1729 1572 1839 1615 1805
1864 1585 1968 1615 cum

188 1658 384 1703 relatum
419 1656 580 1701 fuisset
613 1656 862 1701 catholicos
897 1655 941 1699 in
976 1654 1182 1700 sacristia
1218 1654 1455 1698 communi
1490 1655 1629 1698 etiam
1677 1654 1970 1711 protestanti-

187 1742 288 1797 bus,
326 1741 525 1786 retinere
557 1741 718 1786 Oleum
753 1746 984 1795 sanctum,
1021 1743 1210 1784 Sacrum
1246 1739 1451 1783 Chi-isaia
1485 1743 1531 1783 et
1564 1739 1744 1784 SSmam
1800 1741 1970 1784 Eucha-

190 1825 385 1879 ristiam,
424 1824 672 1882 repositum
709 1823 795 1868 fuit
827 1837 880 1868 ac
915 1824 1165 1867 resolutum
1200 1822 1272 1866 die
1296 1824 1321 1866 5
1345 1836 1446 1879 aug.
1484 1822 1688 1866 eiusdem
1722 1823 1833 1866 anni
1871 1842 1889 1862 a
1916 1822 1971 1866 ad

190 1907 528 1964 impediendam
573 1920 914 1966 quamcumque
965 1906 1318 1949 irreverentiam
1361 1919 1595 1949 sacrarum
1631 1919 1810 1960 rerum,
1847 1909 1969 1950 Sacr.

190 1995 352 2049 Congr.
379 2004 473 2035 non
500 1989 721 2034 iudicavit
742 1994 1054 2047 opportunum
1088 1989 1208 2047 quod
1231 2002 1255 2032 a
1280 1987 1517 2032 catholicis
1549 1987 1596 2031 in
1621 1987 1825 2032 sacristia
1850 2001 1972 2032 com·

192 2075 319 2120 muni
358 2074 716 2132 protestantibus
750 2074 1005 2118 retineatur
1036 2073 1196 2118 Oleum
1233 2086 1433 2127 sacrum,
1469 2075 1658 2116 Sacrum
1691 2072 1895 2117 Chrisma
1928 2076 1974 2116 et

193 2159 327 2204 SSliia
363 2158 666 2215 Eucharistia‚
702 2158 778 2202 sed
813 2158 914 2202 vult
947 2162 997 2201 ut
1030 2161 1368 2202 conserventur
1400 2155 1446 2200 in
1491 2156 1588 2199 loco
1621 2155 1811 2200 omnino
1848 2169 1972 2213 sepa-

194 2249 292 2287 rato
325 2242 382 2286 ab
413 2242 697 2296 acatholicis,
732 2247 779 2285 et
811 2255 916 2286 cum
951 2241 1065 2286 alius
1099 2241 1306 2299 proprius
1341 2254 1431 2284 non
1465 2240 1651 2295 existat,
1687 2240 1836 2298 potius
1867 2254 1973 2284 con·

194 2332 441 2372 serventur
473 2340 579 2370 cum
603 2325 729 2370 omni
765 2324 962 2383 possibili
988 2323 1198 2369 decentia
1223 2323 1269 2367 in
1294 2324 1429 2368 domo
1463 2322 1648 2381 parochi
1684 2324 1756 2367 vel
1788 2322 1975 2367 alterius

194 2409 441 2455 sacerdotis
475 2409 705 2454 catholici.

195 2564 358 2602 habendi
385 2565 619 2601 Sacerdotem
647 2568 834 2610 tamquam
860 2565 1053 2610 propriam
1075 2565 1259 2609 pastorem
1278 2562 1338 2607 qui
1359 2563 1394 2598 υἱ
1411 2562 1515 2608 officii
1532 2562 1600 2607 ipsi
1618 2562 1660 2598 ab
1680 2562 1822 2607 Episeoff
1837 2572 1856 2596 o
1883 2571 1976 2597 com-

195 2638 298 2673 missi
323 2638 359 2672 in
384 2637 449 2673 hac
477 2637 541 2672 tali
567 2636 824 2672 communitate
838 2645 1011 2671 exercere
1039 2634 1172 2671 debeat
1197 2645 1330 2670 munus
1348 2634 1533 2680 pastorale
1559 2642 1642 2670 cum
1669 2633 1922 2669 iurisdictione
1943 2633 1978 2668 in

197 2708 275 2745 foro
302 2709 447 2744 interno
475 2708 508 2743 vi
535 2708 653 2753 ipsius
679 2707 803 2749 officii,
830 2717 915 2743 cum
946 2706 1265 2742 administratione
1305 2709 1618 2742 sacramentorum
1645 2708 1680 2742 et
1706 2704 1977 2750 p1·aedi‹·a1i0ne

198 2780 300 2816 verbi
327 2781 405 2816 Dei.
440 2780 699 2816 Amovihilitas
726 2779 772 2815 ad
798 2783 928 2815 nutum
957 2788 1021 2824 per
1047 2788 1084 2814 se
1111 2787 1187 2814 non
1221 2782 1275 2814 est
1308 2779 1458 2824 signum
1484 2778 1648 2815 defectus
1682 2777 1846 2814 muneris
1874 2786 1979 2823 paro-

199 2852 340 2896 chialis,
367 2852 548 2897 siquidem
576 2852 688 2888 etiam
714 2851 992 2887 administrator
1018 2850 1158 2896 positus
1177 2850 1223 2886 ab
1244 2849 1427 2895 Episcopo
1454 2859 1519 2895 pro
1546 2855 1710 2895 tempore
1736 2849 1979 2885 determinato

199 2925 257 2962 vel
285 2925 568 2962 indeterminato
595 2925 720 2960 omnia
747 2924 858 2961 habet
886 2923 1009 2960 officia
1035 2923 1188 2969 parochi
1217 2921 1432 2966 (dummodo
1460 2926 1591 2967 agatur
1616 2921 1660 2958 de
1688 2930 1772 2957 vera
1799 2921 1978 2966 paroecia;

199 3007 268 3033 nec
293 2997 458 3034 defectus
485 2996 669 3033 redituum
695 2996 887 3041 dispensat
912 2995 959 3031 ab
986 2994 1214 3040 obligatione
1233 2994 1444 3040 applicandi
1466 2994 1614 3030 Missam
1642 3002 1707 3039 pro
1727 2992 1876 3038 populo,
1897 3001 1981 3028 cum

198 3068 289 3105 haec
316 3069 506 3104 inhaereat
531 3068 653 3104 officio
680 3067 867 3112 pastorali,
894 3067 1004 3103 etiam
1031 3065 1324 3112 praescindendo
1351 3075 1372 3101 a
1398 3065 1578 3102 fructibus
1606 3062 1800 3108 beneficii).
