2176 3386
780 182 910 212 Lmen
937 183 962 211 1.
992 182 1050 210 DE
1079 179 1274 210 cni-:rums
1844 166 1918 207 141

490 359 533 401 b)
560 379 605 382 „
626 358 689 398 Dc
715 357 866 404 legibus
887 355 1205 404 particularibus
1233 355 1566 402 interpretandis.

262 459 360 505 180.
397 458 556 513 Quoad
590 456 888 517 particulares
919 457 1039 514 leges
1073 460 1254 514 praeter
1285 455 1463 513 regulas
1485 455 1736 501 recensitas
1759 460 1923 501 notan-

139 544 248 588 dum
285 546 354 586 est
390 542 428 598 1)
476 540 712 585 neminem
755 539 927 598 legibus
978 537 1327 597 particularibus
1370 537 1560 595 obligari
1603 537 1691 582 nisi
1723 538 1801 596 qui
1843 542 1923 582 aut

141 625 333 671 omnino
365 627 446 674 aut
479 622 525 667 in
559 637 611 667 ea
647 637 694 667 re
726 622 781 667 de
813 636 902 681 qua
935 622 1087 680 agitur
1117 620 1326 666 subditus
1358 625 1428 665 est
1464 623 1471 642 ¹
1524 634 1577 664 ac
1610 620 1658 664 in
1691 619 1924 665 territorio

141 707 395 766 reperiatur
419 707 489 751 vel
523 705 706 751 realiter
729 705 800 750 vel
824 704 1009 749 fictione
1042 704 1153 749 iuris
1177 706 1218 761 “·’;
1255 706 1297 761 2)
1335 703 1419 748 etsi
1453 704 1574 761 leges
1607 718 1686 762 per
1707 717 1754 747 se
1778 708 1824 748 et
1851 718 1921 748 or-

140 791 317 836 dinarie
350 804 442 835 non
477 793 685 834 terantur
716 788 763 832 in
798 801 1016 847 personas
1047 788 1253 832 absolute
1286 787 1363 832 sed
1395 787 1710 845 dependenter
1737 800 1761 830 a
1793 786 1924 831 terri-

142 874 275 929 torio,
304 874 563 932 personales
596 871 897 916 nihilominus
918 871 1094 930 siquae
1127 876 1235 916 sunt
1270 884 1495 929 personae
1513 870 1765 915 adhaerent
1789 871 1820 914 ¹⁹².
1858 874 1923 915 Ita

143 961 382 1014 praecepta
415 970 532 1015 quae
564 938 764 1013 cuipiam
799 955 970 999 indicta
998 958 1106 999 sunt
1138 954 1236 998 sine
1271 953 1492 998 relatione
1525 953 1580 998 ad
1615 954 1764 998 locum
1808 955 1926 1010 leges

141 1045 250 1085 sunt
285 1039 544 1098 personales
576 1039 779 1097 adeoque
820 1051 1040 1096 personae
1088 1051 1380 1096 quocumque
1428 1037 1616 1082 tandem
1667 1037 1925 1082 discesserit

141 1125 393 1168 adhaerent
420 1123 447 1167 '⁸.
493 1126 606 1167 Item
643 1123 761 1180 leges
793 1127 930 1180 atque
983 1121 1340 1165 consuetudines
1382 1120 1576 1165 alicuius
1622 1121 1709 1165 loci
1752 1135 1868 1180 quae
1901 1135 1925 1165 a

143 1207 240 1252 iure
273 1206 511 1251 communi
545 1206 810 1261 abhorrent,
838 1205 992 1250 localis
1016 1206 1162 1250 instar
1185 1204 1408 1263 privilegii
1435 1205 1670 1249 habendae
1694 1209 1802 1249 sunt
1829 1219 1927 1264 pro-

146 1289 249 1334 inde
283 1293 415 1333 extra
439 1288 641 1332 eiusdem
667 1287 751 1332 loci
772 1288 888 1332 fines
911 1301 1095 1346 prorsus
1112 1293 1295 1332 cessant
1329 1288 1358 1331 5.
1396 1288 1437 1340 5)
1464 1282 1678 1346 Quisquis
1706 1287 1751 1331 in
1776 1287 1926 1332 alieno

143 1371 374 1416 territorio
408 1371 579 1428 legibus
611 1370 750 1415 alieni
795 1370 1011 1415 territorii
1045 1371 1101 1414 ad
1141 1375 1389 1415 extraneos
1443 1369 1781 1428 pertinentibus
1818 1370 1927 1415 obli-

144 1459 291 1512 gatur.
335 1454 379 1511 4)
418 1458 554 1510 Leges
585 1468 703 1512 quae
742 1453 796 1497 (le
833 1453 965 1498 rebus
1002 1454 1120 1498 latae
1158 1458 1267 1497 sunt
1304 1453 1350 1497 in
1390 1453 1621 1498 territorio
1660 1453 1928 1511 legislatoris

147 1538 301 1597 positis
334 1537 471 1582 etiam
508 1542 754 1582 extraneos
786 1540 915 1581 extra
952 1537 1233 1581 territorium
1267 1537 1485 1594 obligant.

643 1683 680 1715 c)
708 1695 751 1701 —-
780 1677 836 1712 De
862 1676 1064 1722 rescriptis
1099 1676 1421 1722 interpretandis:

273 1791 365 1835 181.
405 1789 745 1847 ltescriptorum
779 1788 1230 1847 interpretandorum
1279 1790 1458 1846 regulae
1503 1788 1773 1846 praecipuae
1820 1793 1928 1832 sunt

147 1878 197 1917 ut
235 1875 269 1929 l)
298 1873 338 1917 Si
365 1886 496 1918 mens
530 1871 822 1917 rescribentis
844 1872 979 1916 dubia
1006 1877 1178 1926 manet,
1203 1872 1404 1917 iustitiae
1428 1872 1647 1930 rescripta
1675 1872 1929 1916 secundum

149 1956 219 2001 ius
251 1970 499 2002 commune
532 1955 878 2013 interpretanda
912 1959 1020 1999 sunt
1042 1954 1073 1999 ὃ.
1112 1956 1154 2011 2)
1190 1955 1425 2012 Rescripta
1468 1954 1670 1998 iustitiae
1711 1967 1828 2013 quae
1861 1968 1930 1998 or-

147 2039 312 2084 dinarii
347 2038 647 2084 iurisdictioni
671 2039 893 2096 derogant
925 2039 1079 2083 odiosa
1112 2043 1388 2092 censentur,
1424 2042 1473 2082 at
1507 2039 1664 2082 stricte
1708 2037 1930 2082 sumenda

147 2129 254 2167 sunt
279 2124 309 2167 ⁷.
347 2123 389 2179 5)
424 2122 659 2180 Rescripta
694 2123 893 2167 iustitiae
927 2136 1019 2166 non
1056 2123 1213 2167 valent
1237 2136 1316 2180 per
1337 2136 1454 2181 quae
1477 2120 1643 2166 incerti
1667 2121 1837 2166 dantur
1865 2121 1930 2165 iu-

148 2206 271 2251 dices
303 2220 416 2265 quos
449 2206 702 2264 impetrans
735 2205 939 2263 elegerit,
967 2206 1040 2250 vel
1076 2221 1155 2264 per
1185 2220 1302 2265 quae
1327 2207 1481 2250 futura
1508 2204 1688 2263 negotia
1719 2207 1931 2250 commit-

152 2293 312 2333 tuntur
334 2289 365 2333 ⁸.
402 2290 444 2346 4)
482 2289 525 2333 Si
557 2302 693 2347 super
724 2291 884 2334 eodem
918 2288 1101 2347 negotio
1135 2294 1295 2333 contra
1338 2289 1538 2333 eundem
1584 2288 1674 2332 duo
1713 2288 1931 2346 rescripta

152 2372 458 2430 impetrentur
488 2386 684 2432 quorum
718 2373 943 2430 posterius
976 2386 1068 2416 non
1103 2372 1213 2417 facit
1252 2372 1540 2417 mentionem
1588 2370 1766 2430 prioris,
1811 2371 1933 2416 valet

271 2545 279 2564 ¹
309 2545 346 2581 C.
365 2548 406 2581 ut
423 2546 634 2582 animarum
653 2545 674 2580 2
693 2546 738 2582 «le
755 2551 871 2582 const.
891 2546 928 2581 in
947 2545 994 2582 6⁰.

271 2618 283 2636 ²
309 2617 359 2654 Cf.
379 2627 491 2663 supra
510 2627 544 2653 n.
563 2617 596 2654 6.

274 2689 286 2708 ³
312 2689 348 2726 C.
369 2689 388 2725 7
408 2689 452 2726 de
472 2690 559 2736 Reg.
580 2690 649 2727 Iur.
671 2690 709 2726 in
727 2689 775 2726 6⁰.

273 2761 287 2779 ⁸
314 2762 366 2798 Cf.
394 2762 515 2798 Rmrr.
544 2762 582 2798 L.
605 2762 634 2806 1,
654 2766 676 2797 ῑ.
691 2761 723 2804 2,
742 2762 775 2804 4,
795 2762 851 2798 45.

273 2833 286 2851 ⁵
313 2832 362 2870 Ct.
383 2833 555 2870 SANcimz
573 2833 595 2869 l.
618 2834 634 2868 1
655 2834 692 2868 in
712 2835 800 2870 Dec.
818 2845 849 2871 c.
870 2833 924 2877 12,
943 2844 979 2870 n.
998 2833 1054 2877 59,
1073 2835 1170 2880 apud
1190 2835 1264 2872 Ζιτ.
1283 2835 1327 2871 de
1346 2835 1439 2879 disp.
1460 2844 1494 2880 p·
1513 2834 1572 2871 20.

273 2903 286 2923 θ
312 2903 362 2940 Ct.
382 2913 414 2940 c.
434 2903 478 2939 18
494 2908 530 2940 et
546 2915 578 2941 c.
597 2904 630 2949 4,
649 2905 693 2941 de
712 2905 836 2942 Rescr.

276 2975 289 2994 ⁷
316 2976 352 3012 C.
373 2975 418 3011 52
436 2976 481 3012 de
499 2975 558 3012 oss‘.
573 2975 680 3022 legat.
700 2981 736 3013 et
753 2987 785 3013 c.
805 2976 851 3013 40
868 2977 1010 3014 eodem.

275 3044 291 3066 ⁸
316 3046 352 3083 C.
374 3046 418 3082 10
434 3051 470 3083 et
488 3045 586 3083 final.
602 3046 638 3082 h.
659 3051 680 3082 ι,
