2176 3386
251 158 330 198 412
898 170 1005 199 PARS
1034 170 1059 198 1.
1094 170 1151 198 DE
1180 169 1391 199 Pssnsoms

253 278 363 323 dum
396 277 609 336 negotiis,
647 278 758 323 baec
790 277 1089 336 congregatio
1121 277 1288 323 Indicis
1320 276 1547 322 inistituta
1570 280 1653 322 est.
1690 279 1860 323 Verum
1891 277 2030 323 licen-

253 361 316 406 tia
349 361 528 420 legendi
561 361 699 406 libros
731 361 982 419 prohibitos
1014 375 1107 406 non
1140 361 1286 405 solum
1311 374 1336 405 a
1359 359 1721 418 congregatione
1744 359 1928 416 Indicis,
1953 359 2030 405 sed

253 443 396 493 etiam
429 459 453 489 a
487 447 528 490 S.
566 443 926 502 congregatione
959 446 1000 488 S.
1036 442 1183 487 officii
1216 441 1498 488 conceditur.
1537 442 1748 487 Notanda
1780 442 1865 486 hae
1898 443 1943 486 in
1983 455 2032 486 re

254 533 324 574 est
354 528 623 574 constitutio
651 527 925 586 officiorum
961 540 1016 571 ae
1048 540 1301 570 munerum
1339 525 1497 571 Leonis
1519 529 1616 570 XIII
1641 525 1651 547 ¹
1689 525 1735 569 in
1762 539 1850 584 qua
1873 525 2030 570 decen:

258 611 421 658 Indicis
470 611 648 670 regulae
697 610 989 655 'tridentinae
1037 609 1232 654 abolitae
1276 613 1411 664 sunt,
1455 622 1634 668 quaque
1691 612 1914 652 statutum
1963 613 2033 653 est

263 695 296 751 l)
333 693 442 753 quid
477 692 770 752 prohibeatur
793 706 872 752 per
892 692 1074 737 decreta
1108 690 1362 749 generalia;
1398 691 1439 746 2)
1466 691 1630 748 quibus
1663 689 1821 748 poenis
1840 689 2032 748 punian-

255 786 331 825 tur
363 781 525 824 horum
561 779 850 824 decretorum
886 776 1146 833 x·i01atores;
1183 777 1224 832 5)
1248 774 1356 834 quid
1380 774 1489 818 iuris
1511 775 1658 833 quoad
1694 787 1939 831 pravorum
1983 773 2031 817 li-

258 866 442 909 brorum
476 862 883 908 denunciationem
918 875 971 906 ae
1003 873 1246 905 censuram
1281 863 1369 903 ete.

658 996 675 1042 ξ,
701 998 733 1032 5.
762 1016 807 1019 ⁷—
832 995 870 1031 S.
898 993 1167 1043 Conqreqatio
1195 992 1364 1028 Concilii
1396 991 1630 1028 Tridentini.

377 1103 476 1148 554.
508 1101 609 1146 Pius
628 1103 683 1145 IV
706 1105 748 1145 P.
774 1105 832 1145 Μ.
859 1102 966 1145 Aeta
986 1098 1173 1144 Concilii
1200 1097 1451 1142 Tridentini
1474 1095 1784 1150 confirmavit,
1810 1110 1863 1140 ac
1887 1094 2035 1154 probi-

256 1188 354 1232 buit
378 1186 392 1209 ²
426 1185 674 1246 quominus
696 1182 1030 1228 commentaria
1068 1195 1122 1226 ac
1160 1179 1562 1239 interpretationes
1597 1179 1920 1236 vulgarentur,
1962 1192 2034 1222 eo-

256 1272 451 1330 demque
498 1282 621 1313 anno
654 1267 961 1313 Cardinalium
996 1264 1405 1322 Congregationem
1439 1262 1711 1308 constituit³
1746 1261 1876 1306 cuius
1918 1266 2038 1306 esset

256 1354 546 1399 decretorum
571 1350 944 1395 'tridentinorum
978 1347 1321 1393 observantiam
1346 1361 1522 1392 curare.
1564 1345 1668 1390 Pius
1694 1347 1726 1388 V
1750 1359 1804 1389 ae
1827 1345 1980 1394 Sixtus
1997 1346 2034 1386 V

258 1437 377 1481 banc
418 1434 826 1492 Congregationem
862 1431 1283 1485 confirmaverunt,
1319 1431 1452 1490 eique
1494 1433 1767 1487 potestatem
1811 1429 2036 1474 dederunt

257 1518 510 1565 'tridentini
559 1519 741 1562 decreta
776 1516 897 1561 circa
934 1529 1003 1560 res
1056 1514 1370 1572 disciplinares
1413 1527 1466 1558 ae
1498 1513 1619 1558 circa
1670 1527 1851 1557 morum
1899 1512 2035 1556 refor-

260 1605 516 1649 mationem
551 1601 760 1647 consulto
796 1599 1014 1644 pontifice
1039 1597 1373 1656 interpretandi
1398 1597 1428 1641 '‘.
1465 1599 1676 1642 Ceterum
1708 1596 1900 1640 facultas
1931 1609 2036 1640 exe-

257 1686 427 1747 quendi
461 1685 753 1729 Tridentinos
802 1696 1004 1727 canones
1038 1683 1149 1726 haec
1184 1683 1223 1724 S.
1261 1679 1559 1737 congregatio
1599 1677 1882 1723 cumulative
1930 1690 2036 1721 cum

259 1769 622 1827 Congregatione
655 1781 791 1824 super
824 1764 1027 1822 Negotiis
1064 1765 1264 1822 Episcop.
1302 1767 1348 1807 et
1384 1766 1488 1818 Reg.
1516 1766 1717 1806 exercet.

376 1858 525 1907 Quare
560 1853 673 1897 haec
706 1853 748 1894 S.
784 1850 1083 1908 Congregatio
1117 1848 1210 1906 agit
1252 1848 1306 1892 de
1349 1846 1594 1892 residentia
1631 1845 1951 1904 Episcoporum
1992 1848 2039 1888 et

259 1936 654 1991 beneficiatorum,
681 1934 916 1980 absentiae
939 1932 1175 1978 licentiam
1193 1931 1420 1988 concedit3
1449 1932 1714 1975 facultatem
1738 1927 1950 1974 coneedit
1974 1941 2040 1971 re-

258 2019 454 2065 ducendi
488 2033 628 2065 onera
663 2019 923 2072 missarum,
960 2029 1121 2061 causas
1154 2013 1516 2059 matrimoniales
1549 2014 1688 2058 etiam
1722 2011 1843 2056 cirea
1883 2009 2038 2054 matri·

260 2103 400 2149 monii
435 2104 639 2148 valorem
677 2105 941 2160 pertractat,
967 2100 1021 2144 de
1045 2097 1455 2156 irregularitatibus
1476 2095 1767 2155 quaestiones
1789 2093 1931 2151 agitat
1954 2105 2039 2136 nec

261 2201 353 2231 non
386 2187 508 2231 circa
541 2186 944 2230 excardinationes
978 2183 1049 2227 vel
1084 2181 1475 2226 incardinationes
1506 2180 1797 2233 clericorum,
1823 2178 1878 2221 de
1912 2175 2039 2221 resti-

258 2269 438 2314 tutione
472 2269 517 2313 in
554 2271 783 2326 integrum
819 2267 939 2312 circa
976 2265 1304 2324 professionem
1339 2263 1594 2321 religiosam
1629 2266 1716 2306 etc.
1749 2265 1837 2305 ete.

378 2358 501 2398 Haec
535 2356 576 2396 S.
613 2350 913 2409 congregatio
946 2353 1128 2394 constat
1161 2363 1215 2393 ex
1254 2348 1455 2406 pluribus
1488 2345 1801 2392 cardinalibus
1843 2357 2038 2404 quorum

260 2449 380 2481 unus
412 2440 482 2480 est
514 2435 794 2490 Praefectus,
830 2448 889 2478 ex
922 2432 1192 2487 Secretario,
1227 2445 1280 2475 ac
1312 2430 1473 2475 aliisve
1504 2428 1801 2489 Officialibus.

379 2518 494 2562 Huic
527 2516 875 2575 Congregationi
926 2516 1106 2560 adnexa
1146 2519 1215 2559 est
1262 2513 1558 2571 congregatio
1609 2508 1920 2556 Praelatoru'm
1956 2514 2040 2555 Ro-

262 2618 428 2649 manae
456 2602 617 2649 Curiae
652 2616 731 2660 pro
765 2599 1037 2659 recipiendis
1072 2597 1369 2642 relationibus
1401 2597 1458 2640 ab
1490 2595 1718 2654 Episcopis
1751 2608 1886 2653 super
1917 2597 2037 2638 statu

260 2687 547 2741 dioeceseon,
575 2699 757 2730 necnon
791 2683 877 2728 alia
912 2681 1211 2740 Congregatio
1244 2680 1451 2740 specialis
1484 2693 1563 2738 pro
1597 2677 1902 2724 Conciliorum
1937 2679 2041 2721 Pro·

208 2767 214 2772 ’
262 2769 531 2816 vincialium
568 2767 812 2812 revisione.

379 2900 389 2919 ¹
419 2901 439 2936 7
466 2899 572 2936 Febr.
601 2897 703 2936 1897.

378 2971 391 2990 ²
417 2971 625 3008 Benedictus
650 2970 760 3012 Deus,
788 2969 810 3005 [ι
836 2968 942 3005 Febr.
971 2966 1071 3004 1564.

379 3041 392 3061 ⁸
417 3040 569 3078 Constit.
596 3039 698 3077 Alios
721 3040 923 3077 nonnullos.

378 3111 392 3132 ⁸
418 3113 573 3150 Constit.
600 3112 794 3154 Immensa,
822 3109 868 3147 25
897 3110 999 3147 Mart.
1028 3109 1131 3146 1587.
