<?xml version="1.0" encoding="UTF-8"?>
<!DOCTYPE html PUBLIC "-//W3C//DTD XHTML 1.0 Transitional//EN"
    "http://www.w3.org/TR/xhtml1/DTD/xhtml1-transitional.dtd">
<html xmlns="http://www.w3.org/1999/xhtml" xml:lang="en" lang="en">
 <head>
  <title>
</title>
<meta http-equiv="Content-Type" content="text/html;charset=utf-8" />
  <meta name='ocr-system' content='tesseract 3.04.00' />
  <meta name='ocr-capabilities' content='ocr_page ocr_carea ocr_par ocr_line ocrx_word'/>
</head>
<body>
  <div class='ocr_page' id='page_1' title='image "apparatus00ziteuoft_0373.png"; bbox 0 0 2176 3386; ppageno 0'>
   <div class='ocr_carea' id='block_1_1' title="bbox 0 0 730 230">
    <p class='ocr_par' dir='ltr' id='par_1_1' title="bbox 0 0 730 230">
     <span class='ocr_line' id='line_1_1' title="bbox 0 0 730 230; baseline 0 3156"><span class='ocrx_word' id='word_1_1' title='bbox 0 0 730 230; x_wconf 95' lang='lat' dir='ltr'> </span> 
     </span>
    </p>
   </div>
   <div class='ocr_carea' id='block_1_2' title="bbox 793 210 1928 251">
    <p class='ocr_par' dir='ltr' id='par_1_2' title="bbox 793 210 1928 251">
     <span class='ocr_line' id='line_1_2' title="bbox 793 210 1928 251; baseline -0.001 0"><span class='ocrx_word' id='word_1_2' title='bbox 793 223 923 251; x_wconf 79' lang='lat' dir='ltr'>LlBER</span> <span class='ocrx_word' id='word_1_3' title='bbox 951 223 975 250; x_wconf 90' lang='lat'>1.</span> <span class='ocrx_word' id='word_1_4' title='bbox 1011 222 1068 251; x_wconf 83' lang='lat' dir='ltr'>DE</span> <span class='ocrx_word' id='word_1_5' title='bbox 1096 221 1288 250; x_wconf 80' lang='lat' dir='ltr'>CLEmcls</span> <span class='ocrx_word' id='word_1_6' title='bbox 1851 210 1928 251; x_wconf 77' lang='lat'>361</span> 
     </span>
    </p>
   </div>
   <div class='ocr_carea' id='block_1_3' title="bbox 1718 273 1931 278">
    <p class='ocr_par' dir='ltr' id='par_1_3' title="bbox 1718 273 1931 278">
     <span class='ocr_line' id='line_1_3' title="bbox 1718 273 1931 278; baseline 0 0"><span class='ocrx_word' id='word_1_7' title='bbox 1718 273 1931 278; x_wconf 95' lang='lat' dir='ltr'> </span> 
     </span>
    </p>
   </div>
   <div class='ocr_carea' id='block_1_4' title="bbox 147 328 1938 2471">
    <p class='ocr_par' dir='ltr' id='par_1_4' title="bbox 147 328 1936 884">
     <span class='ocr_line' id='line_1_4' title="bbox 267 328 1930 390; baseline 0.001 -16"><span class='ocrx_word' id='word_1_8' title='bbox 267 330 370 374; x_wconf 72' lang='lat'>459.</span> <span class='ocrx_word' id='word_1_9' title='bbox 409 333 474 374; x_wconf 84' lang='lat' dir='ltr'>Ex</span> <span class='ocrx_word' id='word_1_10' title='bbox 497 343 551 375; x_wconf 93' lang='lat' dir='ltr'>eo</span> <span class='ocrx_word' id='word_1_11' title='bbox 571 330 691 389; x_wconf 92' lang='lat' dir='ltr'>quod</span> <span class='ocrx_word' id='word_1_12' title='bbox 713 330 914 375; x_wconf 86' lang='lat' dir='ltr'>Concilio</span> <span class='ocrx_word' id='word_1_13' title='bbox 930 330 1269 390; x_wconf 81' lang='lat' dir='ltr'>quadamtenus</span> <span class='ocrx_word' id='word_1_14' title='bbox 1289 328 1450 383; x_wconf 81' lang='lat' dir='ltr'>subsit,</span> <span class='ocrx_word' id='word_1_15' title='bbox 1475 328 1701 388; x_wconf 86' lang='lat' dir='ltr'>sequitur:</span> <span class='ocrx_word' id='word_1_16' title='bbox 1745 330 1790 386; x_wconf 88' lang='lat' dir='ltr'>a)</span> <span class='ocrx_word' id='word_1_17' title='bbox 1816 331 1930 375; x_wconf 90' lang='lat' dir='ltr'>Con-</span> 
     </span>
     <span class='ocr_line' id='line_1_5' title="bbox 149 409 1932 471; baseline 0 -15"><span class='ocrx_word' id='word_1_18' title='bbox 149 410 306 456; x_wconf 84' lang='lat' dir='ltr'>cilium</span> <span class='ocrx_word' id='word_1_19' title='bbox 339 411 394 456; x_wconf 91' lang='lat' dir='ltr'>de</span> <span class='ocrx_word' id='word_1_20' title='bbox 427 411 622 471; x_wconf 78' lang='lat' dir='ltr'>querelis</span> <span class='ocrx_word' id='word_1_21' title='bbox 654 412 875 458; x_wconf 84' lang='lat' dir='ltr'>adversus</span> <span class='ocrx_word' id='word_1_22' title='bbox 909 411 1313 470; x_wconf 80' lang='lat' dir='ltr'>Metropolitanum</span> <span class='ocrx_word' id='word_1_23' title='bbox 1349 409 1590 470; x_wconf 91' lang='lat' dir='ltr'>propositis</span> <span class='ocrx_word' id='word_1_24' title='bbox 1620 414 1743 456; x_wconf 88' lang='lat' dir='ltr'>recte</span> <span class='ocrx_word' id='word_1_25' title='bbox 1765 425 1932 470; x_wconf 88' lang='lat' dir='ltr'>cogno-</span> 
     </span>
     <span class='ocr_line' id='line_1_6' title="bbox 147 493 1936 555; baseline -0.001 -15"><span class='ocrx_word' id='word_1_26' title='bbox 147 508 292 552; x_wconf 85' lang='lat' dir='ltr'>scere,</span> <span class='ocrx_word' id='word_1_27' title='bbox 326 509 493 555; x_wconf 89' lang='lat' dir='ltr'>easque</span> <span class='ocrx_word' id='word_1_28' title='bbox 525 494 716 541; x_wconf 85' lang='lat' dir='ltr'>delinire</span> <span class='ocrx_word' id='word_1_29' title='bbox 741 496 773 552; x_wconf 82' lang='lat'>¹,</span> <span class='ocrx_word' id='word_1_30' title='bbox 807 497 996 555; x_wconf 92' lang='lat' dir='ltr'>eiusque</span> <span class='ocrx_word' id='word_1_31' title='bbox 1030 493 1356 553; x_wconf 84' lang='lat' dir='ltr'>negligentiam</span> <span class='ocrx_word' id='word_1_32' title='bbox 1391 494 1661 552; x_wconf 89' lang='lat' dir='ltr'>praesertim</span> <span class='ocrx_word' id='word_1_33' title='bbox 1701 493 1822 539; x_wconf 90' lang='lat' dir='ltr'>circa</span> <span class='ocrx_word' id='word_1_34' title='bbox 1857 496 1936 538; x_wconf 86' lang='lat' dir='ltr'>Se·</span> 
     </span>
     <span class='ocr_line' id='line_1_7' title="bbox 150 578 1929 638; baseline -0.001 -14"><span class='ocrx_word' id='word_1_35' title='bbox 150 578 332 625; x_wconf 89' lang='lat' dir='ltr'>minarii</span> <span class='ocrx_word' id='word_1_36' title='bbox 366 579 648 625; x_wconf 85' lang='lat' dir='ltr'>erectionem</span> <span class='ocrx_word' id='word_1_37' title='bbox 682 580 910 638; x_wconf 88' lang='lat' dir='ltr'>corripere</span> <span class='ocrx_word' id='word_1_38' title='bbox 944 579 975 635; x_wconf 83' lang='lat'>²,</span> <span class='ocrx_word' id='word_1_39' title='bbox 1011 579 1117 624; x_wconf 86' lang='lat' dir='ltr'>licet</span> <span class='ocrx_word' id='word_1_40' title='bbox 1149 579 1204 624; x_wconf 90' lang='lat' dir='ltr'>de</span> <span class='ocrx_word' id='word_1_41' title='bbox 1237 579 1332 637; x_wconf 89' lang='lat' dir='ltr'>ipsa</span> <span class='ocrx_word' id='word_1_42' title='bbox 1364 578 1463 624; x_wconf 89' lang='lat' dir='ltr'>eius</span> <span class='ocrx_word' id='word_1_43' title='bbox 1497 592 1689 637; x_wconf 88' lang='lat' dir='ltr'>persona</span> <span class='ocrx_word' id='word_1_44' title='bbox 1722 593 1775 623; x_wconf 94' lang='lat' dir='ltr'>ac</span> <span class='ocrx_word' id='word_1_45' title='bbox 1807 582 1929 624; x_wconf 89' lang='lat' dir='ltr'>statu</span> 
     </span>
     <span class='ocr_line' id='line_1_8' title="bbox 148 660 1933 721; baseline -0.001 -14"><span class='ocrx_word' id='word_1_46' title='bbox 148 661 349 707; x_wconf 90' lang='lat' dir='ltr'>iudicare</span> <span class='ocrx_word' id='word_1_47' title='bbox 382 666 595 721; x_wconf 83' lang='lat' dir='ltr'>nequeat.</span> <span class='ocrx_word' id='word_1_48' title='bbox 633 662 674 720; x_wconf 87' lang='lat' dir='ltr'>b)</span> <span class='ocrx_word' id='word_1_49' title='bbox 707 661 894 707; x_wconf 89' lang='lat' dir='ltr'>Concilii</span> <span class='ocrx_word' id='word_1_50' title='bbox 929 661 1069 721; x_wconf 91' lang='lat' dir='ltr'>ipsius</span> <span class='ocrx_word' id='word_1_51' title='bbox 1101 662 1284 707; x_wconf 84' lang='lat' dir='ltr'>decreta</span> <span class='ocrx_word' id='word_1_52' title='bbox 1318 661 1491 706; x_wconf 91' lang='lat' dir='ltr'>servari</span> <span class='ocrx_word' id='word_1_53' title='bbox 1523 675 1548 706; x_wconf 92' lang='lat' dir='ltr'>a</span> <span class='ocrx_word' id='word_1_54' title='bbox 1577 660 1933 720; x_wconf 87' lang='lat' dir='ltr'>Metropolitano</span> 
     </span>
     <span class='ocr_line' id='line_1_9' title="bbox 148 744 1933 804; baseline -0.001 -15"><span class='ocrx_word' id='word_1_55' title='bbox 148 745 331 801; x_wconf 89' lang='lat' dir='ltr'>debere,</span> <span class='ocrx_word' id='word_1_56' title='bbox 367 759 453 790; x_wconf 89' lang='lat' dir='ltr'>nec</span> <span class='ocrx_word' id='word_1_57' title='bbox 487 745 653 790; x_wconf 84' lang='lat' dir='ltr'>variari</span> <span class='ocrx_word' id='word_1_58' title='bbox 687 746 744 790; x_wconf 90' lang='lat' dir='ltr'>ab</span> <span class='ocrx_word' id='word_1_59' title='bbox 775 760 829 790; x_wconf 90' lang='lat' dir='ltr'>eo</span> <span class='ocrx_word' id='word_1_60' title='bbox 863 759 1012 804; x_wconf 87' lang='lat' dir='ltr'>posse,</span> <span class='ocrx_word' id='word_1_61' title='bbox 1046 750 1306 803; x_wconf 84' lang='lat' dir='ltr'>argument.</span> <span class='ocrx_word' id='word_1_62' title='bbox 1348 745 1662 790; x_wconf 76' lang='lat' dir='ltr'>Clementinae</span> <span class='ocrx_word' id='word_1_63' title='bbox 1693 746 1709 789; x_wconf 89' lang='lat' dir='ltr'>l</span> <span class='ocrx_word' id='word_1_64' title='bbox 1747 744 1804 790; x_wconf 88' lang='lat' dir='ltr'>de</span> <span class='ocrx_word' id='word_1_65' title='bbox 1827 758 1933 789; x_wconf 88' lang='lat' dir='ltr'>sen·</span> 
     </span>
     <span class='ocr_line' id='line_1_10' title="bbox 149 828 1087 884; baseline 0.001 -12"><span class='ocrx_word' id='word_1_66' title='bbox 149 831 266 872; x_wconf 88' lang='lat' dir='ltr'>tent.</span> <span class='ocrx_word' id='word_1_67' title='bbox 303 841 555 884; x_wconf 68' lang='lat' dir='ltr'>excomm,</span> <span class='ocrx_word' id='word_1_68' title='bbox 593 828 732 873; x_wconf 83' lang='lat' dir='ltr'>verbo</span> <span class='ocrx_word' id='word_1_69' title='bbox 770 829 898 882; x_wconf 83' lang='lat' dir='ltr'>Quod</span> <span class='ocrx_word' id='word_1_70' title='bbox 929 831 1087 873; x_wconf 78' lang='lat' dir='ltr'>etiam.</span> 
     </span>
    </p>

    <p class='ocr_par' dir='ltr' id='par_1_5' title="bbox 149 911 1938 1386">
     <span class='ocr_line' id='line_1_11' title="bbox 268 911 1938 972; baseline 0.002 -18"><span class='ocrx_word' id='word_1_71' title='bbox 268 911 370 955; x_wconf 72' lang='lat'>460.</span> <span class='ocrx_word' id='word_1_72' title='bbox 408 911 535 965; x_wconf 87' lang='lat' dir='ltr'>Quod</span> <span class='ocrx_word' id='word_1_73' title='bbox 568 917 723 957; x_wconf 88' lang='lat' dir='ltr'>autem</span> <span class='ocrx_word' id='word_1_74' title='bbox 758 911 959 970; x_wconf 87' lang='lat' dir='ltr'>pertinet</span> <span class='ocrx_word' id='word_1_75' title='bbox 991 912 1046 957; x_wconf 90' lang='lat' dir='ltr'>ad</span> <span class='ocrx_word' id='word_1_76' title='bbox 1079 913 1293 967; x_wconf 86' lang='lat' dir='ltr'>alterum,</span> <span class='ocrx_word' id='word_1_77' title='bbox 1329 913 1511 971; x_wconf 88' lang='lat' dir='ltr'>quando</span> <span class='ocrx_word' id='word_1_78' title='bbox 1544 912 1720 957; x_wconf 89' lang='lat' dir='ltr'>scilicet</span> <span class='ocrx_word' id='word_1_79' title='bbox 1752 916 1797 956; x_wconf 90' lang='lat' dir='ltr'>et</span> <span class='ocrx_word' id='word_1_80' title='bbox 1830 911 1938 972; x_wconf 88' lang='lat' dir='ltr'>quis</span> 
     </span>
     <span class='ocr_line' id='line_1_12' title="bbox 149 991 1933 1054; baseline 0.001 -17"><span class='ocrx_word' id='word_1_81' title='bbox 149 991 297 1037; x_wconf 82' lang='lat' dir='ltr'>suffici</span> <span class='ocrx_word' id='word_1_82' title='bbox 334 993 686 1051; x_wconf 77' lang='lat' dir='ltr'>Metropolitano</span> <span class='ocrx_word' id='word_1_83' title='bbox 719 994 881 1039; x_wconf 87' lang='lat' dir='ltr'>debeat</span> <span class='ocrx_word' id='word_1_84' title='bbox 914 996 959 1039; x_wconf 85' lang='lat' dir='ltr'>in</span> <span class='ocrx_word' id='word_1_85' title='bbox 989 994 1176 1040; x_wconf 91' lang='lat' dir='ltr'>Concilii</span> <span class='ocrx_word' id='word_1_86' title='bbox 1201 994 1497 1054; x_wconf 89' lang='lat' dir='ltr'>provincialis</span> <span class='ocrx_word' id='word_1_87' title='bbox 1518 994 1855 1039; x_wconf 83' lang='lat' dir='ltr'>convocatione</span> <span class='ocrx_word' id='word_1_88' title='bbox 1879 1007 1933 1038; x_wconf 90' lang='lat' dir='ltr'>ac</span> 
     </span>
     <span class='ocr_line' id='line_1_13' title="bbox 150 1073 1938 1136; baseline 0.003 -19"><span class='ocrx_word' id='word_1_89' title='bbox 150 1073 390 1131; x_wconf 88' lang='lat' dir='ltr'>regimine,</span> <span class='ocrx_word' id='word_1_90' title='bbox 427 1074 487 1119; x_wconf 88' lang='lat' dir='ltr'>ita</span> <span class='ocrx_word' id='word_1_91' title='bbox 522 1080 748 1121; x_wconf 82' lang='lat' dir='ltr'>statutum</span> <span class='ocrx_word' id='word_1_92' title='bbox 782 1081 883 1122; x_wconf 90' lang='lat' dir='ltr'>est:</span> <span class='ocrx_word' id='word_1_93' title='bbox 922 1077 1276 1136; x_wconf 87' lang='lat' dir='ltr'>Metropolitano</span> <span class='ocrx_word' id='word_1_94' title='bbox 1311 1078 1511 1136; x_wconf 76' lang='lat' dir='ltr'>legitime</span> <span class='ocrx_word' id='word_1_95' title='bbox 1546 1077 1782 1136; x_wconf 89' lang='lat' dir='ltr'>impedito,</span> <span class='ocrx_word' id='word_1_96' title='bbox 1835 1077 1938 1123; x_wconf 86' lang='lat' dir='ltr'>eius</span> 
     </span>
     <span class='ocr_line' id='line_1_14' title="bbox 150 1158 1929 1220; baseline 0.002 -18"><span class='ocrx_word' id='word_1_97' title='bbox 150 1158 276 1203; x_wconf 89' lang='lat' dir='ltr'>vices</span> <span class='ocrx_word' id='word_1_98' title='bbox 307 1158 399 1216; x_wconf 87' lang='lat' dir='ltr'>geri</span> <span class='ocrx_word' id='word_1_99' title='bbox 435 1159 492 1204; x_wconf 89' lang='lat' dir='ltr'>ab</span> <span class='ocrx_word' id='word_1_100' title='bbox 526 1159 744 1218; x_wconf 85' lang='lat' dir='ltr'>Episcopo</span> <span class='ocrx_word' id='word_1_101' title='bbox 776 1161 1035 1220; x_wconf 86' lang='lat' dir='ltr'>antiquiore</span> <span class='ocrx_word' id='word_1_102' title='bbox 1068 1175 1124 1205; x_wconf 85' lang='lat' dir='ltr'>ex</span> <span class='ocrx_word' id='word_1_103' title='bbox 1161 1161 1466 1219; x_wconf 85' lang='lat' dir='ltr'>Suffraganeis</span> <span class='ocrx_word' id='word_1_104' title='bbox 1490 1161 1522 1217; x_wconf 73' lang='lat'>³,</span> <span class='ocrx_word' id='word_1_105' title='bbox 1551 1175 1604 1206; x_wconf 90' lang='lat' dir='ltr'>ac</span> <span class='ocrx_word' id='word_1_106' title='bbox 1631 1160 1818 1219; x_wconf 92' lang='lat' dir='ltr'>proinde</span> <span class='ocrx_word' id='word_1_107' title='bbox 1843 1174 1929 1205; x_wconf 90' lang='lat' dir='ltr'>nec</span> 
     </span>
     <span class='ocr_line' id='line_1_15' title="bbox 150 1241 1936 1304; baseline 0.002 -18"><span class='ocrx_word' id='word_1_108' title='bbox 150 1255 175 1286; x_wconf 89' lang='lat' dir='ltr'>a</span> <span class='ocrx_word' id='word_1_109' title='bbox 214 1241 527 1299; x_wconf 86' lang='lat' dir='ltr'>Metropolitae</span> <span class='ocrx_word' id='word_1_110' title='bbox 571 1242 752 1288; x_wconf 88' lang='lat' dir='ltr'>Vicario</span> <span class='ocrx_word' id='word_1_111' title='bbox 786 1244 1014 1299; x_wconf 77' lang='lat' dir='ltr'>Generali,</span> <span class='ocrx_word' id='word_1_112' title='bbox 1052 1259 1200 1303; x_wconf 87' lang='lat' dir='ltr'>neque</span> <span class='ocrx_word' id='word_1_113' title='bbox 1239 1258 1262 1288; x_wconf 88' lang='lat' dir='ltr'>a</span> <span class='ocrx_word' id='word_1_114' title='bbox 1304 1244 1510 1303; x_wconf 90' lang='lat' dir='ltr'>Capitulo</span> <span class='ocrx_word' id='word_1_115' title='bbox 1550 1245 1936 1304; x_wconf 87' lang='lat' dir='ltr'>Metropolitanae</span> 
     </span>
     <span class='ocr_line' id='line_1_16' title="bbox 151 1325 1604 1386; baseline 0.001 -16"><span class='ocrx_word' id='word_1_116' title='bbox 151 1325 396 1381; x_wconf 89' lang='lat' dir='ltr'>Ecclesiae,</span> <span class='ocrx_word' id='word_1_117' title='bbox 431 1329 510 1370; x_wconf 90' lang='lat' dir='ltr'>aut</span> <span class='ocrx_word' id='word_1_118' title='bbox 542 1326 647 1371; x_wconf 89' lang='lat' dir='ltr'>sede</span> <span class='ocrx_word' id='word_1_119' title='bbox 685 1332 879 1372; x_wconf 69' lang='lat' dir='ltr'>xaeante</span> <span class='ocrx_word' id='word_1_120' title='bbox 912 1328 968 1372; x_wconf 90' lang='lat' dir='ltr'>ab</span> <span class='ocrx_word' id='word_1_121' title='bbox 1001 1327 1097 1372; x_wconf 88' lang='lat' dir='ltr'>eius</span> <span class='ocrx_word' id='word_1_122' title='bbox 1131 1327 1310 1372; x_wconf 88' lang='lat' dir='ltr'>Vicario</span> <span class='ocrx_word' id='word_1_123' title='bbox 1343 1327 1604 1386; x_wconf 87' lang='lat' dir='ltr'>Capitulari.</span> 
     </span>
    </p>

    <p class='ocr_par' dir='ltr' id='par_1_6' title="bbox 150 1409 1938 2471">
     <span class='ocr_line' id='line_1_17' title="bbox 268 1409 1936 1470; baseline 0.002 -18"><span class='ocrx_word' id='word_1_124' title='bbox 268 1409 369 1452; x_wconf 74' lang='lat'>461.</span> <span class='ocrx_word' id='word_1_125' title='bbox 399 1412 503 1452; x_wconf 89' lang='lat' dir='ltr'>Post</span> <span class='ocrx_word' id='word_1_126' title='bbox 522 1410 927 1468; x_wconf 74' lang='lat' dir='ltr'>Metropolitanum</span> <span class='ocrx_word' id='word_1_127' title='bbox 951 1414 1207 1470; x_wconf 85' lang='lat' dir='ltr'>sequuntur</span> <span class='ocrx_word' id='word_1_128' title='bbox 1225 1410 1272 1467; x_wconf 82' lang='lat' dir='ltr'>ii,</span> <span class='ocrx_word' id='word_1_129' title='bbox 1292 1411 1366 1470; x_wconf 91' lang='lat' dir='ltr'>qui</span> <span class='ocrx_word' id='word_1_130' title='bbox 1393 1416 1555 1456; x_wconf 88' lang='lat' dir='ltr'>votum</span> <span class='ocrx_word' id='word_1_131' title='bbox 1580 1411 1751 1455; x_wconf 90' lang='lat' dir='ltr'>habent</span> <span class='ocrx_word' id='word_1_132' title='bbox 1774 1411 1936 1456; x_wconf 88' lang='lat' dir='ltr'>decisi·</span> 
     </span>
     <span class='ocr_line' id='line_1_18' title="bbox 153 1490 1937 1554; baseline 0.003 -19"><span class='ocrx_word' id='word_1_133' title='bbox 153 1505 263 1535; x_wconf 85' lang='lat' dir='ltr'>vum</span> <span class='ocrx_word' id='word_1_134' title='bbox 298 1490 343 1535; x_wconf 90' lang='lat' dir='ltr'>in</span> <span class='ocrx_word' id='word_1_135' title='bbox 378 1491 595 1536; x_wconf 89' lang='lat' dir='ltr'>Concilio.</span> <span class='ocrx_word' id='word_1_136' title='bbox 632 1493 686 1538; x_wconf 91' lang='lat' dir='ltr'>Hi</span> <span class='ocrx_word' id='word_1_137' title='bbox 722 1508 831 1538; x_wconf 73' lang='lat' dir='ltr'>vero</span> <span class='ocrx_word' id='word_1_138' title='bbox 865 1498 973 1538; x_wconf 90' lang='lat' dir='ltr'>sunt</span> <span class='ocrx_word' id='word_1_139' title='bbox 1006 1494 1103 1539; x_wconf 88' lang='lat' dir='ltr'>iure</span> <span class='ocrx_word' id='word_1_140' title='bbox 1126 1495 1324 1553; x_wconf 91' lang='lat' dir='ltr'>proprio,</span> <span class='ocrx_word' id='word_1_141' title='bbox 1349 1494 1425 1554; x_wconf 92' lang='lat' dir='ltr'>qui</span> <span class='ocrx_word' id='word_1_142' title='bbox 1449 1494 1679 1539; x_wconf 79' lang='lat' dir='ltr'>Ordinarii</span> <span class='ocrx_word' id='word_1_143' title='bbox 1704 1496 1937 1554; x_wconf 81' lang='lat' dir='ltr'>appellan-</span> 
     </span>
     <span class='ocr_line' id='line_1_19' title="bbox 151 1575 1935 1637; baseline 0.002 -19"><span class='ocrx_word' id='word_1_144' title='bbox 151 1578 241 1630; x_wconf 91' lang='lat' dir='ltr'>tur,</span> <span class='ocrx_word' id='word_1_145' title='bbox 277 1589 356 1619; x_wconf 86' lang='lat' dir='ltr'>seu</span> <span class='ocrx_word' id='word_1_146' title='bbox 393 1575 597 1634; x_wconf 88' lang='lat' dir='ltr'>Episcopi</span> <span class='ocrx_word' id='word_1_147' title='bbox 632 1576 934 1634; x_wconf 76' lang='lat' dir='ltr'>Sulfraganei3</span> <span class='ocrx_word' id='word_1_148' title='bbox 974 1578 1165 1622; x_wconf 83' lang='lat' dir='ltr'>Praelati</span> <span class='ocrx_word' id='word_1_149' title='bbox 1200 1578 1276 1637; x_wconf 89' lang='lat' dir='ltr'>qui</span> <span class='ocrx_word' id='word_1_150' title='bbox 1302 1577 1665 1623; x_wconf 85' lang='lat' dir='ltr'>iurisdictionem</span> <span class='ocrx_word' id='word_1_151' title='bbox 1688 1578 1817 1637; x_wconf 83' lang='lat' dir='ltr'>quasi</span> <span class='ocrx_word' id='word_1_152' title='bbox 1842 1578 1935 1636; x_wconf 88' lang='lat' dir='ltr'>epi-</span> 
     </span>
     <span class='ocr_line' id='line_1_20' title="bbox 153 1658 1932 1720; baseline 0.003 -19"><span class='ocrx_word' id='word_1_153' title='bbox 153 1658 381 1715; x_wconf 88' lang='lat' dir='ltr'>scopalem</span> <span class='ocrx_word' id='word_1_154' title='bbox 419 1658 613 1715; x_wconf 72' lang='lat' dir='ltr'>habent,</span> <span class='ocrx_word' id='word_1_155' title='bbox 666 1658 894 1718; x_wconf 85' lang='lat' dir='ltr'>Episcopi,</span> <span class='ocrx_word' id='word_1_156' title='bbox 939 1661 1011 1705; x_wconf 81' lang='lat' dir='ltr'>vel</span> <span class='ocrx_word' id='word_1_157' title='bbox 1058 1660 1421 1706; x_wconf 81' lang='lat' dir='ltr'>iurisdictionem</span> <span class='ocrx_word' id='word_1_158' title='bbox 1462 1661 1589 1720; x_wconf 87' lang='lat' dir='ltr'>quasi</span> <span class='ocrx_word' id='word_1_159' title='bbox 1628 1661 1932 1720; x_wconf 88' lang='lat' dir='ltr'>episcopalem</span> 
     </span>
     <span class='ocr_line' id='line_1_21' title="bbox 150 1740 1936 1804; baseline 0.002 -19"><span class='ocrx_word' id='word_1_160' title='bbox 150 1740 389 1798; x_wconf 89' lang='lat' dir='ltr'>habentes,</span> <span class='ocrx_word' id='word_1_161' title='bbox 424 1743 501 1802; x_wconf 93' lang='lat' dir='ltr'>qui</span> <span class='ocrx_word' id='word_1_162' title='bbox 535 1743 738 1802; x_wconf 88' lang='lat' dir='ltr'>exempti</span> <span class='ocrx_word' id='word_1_163' title='bbox 788 1748 923 1799; x_wconf 87' lang='lat' dir='ltr'>sunt,</span> <span class='ocrx_word' id='word_1_164' title='bbox 964 1744 1132 1804; x_wconf 89' lang='lat' dir='ltr'>quique</span> <span class='ocrx_word' id='word_1_165' title='bbox 1165 1744 1339 1789; x_wconf 88' lang='lat' dir='ltr'>scilicet</span> <span class='ocrx_word' id='word_1_166' title='bbox 1371 1759 1428 1790; x_wconf 80' lang='lat' dir='ltr'>cx</span> <span class='ocrx_word' id='word_1_167' title='bbox 1462 1745 1646 1790; x_wconf 83' lang='lat' dir='ltr'>decreto</span> <span class='ocrx_word' id='word_1_168' title='bbox 1678 1744 1936 1789; x_wconf 87' lang='lat' dir='ltr'>Tridentini</span> 
     </span>
     <span class='ocr_line' id='line_1_22' title="bbox 153 1826 1935 1889; baseline 0.003 -20"><span class='ocrx_word' id='word_1_169' title='bbox 153 1826 267 1870; x_wconf 88' lang='lat' dir='ltr'>Sess.</span> <span class='ocrx_word' id='word_1_170' title='bbox 306 1829 460 1882; x_wconf 75' lang='lat' dir='ltr'>XXIV,</span> <span class='ocrx_word' id='word_1_171' title='bbox 496 1830 599 1886; x_wconf 91' lang='lat' dir='ltr'>Cap.</span> <span class='ocrx_word' id='word_1_172' title='bbox 639 1831 692 1883; x_wconf 88' lang='lat'>11,</span> <span class='ocrx_word' id='word_1_173' title='bbox 727 1829 782 1873; x_wconf 84' lang='lat' dir='ltr'>de</span> <span class='ocrx_word' id='word_1_174' title='bbox 814 1829 1024 1886; x_wconf 79' lang='lat' dir='ltr'>Reform.</span> <span class='ocrx_word' id='word_1_175' title='bbox 1062 1833 1281 1874; x_wconf 90' lang='lat' dir='ltr'>tenentur</span> <span class='ocrx_word' id='word_1_176' title='bbox 1313 1830 1478 1888; x_wconf 86' lang='lat' dir='ltr'>eligere</span> <span class='ocrx_word' id='word_1_177' title='bbox 1501 1830 1709 1875; x_wconf 86' lang='lat' dir='ltr'>vicinum</span> <span class='ocrx_word' id='word_1_178' title='bbox 1733 1830 1935 1889; x_wconf 89' lang='lat' dir='ltr'>aliquem</span> 
     </span>
     <span class='ocr_line' id='line_1_23' title="bbox 154 1909 1935 1973; baseline 0.001 -19"><span class='ocrx_word' id='word_1_179' title='bbox 154 1909 578 1967; x_wconf 87' lang='lat' dir='ltr'>Metropolitanum,</span> <span class='ocrx_word' id='word_1_180' title='bbox 617 1916 806 1969; x_wconf 88' lang='lat' dir='ltr'>possunt</span> <span class='ocrx_word' id='word_1_181' title='bbox 838 1916 992 1957; x_wconf 87' lang='lat' dir='ltr'>autern</span> <span class='ocrx_word' id='word_1_182' title='bbox 1027 1911 1192 1970; x_wconf 87' lang='lat' dir='ltr'>eligere</span> <span class='ocrx_word' id='word_1_183' title='bbox 1225 1927 1331 1958; x_wconf 89' lang='lat' dir='ltr'>eum</span> <span class='ocrx_word' id='word_1_184' title='bbox 1364 1912 1522 1968; x_wconf 91' lang='lat' dir='ltr'>etiam,</span> <span class='ocrx_word' id='word_1_185' title='bbox 1558 1914 1635 1973; x_wconf 92' lang='lat' dir='ltr'>qui</span> <span class='ocrx_word' id='word_1_186' title='bbox 1671 1927 1761 1958; x_wconf 88' lang='lat' dir='ltr'>non</span> <span class='ocrx_word' id='word_1_187' title='bbox 1798 1913 1935 1957; x_wconf 84' lang='lat' dir='ltr'>habet</span> 
     </span>
     <span class='ocr_line' id='line_1_24' title="bbox 153 1992 1934 2055; baseline 0.003 -20"><span class='ocrx_word' id='word_1_188' title='bbox 153 1992 470 2055; x_wconf 79' lang='lat' dir='ltr'>suffraganeos</span> <span class='ocrx_word' id='word_1_189' title='bbox 493 1993 526 2049; x_wconf 73' lang='lat'>⁸,</span> <span class='ocrx_word' id='word_1_190' title='bbox 563 1993 608 2037; x_wconf 90' lang='lat' dir='ltr'>in</span> <span class='ocrx_word' id='word_1_191' title='bbox 643 1994 773 2039; x_wconf 90' lang='lat' dir='ltr'>cuius</span> <span class='ocrx_word' id='word_1_192' title='bbox 807 1996 989 2053; x_wconf 88' lang='lat' dir='ltr'>Synodo</span> <span class='ocrx_word' id='word_1_193' title='bbox 1023 1996 1293 2054; x_wconf 75' lang='lat' dir='ltr'>provinciali</span> <span class='ocrx_word' id='word_1_194' title='bbox 1330 1996 1550 2042; x_wconf 88' lang='lat' dir='ltr'>interesse</span> <span class='ocrx_word' id='word_1_195' title='bbox 1583 1997 1812 2054; x_wconf 85' lang='lat' dir='ltr'>debeant;</span> <span class='ocrx_word' id='word_1_196' title='bbox 1859 1996 1934 2040; x_wconf 84' lang='lat' dir='ltr'>Vi-</span> 
     </span>
     <span class='ocr_line' id='line_1_25' title="bbox 152 2073 1938 2138; baseline 0.003 -21"><span class='ocrx_word' id='word_1_197' title='bbox 152 2073 262 2118; x_wconf 90' lang='lat' dir='ltr'>carii</span> <span class='ocrx_word' id='word_1_198' title='bbox 294 2078 341 2119; x_wconf 89' lang='lat' dir='ltr'>et</span> <span class='ocrx_word' id='word_1_199' title='bbox 375 2076 595 2122; x_wconf 81' lang='lat' dir='ltr'>Praefecti</span> <span class='ocrx_word' id='word_1_200' title='bbox 630 2077 863 2135; x_wconf 89' lang='lat' dir='ltr'>apostolici</span> <span class='ocrx_word' id='word_1_201' title='bbox 898 2078 974 2137; x_wconf 90' lang='lat' dir='ltr'>qui</span> <span class='ocrx_word' id='word_1_202' title='bbox 1009 2078 1055 2122; x_wconf 89' lang='lat' dir='ltr'>in</span> <span class='ocrx_word' id='word_1_203' title='bbox 1091 2079 1330 2124; x_wconf 83' lang='lat' dir='ltr'>Provincia</span> <span class='ocrx_word' id='word_1_204' title='bbox 1365 2084 1487 2124; x_wconf 89' lang='lat' dir='ltr'>sunt.</span> <span class='ocrx_word' id='word_1_205' title='bbox 1542 2079 1710 2124; x_wconf 90' lang='lat' dir='ltr'>Vicarii</span> <span class='ocrx_word' id='word_1_206' title='bbox 1752 2079 1938 2138; x_wconf 77' lang='lat' dir='ltr'>Capitu-</span> 
     </span>
     <span class='ocr_line' id='line_1_26' title="bbox 151 2159 1935 2221; baseline 0.002 -18"><span class='ocrx_word' id='word_1_207' title='bbox 151 2159 284 2214; x_wconf 84' lang='lat' dir='ltr'>lareS,</span> <span class='ocrx_word' id='word_1_208' title='bbox 320 2160 424 2205; x_wconf 89' lang='lat' dir='ltr'>sede</span> <span class='ocrx_word' id='word_1_209' title='bbox 458 2161 712 2206; x_wconf 87' lang='lat' dir='ltr'>Cathedrali</span> <span class='ocrx_word' id='word_1_210' title='bbox 748 2167 960 2207; x_wconf 75' lang='lat' dir='ltr'>vacante.</span> <span class='ocrx_word' id='word_1_211' title='bbox 998 2166 1098 2207; x_wconf 87' lang='lat' dir='ltr'>Iure</span> <span class='ocrx_word' id='word_1_212' title='bbox 1131 2167 1476 2208; x_wconf 81' lang='lat' dir='ltr'>communicato</span> <span class='ocrx_word' id='word_1_213' title='bbox 1508 2167 1617 2207; x_wconf 90' lang='lat' dir='ltr'>sunt</span> <span class='ocrx_word' id='word_1_214' title='bbox 1651 2162 1855 2221; x_wconf 86' lang='lat' dir='ltr'>Episcopi</span> <span class='ocrx_word' id='word_1_215' title='bbox 1879 2161 1935 2206; x_wconf 89' lang='lat' dir='ltr'>ti-</span> 
     </span>
     <span class='ocr_line' id='line_1_27' title="bbox 152 2243 1931 2303; baseline 0.002 -18"><span class='ocrx_word' id='word_1_216' title='bbox 152 2243 338 2299; x_wconf 86' lang='lat' dir='ltr'>tulares,</span> <span class='ocrx_word' id='word_1_217' title='bbox 375 2243 410 2288; x_wconf 92' lang='lat' dir='ltr'>si</span> <span class='ocrx_word' id='word_1_218' title='bbox 445 2243 501 2287; x_wconf 90' lang='lat' dir='ltr'>ad</span> <span class='ocrx_word' id='word_1_219' title='bbox 533 2243 786 2289; x_wconf 85' lang='lat' dir='ltr'>Concilium</span> <span class='ocrx_word' id='word_1_220' title='bbox 821 2244 1006 2290; x_wconf 83' lang='lat' dir='ltr'>invitati</span> <span class='ocrx_word' id='word_1_221' title='bbox 1041 2246 1156 2302; x_wconf 88' lang='lat' dir='ltr'>sint;</span> <span class='ocrx_word' id='word_1_222' title='bbox 1183 2250 1507 2291; x_wconf 83' lang='lat' dir='ltr'>Procuratores</span> <span class='ocrx_word' id='word_1_223' title='bbox 1531 2246 1931 2303; x_wconf 79' lang='lat' dir='ltr'>suffraganeorum</span> 
     </span>
     <span class='ocr_line' id='line_1_28' title="bbox 152 2326 1938 2388; baseline 0.002 -18"><span class='ocrx_word' id='word_1_224' title='bbox 152 2326 430 2382; x_wconf 87' lang='lat' dir='ltr'>absentium,</span> <span class='ocrx_word' id='word_1_225' title='bbox 465 2327 500 2371; x_wconf 91' lang='lat' dir='ltr'>si</span> <span class='ocrx_word' id='word_1_226' title='bbox 534 2327 733 2372; x_wconf 90' lang='lat' dir='ltr'>Concilio</span> <span class='ocrx_word' id='word_1_227' title='bbox 767 2328 1006 2386; x_wconf 86' lang='lat' dir='ltr'>placuerit,</span> <span class='ocrx_word' id='word_1_228' title='bbox 1032 2343 1164 2374; x_wconf 83' lang='lat' dir='ltr'>secus</span> <span class='ocrx_word' id='word_1_229' title='bbox 1186 2329 1310 2374; x_wconf 83' lang='lat' dir='ltr'>enim</span> <span class='ocrx_word' id='word_1_230' title='bbox 1335 2329 1547 2388; x_wconf 83' lang='lat' dir='ltr'>suffragio</span> <span class='ocrx_word' id='word_1_231' title='bbox 1572 2334 1753 2375; x_wconf 83' lang='lat' dir='ltr'>tantum</span> <span class='ocrx_word' id='word_1_232' title='bbox 1779 2330 1938 2374; x_wconf 82' lang='lat' dir='ltr'>fruen-</span> 
     </span>
     <span class='ocr_line' id='line_1_29' title="bbox 152 2404 1930 2471; baseline 0.003 -20"><span class='ocrx_word' id='word_1_233' title='bbox 152 2411 227 2452; x_wconf 92' lang='lat' dir='ltr'>tur</span> <span class='ocrx_word' id='word_1_234' title='bbox 258 2404 518 2454; x_wconf 88' lang='lat' dir='ltr'>consultivo</span> <span class='ocrx_word' id='word_1_235' title='bbox 542 2410 572 2453; x_wconf 78' lang='lat'>⁵.</span> <span class='ocrx_word' id='word_1_236' title='bbox 610 2411 810 2455; x_wconf 85' lang='lat' dir='ltr'>Tandem</span> <span class='ocrx_word' id='word_1_237' title='bbox 844 2411 920 2471; x_wconf 87' lang='lat' dir='ltr'>qui</span> <span class='ocrx_word' id='word_1_238' title='bbox 953 2426 977 2456; x_wconf 92' lang='grc'><strong>3</strong></span> <span class='ocrx_word' id='word_1_239' title='bbox 1011 2412 1345 2457; x_wconf 91' lang='lat' dir='ltr'>consuetudine</span> <span class='ocrx_word' id='word_1_240' title='bbox 1379 2412 1448 2458; x_wconf 90' lang='lat' dir='ltr'>ius</span> <span class='ocrx_word' id='word_1_241' title='bbox 1482 2413 1647 2458; x_wconf 88' lang='lat' dir='ltr'>habeat</span> <span class='ocrx_word' id='word_1_242' title='bbox 1680 2412 1713 2468; x_wconf 80' lang='lat'>⁶,</span> <span class='ocrx_word' id='word_1_243' title='bbox 1751 2413 1822 2457; x_wconf 91' lang='lat' dir='ltr'>vel</span> <span class='ocrx_word' id='word_1_244' title='bbox 1856 2413 1930 2458; x_wconf 91' lang='lat' dir='ltr'>cui</span> 
     </span>
    </p>
   </div>
   <div class='ocr_carea' id='block_1_5' title="bbox 270 2587 1292 2709">
    <p class='ocr_par' dir='ltr' id='par_1_7' title="bbox 270 2587 1292 2709">
     <span class='ocr_line' id='line_1_30' title="bbox 270 2587 1178 2636; baseline 0.003 -12"><span class='ocrx_word' id='word_1_245' title='bbox 270 2587 280 2608; x_wconf 91' lang='lat'>¹</span> <span class='ocrx_word' id='word_1_246' title='bbox 310 2589 511 2626; x_wconf 61' lang='lat' dir='ltr'>FAGNANus</span> <span class='ocrx_word' id='word_1_247' title='bbox 539 2590 576 2625; x_wconf 89' lang='lat' dir='ltr'>in</span> <span class='ocrx_word' id='word_1_248' title='bbox 603 2590 690 2636; x_wconf 84' lang='lat' dir='ltr'>Cap.</span> <span class='ocrx_word' id='word_1_249' title='bbox 718 2590 764 2626; x_wconf 84' lang='grc'>25</span> <span class='ocrx_word' id='word_1_250' title='bbox 789 2591 833 2627; x_wconf 88' lang='lat' dir='ltr'>de</span> <span class='ocrx_word' id='word_1_251' title='bbox 859 2597 1032 2633; x_wconf 60' lang='lat' dir='ltr'>accusat„</span> <span class='ocrx_word' id='word_1_252' title='bbox 1062 2602 1096 2627; x_wconf 90' lang='lat' dir='ltr'>n.</span> <span class='ocrx_word' id='word_1_253' title='bbox 1122 2591 1178 2627; x_wconf 67' lang='lat'>41.</span> 
     </span>
     <span class='ocr_line' id='line_1_31' title="bbox 270 2660 1292 2709; baseline 0.001 -12"><span class='ocrx_word' id='word_1_254' title='bbox 270 2660 283 2678; x_wconf 84' lang='lat'><strong>¹</strong></span> <span class='ocrx_word' id='word_1_255' title='bbox 311 2661 419 2698; x_wconf 90' lang='lat' dir='ltr'>Conc.</span> <span class='ocrx_word' id='word_1_256' title='bbox 447 2662 543 2698; x_wconf 82' lang='lat' dir='ltr'>Trid.</span> <span class='ocrx_word' id='word_1_257' title='bbox 572 2663 667 2700; x_wconf 70' lang='lat' dir='ltr'>Sess</span> <span class='ocrx_word' id='word_1_258' title='bbox 688 2662 785 2705; x_wconf 94' lang='lat' dir='ltr'>XIII,</span> <span class='ocrx_word' id='word_1_259' title='bbox 812 2662 897 2709; x_wconf 89' lang='lat' dir='ltr'>Cap.</span> <span class='ocrx_word' id='word_1_260' title='bbox 925 2663 1048 2699; x_wconf 86' lang='lat' dir='ltr'>XVIII</span> <span class='ocrx_word' id='word_1_261' title='bbox 1075 2664 1117 2699; x_wconf 75' lang='lat' dir='ltr'>(le</span> <span class='ocrx_word' id='word_1_262' title='bbox 1136 2664 1292 2709; x_wconf 79' lang='lat' dir='ltr'>Reform.</span> 
     </span>
    </p>
   </div>
   <div class='ocr_carea' id='block_1_6' title="bbox 107 2732 1935 2848">
    <p class='ocr_par' dir='ltr' id='par_1_8' title="bbox 107 2732 1935 2848">
     <span class='ocr_line' id='line_1_32' title="bbox 271 2732 1935 2781; baseline 0.002 -13"><span class='ocrx_word' id='word_1_263' title='bbox 271 2732 284 2751; x_wconf 82' lang='lat'><strong>³</strong></span> <span class='ocrx_word' id='word_1_264' title='bbox 310 2733 419 2769; x_wconf 81' lang='lat' dir='ltr'>Cone.</span> <span class='ocrx_word' id='word_1_265' title='bbox 439 2733 596 2770; x_wconf 75' lang='lat' dir='ltr'>Trident.</span> <span class='ocrx_word' id='word_1_266' title='bbox 616 2733 711 2771; x_wconf 86' lang='lat' dir='ltr'>Sess.</span> <span class='ocrx_word' id='word_1_267' title='bbox 732 2735 866 2777; x_wconf 87' lang='lat' dir='ltr'>XXIV,</span> <span class='ocrx_word' id='word_1_268' title='bbox 882 2735 966 2780; x_wconf 86' lang='lat' dir='ltr'>Cap.</span> <span class='ocrx_word' id='word_1_269' title='bbox 988 2735 1019 2771; x_wconf 94' lang='lat' dir='ltr'>II</span> <span class='ocrx_word' id='word_1_270' title='bbox 1039 2735 1081 2771; x_wconf 74' lang='lat' dir='ltr'>cle</span> <span class='ocrx_word' id='word_1_271' title='bbox 1098 2736 1258 2781; x_wconf 77' lang='lat' dir='ltr'>Reform.</span> <span class='ocrx_word' id='word_1_272' title='bbox 1279 2735 1484 2772; x_wconf 73' lang='lat' dir='ltr'><strong>FAGNANUS</strong></span> <span class='ocrx_word' id='word_1_273' title='bbox 1503 2736 1541 2771; x_wconf 92' lang='lat' dir='ltr'>in</span> <span class='ocrx_word' id='word_1_274' title='bbox 1555 2745 1633 2781; x_wconf 88' lang='lat' dir='ltr'>cap.</span> <span class='ocrx_word' id='word_1_275' title='bbox 1651 2735 1695 2771; x_wconf 87' lang='grc'>25</span> <span class='ocrx_word' id='word_1_276' title='bbox 1713 2735 1756 2772; x_wconf 84' lang='lat' dir='ltr'>de</span> <span class='ocrx_word' id='word_1_277' title='bbox 1775 2739 1935 2773; x_wconf 81' lang='lat' dir='ltr'>accusat..</span> 
     </span>
     <span class='ocr_line' id='line_1_33' title="bbox 107 2804 687 2848; baseline 0.003 -8"><span class='ocrx_word' id='word_1_278' title='bbox 107 2828 115 2836; x_wconf 83' lang='lat'>-</span> <span class='ocrx_word' id='word_1_279' title='bbox 153 2814 191 2845; x_wconf 87' lang='lat' dir='ltr'>n.</span> <span class='ocrx_word' id='word_1_280' title='bbox 218 2804 273 2841; x_wconf 78' lang='lat'>16.</span> <span class='ocrx_word' id='word_1_281' title='bbox 299 2805 426 2841; x_wconf 64' lang='lat' dir='ltr'>Pmm</span> <span class='ocrx_word' id='word_1_282' title='bbox 452 2805 474 2841; x_wconf 92' lang='grc'>1.</span> <span class='ocrx_word' id='word_1_283' title='bbox 500 2816 542 2848; x_wconf 85' lang='grc'><strong>3.,</strong></span> <span class='ocrx_word' id='word_1_284' title='bbox 569 2815 603 2842; x_wconf 91' lang='lat' dir='ltr'>n.</span> <span class='ocrx_word' id='word_1_285' title='bbox 631 2805 687 2843; x_wconf 84' lang='lat'>55.</span> 
     </span>
    </p>
   </div>
   <div class='ocr_carea' id='block_1_7' title="bbox 157 2875 1939 3133">
    <p class='ocr_par' dir='ltr' id='par_1_9' title="bbox 272 2875 1187 2923">
     <span class='ocr_line' id='line_1_34' title="bbox 272 2875 1187 2923; baseline -0.001 -10"><span class='ocrx_word' id='word_1_286' title='bbox 272 2875 287 2896; x_wconf 65' lang='lat'><strong>⁴</strong></span> <span class='ocrx_word' id='word_1_287' title='bbox 312 2877 439 2914; x_wconf 49' lang='lat' dir='ltr'>Perna</span> <span class='ocrx_word' id='word_1_288' title='bbox 465 2877 487 2913; x_wconf 92' lang='lat' dir='ltr'>l.</span> <span class='ocrx_word' id='word_1_289' title='bbox 514 2886 557 2922; x_wconf 83' lang='lat' dir='ltr'>c.,</span> <span class='ocrx_word' id='word_1_290' title='bbox 584 2887 618 2914; x_wconf 88' lang='lat' dir='ltr'>n.</span> <span class='ocrx_word' id='word_1_291' title='bbox 646 2877 702 2920; x_wconf 85' lang='grc'>52,</span> <span class='ocrx_word' id='word_1_292' title='bbox 729 2877 854 2923; x_wconf 88' lang='lat' dir='ltr'>ibique</span> <span class='ocrx_word' id='word_1_293' title='bbox 881 2877 994 2922; x_wconf 87' lang='lat' dir='ltr'>Cong.</span> <span class='ocrx_word' id='word_1_294' title='bbox 1021 2877 1187 2914; x_wconf 89' lang='lat' dir='ltr'>Concilii.</span> 
     </span>
    </p>

    <p class='ocr_par' dir='ltr' id='par_1_10' title="bbox 271 2947 1932 2994">
     <span class='ocr_line' id='line_1_35' title="bbox 271 2947 1932 2994; baseline -0.002 -9"><span class='ocrx_word' id='word_1_295' title='bbox 271 2947 285 2968; x_wconf 80' lang='lat'>⁸</span> <span class='ocrx_word' id='word_1_296' title='bbox 312 2948 514 2985; x_wconf 68' lang='lat' dir='ltr'>FAGNAnus</span> <span class='ocrx_word' id='word_1_297' title='bbox 541 2949 577 2984; x_wconf 92' lang='lat' dir='ltr'>in</span> <span class='ocrx_word' id='word_1_298' title='bbox 604 2958 683 2994; x_wconf 87' lang='lat' dir='ltr'>cap.</span> <span class='ocrx_word' id='word_1_299' title='bbox 700 2947 744 2985; x_wconf 83' lang='lat'>10</span> <span class='ocrx_word' id='word_1_300' title='bbox 769 2948 813 2985; x_wconf 86' lang='lat' dir='ltr'>de</span> <span class='ocrx_word' id='word_1_301' title='bbox 842 2949 899 2985; x_wconf 88' lang='lat' dir='ltr'>his</span> <span class='ocrx_word' id='word_1_302' title='bbox 926 2958 1021 2994; x_wconf 88' lang='lat' dir='ltr'>quae</span> <span class='ocrx_word' id='word_1_303' title='bbox 1049 2948 1140 2985; x_wconf 83' lang='lat' dir='ltr'>fiunt</span> <span class='ocrx_word' id='word_1_304' title='bbox 1167 2957 1189 2984; x_wconf 90' lang='lat' dir='ltr'>a</span> <span class='ocrx_word' id='word_1_305' title='bbox 1215 2947 1404 2990; x_wconf 75' lang='lat' dir='ltr'>Praelatis,</span> <span class='ocrx_word' id='word_1_306' title='bbox 1432 2947 1544 2992; x_wconf 70' lang='lat' dir='ltr'>n.5!1=;</span> <span class='ocrx_word' id='word_1_307' title='bbox 1572 2949 1699 2985; x_wconf 60' lang='lat' dir='ltr'>Para».</span> <span class='ocrx_word' id='word_1_308' title='bbox 1726 2947 1932 2991; x_wconf 78' lang='lat' dir='ltr'>1.c.‚n.59.</span> 
     </span>
    </p>

    <p class='ocr_par' dir='ltr' id='par_1_11' title="bbox 157 3019 1939 3133">
     <span class='ocr_line' id='line_1_36' title="bbox 274 3019 1939 3065; baseline -0.001 -9"><span class='ocrx_word' id='word_1_309' title='bbox 274 3020 287 3039; x_wconf 84' lang='lat'>⁸</span> <span class='ocrx_word' id='word_1_310' title='bbox 312 3019 423 3057; x_wconf 89' lang='lat' dir='ltr'>Conc.</span> <span class='ocrx_word' id='word_1_311' title='bbox 451 3020 547 3056; x_wconf 88' lang='lat' dir='ltr'>Trid.</span> <span class='ocrx_word' id='word_1_312' title='bbox 598 3019 696 3057; x_wconf 83' lang='lat' dir='ltr'>sess.</span> <span class='ocrx_word' id='word_1_313' title='bbox 722 3019 856 3062; x_wconf 89' lang='lat' dir='ltr'>XXIV,</span> <span class='ocrx_word' id='word_1_314' title='bbox 884 3020 970 3065; x_wconf 86' lang='lat' dir='ltr'>Cap.</span> <span class='ocrx_word' id='word_1_315' title='bbox 997 3020 1029 3055; x_wconf 94' lang='lat' dir='ltr'>II</span> <span class='ocrx_word' id='word_1_316' title='bbox 1048 3020 1090 3055; x_wconf 80' lang='lat' dir='ltr'>de</span> <span class='ocrx_word' id='word_1_317' title='bbox 1108 3020 1290 3065; x_wconf 82' lang='lat' dir='ltr'>Reform.;</span> <span class='ocrx_word' id='word_1_318' title='bbox 1317 3019 1520 3056; x_wconf 65' lang='lat' dir='ltr'>FAGNANus</span> <span class='ocrx_word' id='word_1_319' title='bbox 1549 3019 1570 3056; x_wconf 89' lang='lat' dir='ltr'>l.</span> <span class='ocrx_word' id='word_1_320' title='bbox 1590 3030 1635 3062; x_wconf 89' lang='lat' dir='ltr'>c.,</span> <span class='ocrx_word' id='word_1_321' title='bbox 1662 3029 1698 3056; x_wconf 91' lang='lat' dir='ltr'>n.</span> <span class='ocrx_word' id='word_1_322' title='bbox 1726 3019 1782 3056; x_wconf 85' lang='lat'>54.</span> <span class='ocrx_word' id='word_1_323' title='bbox 1810 3019 1939 3055; x_wconf 64' lang='lat' dir='ltr'>Pm-mt</span> 
     </span>
     <span class='ocr_line' id='line_1_37' title="bbox 157 3089 470 3133; baseline -0.003 -7"><span class='ocrx_word' id='word_1_324' title='bbox 157 3089 226 3127; x_wconf 91' lang='lat' dir='ltr'>loc.</span> <span class='ocrx_word' id='word_1_325' title='bbox 253 3090 324 3133; x_wconf 67' lang='lat' dir='ltr'>cit„</span> <span class='ocrx_word' id='word_1_326' title='bbox 350 3100 387 3126; x_wconf 91' lang='lat' dir='ltr'>n.</span> <span class='ocrx_word' id='word_1_327' title='bbox 413 3090 470 3127; x_wconf 79' lang='lat'>45.</span> 
     </span>
    </p>
   </div>
  </div>
 </body>
</html>
