2176 3386
524 186 656 216 mni-:n
684 187 709 215 1.
739 187 796 215 DE
826 186 965 216 Ri-:Bus
994 186 1231 219 EchEslAE
1259 187 1587 217 srlm‘ruAusz
1874 178 1948 219 191

162 297 328 350 potest,
361 294 485 339 aliud
517 298 764 348 concurrat
795 296 916 355 quod
948 296 1005 341 ad
1033 296 1338 354 Apostolicam
1362 296 1523 340 Sedem
1555 295 1616 341 sit
1637 295 1949 353 deferendum

161 374 207 420 in
241 374 436 436 utroque
471 377 756 436 Apostolicae
789 378 915 425 Sedis
946 379 1228 436 dispensatio
1261 378 1526 438 requiritur.
1572 376 1579 384 '

283 459 411 504 1024.
447 461 486 516 c)
522 460 757 506 Indultum
790 463 1002 520 generale
1034 461 1329 521 dispensandi
1362 476 1387 506 a
1421 461 1561 507 certis
1603 461 1949 520 impedimentis

160 542 413 601 quamlibet
444 558 687 602 personam
721 548 768 590 et
790 546 1059 590 mandalum
1094 544 1388 603 dispensandi
1422 543 1687 590 nominatas
1710 557 1945 603 personas,

158 627 458 684 subdeleqari
487 631 660 687 nequit,
696 627 825 674 iuxta
859 633 1016 674 tamen
1051 643 1103 674 ea
1136 642 1253 688 quae
1286 641 1422 687 supra
1455 628 1575 674 dicta
1610 631 1733 674 sunt.

283 711 410 755 1025.
446 711 491 767 d)
530 712 740 757 Facultas
770 711 1063 770 dispensandi
1096 711 1153 755 ab
1191 711 1524 770 impedimento
1558 710 1843 756 matrimonii
1877 714 1947 756 est

160 794 286 838 tatae
319 796 745 851 interpretationis:
779 809 921 854 quare
959 809 998 839 e.
1040 810 1082 852 g.
1123 793 1346 852 delegatio
1388 794 1444 839 ad
1487 793 1848 853 dispensandum
1891 794 1948 838 ab

161 876 492 935 impedImento
524 877 648 921 tertii
682 877 846 935 gradus
879 877 1297 936 consanguinitatis
1331 878 1455 922 valet
1477 891 1557 935 pro
1579 881 1762 936 quarto,
1799 875 1945 921 indul-

158 963 258 1004 tum
294 960 528 1005 relaxandi
562 961 944 1019 impedimentum
979 961 1219 1006 affinitatis
1251 961 1401 1021 aliqua
1435 960 1713 1006 limitatione
1759 973 1946 1005 conces-

158 1054 260 1086 sum
285 1043 553 1087 extenditur
574 1044 630 1089 ad
653 1043 926 1090 affinitatem
951 1060 1008 1090 ex
1032 1046 1200 1102 copula
1224 1046 1352 1090 licita
1376 1046 1449 1090 vel
1473 1045 1639 1089 illicita
1658 1064 1672 1098 ,·
1708 1044 1770 1089 ita
1804 1043 1946 1088 etiam

159 1125 352 1170 facultas
384 1125 677 1185 dispensandi
711 1127 768 1172 ab
790 1126 1123 1186 impedimento
1150 1128 1388 1173 affinitatis
1421 1142 1478 1172 ex
1512 1128 1672 1186 copula
1699 1126 1841 1182 licita,
1867 1141 1945 1172 ex-

158 1207 364 1252 tenditur
395 1208 448 1252 ad
485 1208 868 1266 impedimentum
906 1210 1112 1268 publicae
1146 1210 1403 1256 honestatis
1434 1211 1555 1270 quod
1590 1210 1714 1255 illam
1754 1209 1945 1255 comita-

157 1295 254 1339 tur:
305 1292 444 1337 etiam
478 1292 672 1338 facultas
719 1293 924 1352 delegata
972 1294 1264 1352 dispensandi
1313 1294 1459 1353 quoad
1509 1293 1708 1351 aliquem
1753 1292 1944 1350 gradum

157 1376 571 1434 consanguinitatis
619 1391 698 1422 seu
745 1378 1013 1427 affinitatis,
1053 1378 1109 1423 ad
1157 1379 1348 1436 gradum
1397 1377 1612 1422 eumdem
1661 1377 1942 1435 duplicatum

158 1472 323 1516 nempe
356 1459 413 1502 al)
446 1463 640 1518 utroque
689 1465 879 1518 parente
912 1461 1264 1518 provenientem
1315 1459 1609 1517 extenditur3
1648 1459 1708 1504 ita
1751 1460 1945 1504 facultas

157 1554 374 1586 concessa
408 1542 699 1600 dispensandi
745 1556 881 1601 super
912 1544 1050 1602 gradu
1086 1543 1337 1602 superiore,
1373 1557 1590 1588 concessa
1624 1547 1842 1588 censetur
1879 1548 1944 1588 et·

158 1623 247 1668 iam
282 1637 419 1684 super
451 1626 690 1684 inferiore;
728 1628 922 1672 facultas
954 1628 1246 1685 dispensandi
1291 1630 1349 1672 ab
1390 1628 1736 1685 impedimentis
1772 1642 1943 1686 coyna-

157 1710 294 1752 tionis
342 1708 613 1767 intelligitur
659 1724 875 1755 concessa
919 1711 975 1755 ab
1018 1710 1362 1769 impedimentis
1410 1711 1607 1768 triplicis
1652 1714 1945 1769 coynationis

157 1793 411 1847 naturalis,
447 1794 625 1850 leyalis,
660 1795 937 1851 spiritualis.

280 1875 406 1921 1026.
443 1881 481 1934 e)
515 1877 724 1922 Facultas
755 1878 1048 1936 dispensandi
1082 1883 1152 1923 est
1182 1881 1371 1922 strictae
1403 1880 1807 1934 interpretationis
1834 1891 1944 1936 quo-

156 1958 243 2003 ties
276 1964 436 2004 contra
459 1959 813 2018 dispensationis
835 1964 1170 2006 concessionem
1195 1964 1318 2006 ratio
1352 1962 1538 2016 militat,
1567 1962 1639 2005 vel
1663 1960 1944 2018 dispensatio

156 2046 275 2087 esset
308 2043 457 2100 potius
489 2044 746 2100 dissipatio.
788 2048 852 2089 lta
889 2045 1082 2090 facultas
1115 2043 1409 2103 dispensandi
1442 2057 1578 2102 super
1609 2043 1943 2102 impedimento

152 2125 366 2181 publicae
387 2124 639 2171 honestatis
670 2142 724 2171 ex
746 2129 1036 2185 sponsalibus
1062 2142 1154 2172 non
1178 2128 1447 2172 extenditur
1470 2127 1534 2170 ad
1555 2127 1942 2183 impedimentum

151 2209 366 2265 publicae
389 2209 640 2255 honestatis
661 2226 717 2255 coe
740 2214 1043 2255 matrimonio
1067 2218 1195 2257 rato:
1232 2211 1294 2255 ita
1325 2225 1349 2255 a
1373 2211 1601 2268 gradihus
1631 2211 1940 2267 simplicibus,

156 2306 248 2338 non
284 2292 334 2337 fit
365 2294 576 2339 extensio
620 2295 683 2340 ad
722 2296 905 2352 yradus
944 2298 1130 2351 mixtos,
1167 2295 1229 2340 ita
1263 2294 1299 2339 si
1339 2294 1669 2354 praeiudicium
1711 2293 1835 2338 tertii
1875 2307 1942 2338 se-

153 2382 389 2437 queretur.

278 2461 404 2506 1027.
442 2461 488 2518 f)
524 2461 811 2520 Dispensatio
854 2463 950 2521 ipsa
987 2463 1055 2507 x‘el
1093 2463 1363 2507 mandatum
1407 2461 1701 2520 dispensandi
1740 2475 1828 2518 pro
1867 2462 1942 2504 de-

155 2546 420 2588 terminatis
456 2545 719 2589 oratoribus
750 2551 814 2589 est
834 2548 1022 2590 strictae
1044 2546 1462 2602 interpretationis,
1499 2557 1648 2602 neque
1683 2543 1851 2587 militat
1872 2556 1939 2586 ar—

156 2630 429 2682 gumentum
461 2640 486 2670 a
522 2626 685 2671 maiori
707 2629 762 2671 ad
786 2627 939 2672 minus
972 2628 1058 2672 nisi
1083 2642 1188 2672 cum
1225 2630 1378 2672 minus
1401 2627 1447 2671 in
1473 2625 1634 2671 maiori
1671 2624 1937 2669 includitur.

157 2713 205 2754 ln
240 2724 406 2768 genere
439 2710 654 2755 standum
689 2714 758 2755 est
789 2710 845 2756 ad
878 2724 1027 2767 casus,
1053 2724 1287 2769 personas,
1318 2711 1499 2769 gradus,
1526 2709 1676 2768 prouti
1706 2708 1753 2752 in
1776 2706 1942 2752 litteris

154 2792 453 2850 delegationis
484 2792 780 2852 indigitatur,
817 2794 904 2839 nisi
938 2795 992 2839 de
1025 2809 1079 2840 eo
1111 2800 1275 2852 agatur
1306 2794 1425 2853 quod
1474 2791 1856 2849 inseparabiliter
1888 2792 1940 2834 in

154 2879 379 2934 expressis
410 2878 605 2934 casibus,
638 2878 881 2935 yradibus,
918 2885 1003 2924 aut
1030 2881 1244 2936 personis
1265 2876 1693 2934 comprehenditur.
1730 2874 1942 2919 Facultas

153 2958 446 3017 dispensandi
481 2974 505 3004 a
540 2959 744 3018 pluribus
792 2959 1167 3019 impedimentIS,
1214 2959 1374 3004 eadem
1424 2957 1754 3016 impedimenta
1803 2956 1939 3002 simul

156 3043 284 3088 unita
317 3057 410 3089 non
440 3040 790 3102 comprehendit
825 3043 912 3089 nisi
946 3046 1032 3088 hoc
1066 3042 1370 3101 exprimatur.
1408 3045 1450 3087 S.
1472 3043 1523 3086 U.
1546 3046 1578 3087 I.
1608 3041 1659 3085 18
1676 3040 1784 3085 maii
1809 3041 1936 3085 1869.
