2176 3386
226 186 306 226 306
895 196 1006 225 PARS
1034 196 1078 225 11.
1114 196 1172 224 m:
1201 195 1340 225 uenus

351 306 479 350 ¹299.
517 304 774 349 Videndum
800 305 890 350 iam
924 309 994 349 est
1014 304 1244 364 quomodo
1267 303 1471 349 eiusdem
1503 303 1745 363 acquisitio
1776 303 2007 363 probetur.

226 392 324 442 Qua
358 388 412 432 de
438 402 484 432 re
509 387 620 432 haec
644 387 783 431 statui
819 391 1022 445 possunt.
1063 391 1109 432 [n
1134 400 1301 444 genere
1331 385 1492 431 iisdem
1518 386 1664 431 modis
1684 400 1787 431 eam
1812 387 2008 446 probari,

226 471 390 531 quibus
422 475 574 516 cetera
622 470 719 515 iura
764 471 1043 528 probantur;
1098 469 1143 513 in
1176 468 1327 527 specie
1373 474 1529 514 autem
1579 469 1821 529 probatur:
1872 475 1919 529 a)
1951 486 2009 517 ex
2051 466 2054 468 ’

227 555 543 614 multiplicatis
583 560 630 599 et
667 555 766 599 sine
815 552 1150 612 interruptione
1198 553 1482 598 continuatis
1530 554 2007 614 praesentationibus,

225 640 266 696 b)
299 653 358 684 ex
390 638 516 682 libris
549 636 888 693 visitationum,
925 637 996 682 vel
1031 636 1170 682 etiam
1196 651 1252 681 ex
1276 635 1420 681 literis
1453 635 1656 694 pluribus
1692 638 1781 692 (ex.
1808 651 1873 695 gr.
1899 637 2008 683 dua-

225 723 323 779 bus)
360 720 618 775 Ordinarii,
654 719 819 780 quibus
860 719 1083 764 eiusmodi
1116 718 1186 764 ius
1219 723 1489 777 patronatus
1535 719 1829 778 admittatur;
1875 723 1913 779 c)
1949 736 2009 767 ex

226 805 542 849 monumentis
588 803 823 862 antiquis,
859 802 1114 847 cuiusmodi
1156 806 1265 847 sunt
1302 802 1496 860 insignia
1545 803 1744 848 familiae
1787 803 2008 849 ecclesiae

226 889 299 933 vel
332 888 563 947 cappellae
595 887 761 941 affixa,
798 886 842 930 in
876 900 963 945 qua
997 891 1202 930 erectum
1246 890 1312 931 est
1346 885 1646 941 beneficium3
1698 887 1816 945 quod
1850 891 2006 931 tamen

224 972 430 1016 sufficere
466 970 543 1014 vix
593 970 895 1024 crediderim,
933 969 1018 1014 nisi
1052 983 1157 1014 cum
1206 969 1357 1028 aliquo
1391 969 1610 1015 exercitio
1654 970 1764 1016 iuris
1797 984 2007 1029 praesen-

225 1055 350 1099 tandi
386 1059 465 1098 aut
487 1054 588 1099 aliis
610 1053 902 1099 adminiculis
925 1053 1255 1111 coniungatur3
1291 1054 1336 1110 d)
1364 1067 1419 1098 ex
1449 1053 1734 1112 possessione
1766 1067 1846 1099 seu
1878 1055 2006 1114 quasi

225 1138 508 1197 possessione
542 1142 800 1182 ceterorum
837 1136 1003 1180 iurium
1039 1141 1176 1195 atque
1210 1135 1465 1190 honorum,
1499 1136 1663 1195 quibus
1705 1138 1884 1194 patroni
1918 1137 2006 1181 frui

223 1222 369 1265 solent
396 1221 425 1264 ¹.
464 1221 644 1264 Plenior
677 1219 925 1279 requiritur
959 1218 1181 1277 probatio,
1217 1219 1252 1263 si
1286 1219 1340 1263 de
1376 1220 1579 1277 personis
1610 1224 1788 1277 agatur,
1812 1234 1928 1279 quae
1951 1220 2007 1265 de

224 1304 522 1362 usurpatione
556 1309 793 1362 suspectae
829 1303 934 1348 sint.

980 1532 1159 1576 CAPUT
1192 1534 1245 1575 V.

524 1676 585 1711 DE
612 1674 756 1711 MODlS
784 1674 955 1717 QUIBUS
982 1674 1243 1710 AMITTITUR
1271 1674 1348 1712 IUS
1372 1674 1700 1711 PATRONATUS.

346 1792 472 1836 1500.
512 1791 631 1837 Modi
671 1791 834 1851 quibus
876 1792 945 1835 ius
984 1795 1252 1849 patronatus
1293 1791 1525 1836 amittitur
1565 1806 1619 1836 ex
1663 1791 1828 1850 triplici
1877 1793 2004 1836 fonte

220 1875 381 1920 deduci
434 1879 644 1932 possunt:
695 1889 752 1919 ex
788 1874 851 1918 rei
900 1874 1124 1930 interitu,
1161 1888 1218 1918 ex
1258 1874 1437 1932 patroni
1488 1875 1636 1930 facto,
1671 1889 1729 1919 ex
1764 1874 2002 1919 voluntate

222 1958 397 2002 Summi
435 1958 680 2003 l’ontiliciS.

344 2042 469 2085 1501.
511 2045 574 2085 Ex
610 2042 671 2085 rei
710 2041 896 2086 interitu
933 2040 1048 2099 perit
1080 2040 1149 2084 ius
1183 2045 1475 2099 patronatus:
1516 2042 1553 2094 1)
1582 2041 1752 2085 unione
1781 2040 2003 2085 ecclesiae

223 2125 294 2169 vel
330 2124 536 2169 beneficii
588 2124 816 2182 patronati
867 2139 971 2169 cum
1021 2124 1108 2170 alia
1145 2124 1335 2170 ecclesia
1371 2124 1443 2168 vel
1476 2123 1697 2168 beneficio
1734 2126 1804 2167 vel
1844 2137 2001 2167 mona-

219 2207 375 2261 sterio,
411 2207 446 2251 si
482 2208 593 2252 llaec
628 2209 747 2251 facta
781 2206 840 2252 sit
874 2209 1171 2266 permittente
1207 2214 1399 2266 patrono
1432 2212 1477 2252 et
1508 2207 1607 2251 sine
1640 2206 1751 2250 iuris
1791 2211 2001 2264 patrona·

220 2296 294 2335 tus
329 2290 642 2335 reservatione
669 2290 696 2333 2.
737 2290 881 2335 Ruina
915 2291 1135 2336 ecclesiae
1170 2290 1314 2347 totali,
1350 2295 1430 2335 aut
1461 2290 1580 2335 dotis
1611 2290 1818 2334 interitu.

343 2374 470 2418 1502.
509 2374 691 2417 Patroni
720 2375 909 2428 lactum,
936 2373 1056 2418 unde
1089 2372 1320 2417 amittitur
1343 2373 1411 2417 ius
1435 2377 1721 2432 patronatus,
1746 2374 1802 2416 ad
1836 2372 2000 2430 triplex

219 2470 363 2515 genus
386 2458 591 2502 revocari
619 2461 790 2515 potest:
816 2457 870 2501 ad
898 2458 1202 2514 voluntatem,
1228 2457 1284 2501 ad
1307 2457 1506 2515 culpam,
1531 2457 1587 2501 ad
1610 2455 1803 2500 crimen.
1846 2457 1883 2512 1)
1914 2458 1998 2499 Vo-

220 2541 397 2585 luntate
430 2540 661 2585 amittitur
693 2541 727 2585 si
765 2546 1015 2599 patronus:
1053 2541 1098 2598 a)
1132 2553 1214 2584 suo
1247 2553 1294 2585 se
1329 2539 1424 2584 iure
1458 2538 1727 2598 simpliciter
1751 2538 1932 2584 abdicet
1964 2539 1995 2595 ³..

219 2623 259 2677 b>
297 2623 338 2668 Si
375 2621 443 2667 ius
476 2637 608 2668 suum
643 2623 773 2668 alteri
809 2624 1049 2680 concedat,
1085 2622 1333 2667 dummodo
1367 2622 1410 2667 id
1444 2636 1536 2667 non
1562 2626 1720 2666 vetent
1743 2622 1864 2679 leges
1897 2622 1998 2665 fun·

214 2706 437 2761 dationis,
471 2707 700 2766 simulque
749 2707 937 2751 accedat
983 2719 1234 2751 consensus
1284 2705 1484 2764 Episcopi
1523 2705 1559 2750 si
1592 2709 1754 2763 agatur
1794 2704 1849 2749 de
1899 2702 1997 2749 iure

338 2928 347 2947 ¹
377 2928 727 2965 SchAchnucssEn
754 2927 821 2964 100.
848 2939 879 2964 0.

337 2999 350 3018 ’
376 3000 659 3038 Rau-ramum
688 3000 722 3036 h.
749 3004 772 3036 t.
801 3010 838 3035 n.
868 2999 946 3037 125.

336 3071 349 3091 ⁸
375 3071 461 3118 Cap.
489 3072 599 3109 unico
625 3072 670 3108 de
697 3072 776 3109 iure
802 3076 895 3118 patr.
925 3072 963 3108 in
988 3071 1021 3115 63
1049 3072 1331 3108 Baiarum-rum,
1357 3075 1394 3107 et
1420 3070 1768 3108 Scamnzonunmzn
1794 3069 1863 3106 loc.
1889 3069 1950 3107 cit·
