2176 3386
231 126 285 166 40
904 141 1015 170 PARS
1044 143 1086 171 11.
1119 143 1178 171 DE
1207 143 1346 172 nenos

233 259 414 306 quoque
447 250 494 291 et
525 247 696 293 nedum
730 249 1005 307 generatim,
1031 251 1108 295 sed
1142 250 1283 296 etiam
1317 264 1398 310 pro
1430 251 1636 310 singulis,
1669 252 1819 298 offerri
1849 256 2018 312 potest,

236 343 317 388 pro
349 331 593 376 animabus
639 332 922 390 purgatorii,
958 347 1039 391 pro
1078 333 1227 378 Beatis
1263 337 1493 392 quatenus
1534 338 1603 378 est
1639 334 2015 381 eucharisticum.

233 413 350 466 Quid
385 428 496 459 vero
528 415 582 459 de
615 415 884 461 acatholicis
915 417 1210 462 sentiendum
1244 418 1342 462 est‘?
1388 418 1597 462 Profecto
1628 417 1846 476 distingui
1884 418 2024 464 debet

235 495 359 540 inter
392 497 553 542 missas
587 512 665 556 pro
699 499 967 544 acatholicis
990 500 1112 545 vivis
1134 504 1181 545 et
1203 515 1283 558 pro
1316 500 1564 557 defunctis,
1589 505 1726 560 atque
1759 501 1880 546 inter
1913 501 2021 546 mis-

235 590 308 623 sas
343 579 545 637 privatas
578 585 625 625 et
657 581 887 626 solemnes
919 596 972 627 ac
1006 582 1223 641 publicas.
1272 583 1436 629 Missae
1483 582 1687 642 privatae
1722 598 1802 644 pro
1834 584 2021 630 acatho-

236 663 429 708 licorum
463 665 769 709 conversione
803 665 926 710 licite
961 666 1179 711 celebrari
1216 671 1423 725 possunt,
1449 667 1511 712 ita
1535 671 1692 712 tamen
1727 671 1778 711 ut
1810 667 2024 713 sacerdos

193 736 198 739 ⁸
236 747 419 806 quidem
473 749 673 793 fructum
710 747 911 793 medium
961 763 1040 807 pro
1073 749 1297 807 spirituali
1340 750 1582 795 acatholici
1626 750 1771 795 salute
1803 749 2018 811 applicet,

236 830 312 874 sed
349 830 565 888 prix-atim
599 832 844 877 dumtaxat
875 833 986 892 quin
1012 847 1181 878 nomen
1218 833 1337 878 illius
1369 833 1546 892 publice
1579 834 1837 889 denuntiet,
1864 848 1921 878 ne
1947 846 2023 878 ce-

235 912 321 956 teri
358 913 428 957 vel
462 915 729 959 scandalum
770 921 982 971 sumant,
1021 916 1092 960 vel
1126 916 1350 962 eiusmodi
1394 917 1678 962 sacerdotem
1717 916 1906 961 nomine
1940 919 2020 960 Ec-

237 996 401 1040 clesiae
434 1011 567 1054 agere
601 998 884 1043 existiment.
927 1003 1044 1044 Sane
1077 1000 1224 1058 quoad
1258 999 1576 1045 schismaticos
1611 999 1819 1058 (ideoque
1847 1003 1894 1043 et
1917 999 2024 1044 hae·

238 1079 421 1134 reticos)
459 1081 689 1138 proposito
722 1082 858 1127 dubio
893 1102 913 1123 a
940 1087 1096 1128 utrum
1142 1082 1281 1141 possit
1314 1088 1395 1127 aut
1425 1083 1588 1128 debeat
1620 1082 1839 1127 celebrari
1884 1082 2021 1127 missa

237 1176 290 1206 ac
325 1162 493 1221 percipi
527 1165 820 1223 eleemosyna
846 1180 925 1224 pro
948 1166 1454 1224 graeco-schismatico,
1478 1166 1554 1226 qui
1585 1166 1721 1211 enixe
1754 1171 1854 1211 oret
1884 1171 2025 1226 atque

239 1245 379 1290 instet
413 1251 461 1291 ut
497 1248 633 1293 missa
676 1250 930 1307 applicetur
972 1265 1051 1308 pro
1086 1251 1181 1309 ipso
1214 1250 1312 1295 sive
1346 1250 1391 1295 in
1426 1250 1617 1295 ecclesia
1650 1250 1889 1306 adstante,
1924 1249 2025 1295 sive

238 1334 369 1374 extra
404 1331 646 1376 ecclesiam
681 1337 900 1377 manente
929 1352 947 1371 η
985 1335 1107 1378 Sacr.
1147 1337 1275 1393 lnqn.
1312 1337 1475 1392 Congr.
1514 1334 1595 1378 fer.
1622 1336 1697 1389 IV,
1721 1333 1794 1378 die
1832 1334 1882 1378 19
1906 1334 2021 1392 apri-

237 1412 291 1457 lis
328 1414 455 1469 1857,
483 1414 745 1473 respondit:
785 1419 914 1460 iuxta
947 1417 1156 1475 exposita
1191 1431 1281 1461 non
1317 1416 1470 1472 licere,
1497 1416 1581 1461 nisi
1606 1420 1787 1462 constet
1808 1429 2026 1474 expresse

238 1497 583 1556 eleemosynam
609 1513 630 1542 a
657 1499 952 1545 schismatico
986 1500 1189 1558 praeberi
1225 1500 1281 1545 ad
1305 1499 1642 1559 impetrandam
1667 1499 2021 1545 conversionem

237 1584 293 1626 ad
330 1596 487 1627 veram
524 1582 676 1627 fidem.
714 1583 882 1628 Eadem
909 1598 1018 1628 vero
1051 1583 1122 1628 die
1156 1583 1400 1641 Gregorius
1425 1586 1519 1628 xvl
1554 1582 1879 1628 resolutionem
1903 1585 2026 1628 hanc

240 1665 466 1723 probavit.
506 1670 590 1710 Pro
624 1666 882 1711 infidelibus
916 1671 1067 1725 potest
1102 1666 1237 1712 missa
1271 1666 1503 1726 applicari.
1554 1670 1670 1712 Sane
1703 1666 1862 1711 eadem
1898 1670 2019 1712 Sacr.

237 1753 399 1807 Congr.
434 1750 506 1795 die
540 1751 589 1795 21
619 1750 714 1795 iulii
744 1751 854 1796 1865
889 1751 1119 1809 proposito
1155 1750 1293 1796 dubio
1330 1771 1348 1792 α
1375 1754 1532 1795 utrum
1556 1749 1692 1795 liceat
1714 1748 2027 1795 sacerdotibus

239 1833 424 1879 missam
469 1835 701 1879 celebrare
754 1849 833 1893 pro
867 1837 1118 1880 Turcarum
1153 1834 1440 1894 aliorumque
1472 1833 1724 1879 infidelium
1766 1832 2027 1877 intentione

239 1922 281 1963 el
316 1919 373 1962 ab
395 1917 450 1962 iis
473 1919 818 1976 eleemosynam
846 1932 924 1977 pro
950 1918 1114 1963 missae
1138 1917 1444 1977 applicatione
1477 1917 1682 1976 accipere
1709 1935 1728 1957 n
1766 1915 2021 1976 respondit:

240 2001 542 2057 Affirmative,
578 2002 829 2046 dummodo
862 2016 955 2047 non
989 2002 1107 2047 adsit
1139 2002 1406 2047 scandalum
1442 2005 1488 2046 et
1522 2000 1635 2045 nihil
1667 2000 1714 2045 in
1749 1999 1886 2045 missa
1925 2014 2024 2058 spe·

240 2084 416 2128 cialiter
438 2084 647 2139 addatur,
673 2089 720 2129 et
744 2084 893 2143 quoad
917 2083 1226 2129 intentionem
1252 2087 1433 2128 constet
1465 2083 1578 2128 nihil
1613 2082 1718 2128 mali
1746 2087 1826 2127 aul.
1857 2082 2027 2128 erroris

238 2171 318 2212 aut
340 2167 681 2225 superstitionis
704 2166 750 2211 in
776 2166 1035 2212 infidelibus
1058 2169 1400 2225 eleemosynam
1427 2166 1724 2211 offerentibus
1746 2167 1944 2211 subesse.
1964 2191 2021 2199 —-

242 2249 405 2295 Missae
439 2264 550 2295 vero
583 2251 812 2295 solemnes
844 2250 990 2295 solum
1017 2265 1096 2309 pro
1120 2250 1401 2309 principibus
1435 2249 1732 2308 regnantibus
1764 2249 2024 2294 concedun-

238 2337 315 2378 tur
347 2337 393 2377 οι
424 2333 609 2393 quidem
644 2347 697 2379 eo
730 2335 824 2379 solo
858 2337 1066 2392 respectu
1091 2333 1197 2393 quia
1231 2333 1347 2378 fiunt
1385 2347 1463 2391 pro
1497 2338 1718 2391 regnante
1752 2336 1798 2377 et
1830 2346 1909 2390 pro
1938 2332 2023 2377 rei-

240 2417 446 2476 publicae
471 2416 789 2476 prosperitate.
830 2420 929 2462 Non
955 2421 1106 2476 potest
1138 2421 1294 2461 autem
1330 2416 1467 2461 missa
1501 2415 1718 2461 solemnis
1750 2429 1830 2474 pro
1862 2414 2025 2459 defun-

239 2504 313 2545 cto
336 2499 592 2545 acatholico
617 2514 764 2560 neque
791 2514 869 2558 pro
892 2499 988 2558 ipso
1013 2499 1218 2558 principe
1241 2499 1411 2554 offerri,
1428 2498 1534 2559 quia
1558 2498 1762 2557 principe
1784 2498 2021 2553 defuncto,

239 2582 329 2627 iam
366 2598 458 2628 non
491 2583 688 2642 amplius
721 2597 801 2642 pro
845 2583 1128 2641 imperante,
1164 2582 1241 2627 sed
1276 2581 1459 2627 nonnisi
1502 2595 1583 2640 pro
1624 2581 1779 2626 anima
1816 2581 2022 2626 defuncti

240 2665 376 2710 missa
411 2665 630 2724 applicari
664 2669 837 2724 potest,
873 2665 992 2725 quod
1036 2678 1146 2710 sane
1189 2678 1282 2709 non
1321 2664 1452 2720 licet,
1486 2663 1659 2709 etenim
1706 2666 1890 2721 Gregor.
1925 2665 2022 2707 XVI

238 2761 314 2791 an.
355 2747 483 2804 1842,
519 2748 773 2793 declaravit
822 2767 841 2788 a
869 2747 1023 2793 Veteri
1056 2762 1109 2793 ac
1142 2762 1264 2793 nova
1300 2747 1527 2792 Ecclesiae
1563 2745 1802 2806 disciplina
1834 2745 2023 2790 interdi-

238 2833 364 2874 ctum
401 2835 485 2887 est,
523 2845 581 2876 ne
615 2831 826 2877 homines
861 2831 907 2876 in
942 2836 1135 2877 externa
1171 2831 1443 2891 notoriaque
1476 2831 1718 2875 haeresum
1743 2828 2025 2889 professione

237 2925 442 2970 defuncti
477 2925 716 2971 catholicis
749 2925 914 2971 ritibus
950 2927 1238 2972 honorentur
1262 2944 1300 2971 n.

2119 2783 2146 3054 κακὲ-ω,
