2176 3386
1241 0 1337 12 ‘w‘
1366 0 1710 41 *saw-,³⁵55

267 163 321 203 84
940 171 1049 200 PARS
1078 171 1118 199 ιι.
1155 171 1211 199 DE
1242 169 1380 199 aeuus

387 280 487 325 771.
520 279 676 334 Quoad
709 278 961 332 clausulas,
996 273 1113 335 quae
1147 276 1191 321 in
1229 275 1622 333 indulgentiarum
1657 275 1888 333 rescriptis
1919 274 2049 320 inve-

270 362 484 418 niuntur,
520 362 715 406 sufficiat
750 365 931 406 notasse
962 361 1081 420 quod
1120 360 1255 404 xerba
1293 379 1312 400 α
1338 358 1413 418 qui
1448 372 1558 403 vere
1591 358 1907 416 poenitentes,
1942 371 2049 402 con·

269 446 373 490 fessi
406 450 452 489 et
485 447 619 490 Sacra
652 443 987 490 communione
1023 442 1178 487 refecti
1213 443 1452 487 ecclesiam
1488 441 1784 487 visitaverint
1808 460 1827 480 n
1863 441 2048 500 quaein

268 528 662 587 Indulgentiarum
698 528 861 572 litteris
894 526 1034 570 inseri
1067 526 1240 580 solent,
1286 526 1480 583 exigunt
1513 529 1563 569 ut
1595 523 1820 569 confessio
1858 524 2050 568 omnino

270 595 512 668 peragatur
543 610 682 654 etiam
717 609 774 654 ab
805 609 874 664 iis,
910 609 986 668 qui
1017 609 1182 652 nullius
1214 607 1298 652 sibi
1332 606 1511 652 lethalis
1543 607 1702 664 culpae
1735 604 1907 650 conscii
1939 605 2047 650 sint,

270 697 424 737 Potest
459 707 567 737 vero
599 692 826 736 confessio
859 692 1119 746 dumtaxat,
1154 695 1235 734 aut
1256 689 1482 734 confessio
1510 694 1557 733 et
1579 687 1862 743 communio,
1901 687 2049 745 peragi

268 776 341 821 die
374 776 451 835 qui
486 775 751 820 immediate
797 774 1026 833 praeeedit
1058 778 1328 833 sequentem
1375 787 1453 831 pro
1485 785 1573 831 qua
1607 784 1822 816 concessa
1858 770 1943 814 fuit
1984 770 2051 814 in-

269 859 519 917 dulgentia,
554 872 843 918 quacumque
876 857 930 902 de
953 871 1089 901 causa
1115 858 1144 901 ¹.
1186 856 1452 914 Apostolicis
1477 854 1867 910 Indulgentiarum
1890 854 2053 898 litteris

269 943 383 987 solet
417 943 529 986 baec
563 942 763 987 clausula
798 942 989 999 apponi:
1045 960 1063 980 ιι
1094 941 1312 984 Volumus
1343 944 1498 983 autem
1546 942 1595 981 ut
1627 937 1664 982 si
1697 937 1808 981 alias
1839 935 2049 981 christifi-

270 1027 446 1071 delibus
478 1026 649 1070 dietam
683 1025 923 1070 eeclesiam
964 1023 1166 1083 quolibet
1198 1022 1307 1066 anui
1341 1021 1413 1066 die
1449 1020 1742 1065 visitantibus
1783 1019 1932 1078 aliqua
1966 1018 2051 1063 alia

276 1108 559 1166 indulgentia
594 1113 829 1166 perpetua,
857 1107 929 1151 vel
953 1107 1006 1150 ad
1031 1109 1213 1163 tempus
1238 1104 1443 1148 nondum
1467 1103 1670 1161 elapsum
1694 1102 1911 1146 duratura
1946 1115 2052 1145 con-

268 1205 397 1237 cessa
433 1192 586 1246 fuerit,
625 1194 887 1249 praesentes
919 1189 1099 1234 litterae
1135 1189 1285 1232 nullae
1318 1187 1410 1230 sint
1436 1204 1472 1230 v.
1518 1190 1637 1230 Haec
1670 1185 1870 1229 clausula
1906 1197 2053 1242 neque

268 1278 325 1321 ad
362 1276 650 1335 privilegium
683 1274 839 1319 altaris
874 1288 951 1331 pro
984 1271 1214 1317 defunctis
1248 1272 1460 1325 refertur,
1498 1283 1644 1328 neque
1667 1268 1723 1314 ad
1748 1267 2053 1325 indulgentias

270 1374 510 1406 concessas
542 1360 679 1404 certis
714 1372 1010 1416 personarum
1045 1355 1265 1411 coetibuS,
1291 1358 1371 1399 aut
1402 1353 1723 1412 peragentibus
1755 1356 1880 1397 certa
1904 1365 1957 1396 ac
1978 1351 2052 1395 de—

272 1444 401 1488 finita
438 1443 506 1501 pia
542 1457 677 1501 opera
714 1442 757 1485 in
793 1440 983 1485 ecclesia
1021 1440 1091 1484 vel
1114 1438 1263 1493 altari,
1289 1438 1343 1481 de
1366 1437 1530 1496 quibus
1553 1435 1827 1494 apostolicae
1851 1434 2051 1490 litterae;
2099 1451 2103 1454 ’

270 1541 375 1572 ’ωιτη
413 1526 481 1570 bis
504 1526 628 1570 euim
653 1524 866 1569 omnibus
898 1522 1109 1568 consistit
1131 1522 1202 1566 vis
1227 1535 1375 1565 novae
1399 1518 1724 1573 concessionis,
1759 1517 2051 1576 quemadmo-

270 1610 379 1653 dum
414 1623 466 1653 ea
499 1606 710 1652 consistit
742 1619 848 1650 cum
883 1604 1178 1663 indulgentiis
1210 1603 1462 1649 stationum
1498 1600 1627 1646 Urbis
1659 1605 1706 1644 et
1737 1604 1911 1658 septem
1945 1600 2055 1643 alta-

275 1694 394 1737 rium
432 1692 578 1736 instar
610 1695 784 1748 septem
818 1689 1032 1734 altarium
1071 1687 1284 1732 Basilicae
1321 1686 1570 1731 vaticanae
1601 1683 1830 1730 concessis
1872 1687 1917 1727 et
1949 1696 2054 1727 eum

275 1774 569 1832 indulgentiis
601 1766 717 1833 quae
751 1787 830 1829 pro
865 1771 1000 1816 unica
1036 1773 1136 1815 vice
1170 1770 1503 1815 conceduntur.

395 1861 493 1903 772.
532 1861 745 1904 Ceterum
796 1857 956 1901 eodem
995 1855 1067 1899 die
1111 1854 1274 1898 lucrari
1322 1857 1512 1912 possunt
1556 1852 1706 1910 plures
1747 1849 2057 1907 indulgentiae

276 1943 505 2002 plenariae
544 1942 726 2001 quando
769 1955 847 1998 pro
882 1952 1156 1998 unaquaque
1188 1936 1465 1996 praescripta
1500 1940 1569 1980 est
1611 1933 1841 1992 perceptio
1874 1932 2058 1976 divinae

278 2025 608 2079 Eucharistiae,
629 2023 825 2069 servatis
849 2028 1002 2067 tamen
1023 2021 1279 2079 respective
1302 2019 1402 2065 aliis
1424 2018 1642 2077 appositis
1665 2015 2004 2062 conditionibus
2022 2014 2054 2059 ².

277 2113 467 2168 Insuper
499 2108 780 2153 declaratum
815 2111 883 2151 est
925 2106 1261 2150 confessionem
1311 2108 1627 2162 praeterquam
1663 2115 1743 2159 pro
1777 2099 2058 2157 indulgentia

269 2193 321 2235 ‘in
358 2193 504 2236 l'orma
542 2191 748 2249 iubilaeik,
787 2188 1091 2234 neeessariam
1137 2187 1189 2231 iis
1224 2200 1316 2232 non
1349 2200 1446 2230 esse
1479 2187 1555 2245 qui
1590 2184 1819 2244 frequenti
1855 2186 2059 2242 peceato-

277 2289 378 2319 rum
414 2274 702 2320 confessione
731 2273 939 2317 animum
974 2271 1213 2316 studentes
1236 2270 1440 2328 expiare,
1475 2267 1616 2313 semel
1638 2268 1800 2312 saltem
1825 2267 1869 2310 in
1896 2265 2059 2310 hebdo-

266 2358 414 2402 ‘mada
447 2344 877 2402 adssacramentum
914 2354 1224 2412 poenitentiae
1257 2353 1500 2407 accedere,
1547 2351 1633 2395 nisi
1680 2350 1881 2408 legitime
1922 2349 2060 2406 impe-

276 2440 479 2495 diantur,
514 2432 860 2485 consueverunt
895 2443 940 2482 et
973 2437 1142 2482 nullius
1175 2436 1354 2481 lethalis
1376 2437 1535 2494 eulpae
1567 2449 1592 2479 a
1616 2448 1662 2479 se
1695 2439 1795 2492 post
1829 2437 2059 2492 peractam

273 2519 493 2567 'ultimam'
521 2510 864 2567 ‘confessionem
900 2516 1172 2565 commisSae
1205 2519 1288 2563 sibi
1312 2518 1483 2564 conscii
1506 2522 1615 2563 sunt
1636 2518 1666 2562 ³.
1705 2517 1768 2562 Ad
1799 2517 1928 2572 haec,
1954 2512 2059 2560 cum

279 2599 539 2666 quaesitum
575 2605 736 2650 fuisset
772 2606 810 2663 l)
841 2608 994 2649 utrum
1029 2603 1255 2648 confessio
1290 2603 1566 2662 praescripta
1597 2615 1684 2658 per
1714 2601 1930 2659 amq-alas
1961 2599 2062 2643 heb-

279 2691 508 2735 domada>-
539 2689 691 2748 peragi
724 2690 858 2734 debet
891 2689 1010 2733 infra
1043 2692 1218 2746 septem
1245 2687 1315 2731 vel
1352 2685 1499 2746 potius
1524 2686 1643 2730 infra
1666 2690 1770 2730 octo
1792 2683 1903 2741 dies,
1938 2685 1980 2742 2)
2002 2697 2060 2728 an

2132 2538 2152 2594 ἰη’
2138 2443 2148 2482 t·-
2144 2381 2150 2387 ι
2142 2148 2152 2227 ,Α.-»

2164 2390 2176 2640 ——-.....-
2168 2292 2176 2321 ι.
2171 2213 2176 2253 ..
2160 2115 2176 2131 ,¹

402 2903 407 2920 ¹
439 2903 473 2938 S.
501 2903 538 2937 (3.
568 2901 711 2946 Indulg.
739 2900 760 2936 6
787 2904 855 2935 oet.
886 2898 986 2935 1870.

401 2973 412 2990 ²
440 2973 473 3009 S.
501 2972 537 3009 C.
566 2971 709 3017 Indulg.
740 2972 775 3006 in
804 2971 963 3006 Briocen.
990 2969 1035 3005 29
1062 2969 1147 3005 maii
1177 2969 1282 3005 1841.
1307 2968 1454 3004 Collect.
1482 2977 1516 3003 n.
1551 2967 1654 3004 1057.

402 3045 413 3063 ²³
441 3045 474 3080 s
503 3045 538 3081 c.
570 3043 711 3089 Indulg.
737 3042 759 3078 9
788 3043 866 3079 deo.
898 3041 1001 3078 1765.
1027 3035 1180 3078 eonem.
1211 3040 1313 3077 1051.
1586 3029 1589 3031 ’
