2176 3386
795 183 926 215 Lmen
953 187 978 215 1.
1013 186 1071 215 DE
1099 184 1292 215 cmmcls
1856 175 1937 215 385

155 309 304 352 senes,
337 294 414 354 qui
449 296 688 354 nequeunt
724 294 824 338 sine
865 293 993 352 gravi
1033 291 1328 338 incommodo
1373 292 1565 337 chorum
1599 292 1750 349 adire,
1786 293 1860 338 vel
1893 291 1935 338 ei

154 380 391 425 interesse.
427 380 469 434 2)
495 378 580 433 Qui
615 377 917 437 prohibentur
952 376 1068 422 citra
1102 389 1231 421 suam
1265 376 1447 435 culpam
1477 359 1667 422 chorum
1692 375 1835 432 adire,
1860 377 1936 422 vel

155 477 246 508 non
296 460 468 507 adeunt
512 461 570 506 ob
616 460 828 506 timorem
868 460 1112 505 cuiuslibet
1148 458 1307 504 damni
1349 459 1517 517 gravis.
1565 460 1607 516 3)
1643 460 1729 514 Qui
1768 460 1937 505 absunt

155 549 340 604 propter
360 544 600 590 servitium
639 543 865 589 Ecclesiae
898 557 1022 588 suae.
1065 548 1162 588 Huc
1196 544 1431 602 pertinent
1464 544 1680 590 Canonici
1714 545 1790 604 qui
1825 546 1936 590 assi-

154 630 284 673 stunt
318 627 535 686 Episcopo
566 626 838 685 episcopalia
873 626 1110 671 exercenti
1142 627 1212 671 x‘el
1235 626 1467 672 assistenti
1501 641 1606 672 cum
1641 641 1801 686 cappa,
1837 630 1935 674 sive

155 710 201 754 in
245 709 448 755 ecclesiis
489 709 692 754 civitatis
733 713 814 754 aut
850 709 1171 753 suburbiorum
1205 709 1289 754 sibi
1322 710 1555 766 subiectis,
1591 711 1690 756 sive
1722 712 1933 758 concioni

156 795 201 839 in
235 794 424 839 ecclesia
458 807 536 838 sua
572 792 839 847 cathedrali,
874 792 1041 852 quique
1071 807 1175 837 eum
1210 793 1519 850 comitantur;
1555 807 1609 839 ac
1641 795 1828 840 demum
1863 796 1936 840 vel

153 877 229 937 qui
262 878 319 922 ab
350 891 403 922 eo
438 877 639 922 mittitur
672 878 744 921 vel
778 891 883 922 eum
917 877 1167 922 comitatur
1198 877 1254 921 ad
1290 877 1484 933 Limina,
1521 892 1612 922 non
1650 892 1760 923 vero
1789 879 1844 923 ad
1869 879 1934 923 vi-

153 960 417 1006 sitationem
447 960 665 1005 dioecesis
689 962 716 1005 ¹.
751 965 984 1020 Quotquot
1007 965 1161 1005 autem
1192 967 1455 1018 praesentes
1489 962 1717 1006 habentur
1750 962 1935 1007 fictione

155 1045 289 1099 iuris,
328 1044 481 1088 verius
525 1045 802 1103 participant
840 1045 978 1088 etiam
1025 1043 1253 1089 fallentias
1291 1045 1553 1089 absentium
1593 1059 1706 1105 quas
1746 1049 1932 1101 vocant,

154 1129 341 1187 perinde
380 1143 433 1173 ac
472 1127 499 1171 ii
533 1128 610 1187 qui
642 1133 749 1173 sunt
784 1133 1046 1187 praesentes
1080 1129 1225 1188 reipsa
1251 1128 1282 1173 ².
1323 1130 1365 1185 4)
1392 1128 1651 1174 Canonicus
1684 1129 1936 1186 'theologus

153 1217 198 1256 et
232 1212 616 1258 poenitentiarius
650 1218 699 1256 ut
733 1212 850 1257 infra
875 1212 1096 1257 dicemus.
1138 1216 1329 1257 Demum
1353 1213 1612 1258 Canonicus
1637 1214 1709 1258 vel
1731 1213 1936 1273 quisquis

153 1295 268 1339 alius
297 1296 351 1338 de
377 1294 551 1352 gremio
574 1295 784 1354 Capituli,
811 1295 883 1340 cui
917 1295 1178 1340 animarum
1213 1310 1320 1340 cura
1356 1297 1585 1352 imminet,
1611 1297 1718 1341 dum
1747 1298 1933 1342 Parochi

152 1380 299 1423 officio
344 1380 566 1437 fungitur,
602 1379 636 1423 si
671 1379 884 1438 parochia
918 1379 1120 1424 excitata
1154 1380 1212 1423 sit
1245 1379 1290 1424 in
1326 1380 1420 1438 ipsa
1453 1380 1703 1424 cathedrali
1741 1382 1813 1425 vel
1846 1381 1935 1426 col-

151 1461 315 1521 legiata
350 1463 380 1507 ³.

271 1547 427 1600 Quoad
461 1546 806 1592 distributiones
840 1546 960 1591 inter
995 1552 1257 1605 praesentes
1290 1548 1571 1593 consulenda
1611 1554 1719 1592 sunt
1761 1553 1934 1593 statuta

153 1631 421 1689 capitularia
469 1632 539 1676 vel
588 1631 946 1676 consuetudines
979 1633 1008 1676 ³⁴.
1064 1632 1143 1676 His
1185 1632 1538 1688 deficientibus,
1594 1632 1932 1691 inspiciendum

152 1716 307 1757 utrum
342 1713 686 1758 distributiones
720 1714 979 1758 huiusmodi
1012 1714 1104 1758 sint
1136 1719 1289 1759 certae
1323 1729 1376 1759 ac
1410 1715 1546 1770 fixae,
1574 1716 1639 1759 uti
1664 1717 1828 1774 legata,
1853 1730 1933 1761 an-

153 1795 406 1840 niversaria
438 1800 548 1852 etc.‚
591 1811 649 1841 an
694 1796 898 1842 incertae
930 1811 983 1841 ac
1018 1797 1251 1852 fortuitae,
1289 1802 1339 1842 ut
1371 1813 1487 1858 quae
1521 1799 1690 1843 dantur
1724 1800 1768 1844 in
1805 1800 1935 1845 iustis

154 1879 384 1923 funerum.
423 1880 526 1924 Illae
561 1880 828 1940 plerumque
871 1881 1151 1940 quotidianis
1192 1881 1577 1940 aequiparantur,
1624 1882 1816 1942 ideoque
1858 1898 1935 1928 eas

139 1959 357 2027 'lucratur
387 1960 593 2020 quisquis
626 1962 810 2007 fictione
846 1963 955 2007 iuris
990 1965 1183 2008 habetur
1217 1970 1267 2008 ut
1302 1979 1515 2023 praesens
1559 1966 1603 2010 in
1651 1967 1816 2025 choro3
1856 1968 1934 2012 has

153 2057 245 2088 non
279 2043 405 2089 item.
444 2046 541 2090 Uno
576 2047 715 2090 verbo
749 2047 961 2092 absentes
1004 2048 1188 2093 fictione
1234 2049 1343 2093 iuris
1387 2050 1734 2095 distributiones
1782 2051 1934 2096 buius-

153 2127 273 2171 modi
306 2128 562 2185 lucrantur,
598 2130 846 2174 dummodo
872 2145 964 2176 non
988 2131 1138 2176 obstet
1163 2133 1379 2177 voluntas
1405 2135 1638 2178 testatoris
1662 2136 1732 2179 vel
1762 2136 1930 2180 dantis.

270 2212 371 2258 489.
408 2219 534 2258 Onus
566 2215 806 2259 assistendi
832 2216 971 2260 choro
994 2222 1141 2260 cessat
1166 2216 1448 2262 iubilationis
1473 2218 1665 2272 indulto,
1691 2221 1810 2278 quod
1837 2225 1935 2277 post

151 2308 297 2340 annos
328 2297 386 2340 40
418 2297 614 2342 choralis
645 2297 821 2342 servitii
855 2298 1143 2343 laudabiliter
1175 2299 1398 2358 praestiti,
1436 2300 1482 2345 in
1515 2301 1709 2346 diversis
1733 2302 1837 2348 licet
1862 2317 1932 2348 ec-

152 2378 298 2423 clesiis
331 2384 376 2424 et
408 2380 620 2436 gradibus
651 2381 971 2438 beneficiariis,
1007 2383 1276 2427 conceditur
1311 2384 1356 2427 in
1392 2385 1648 2442 praemium
1691 2390 1737 2429 et
1782 2400 1930 2430 remu-

152 2461 440 2507 nerationem
466 2463 494 2507 ⁵.
534 2467 749 2509 Attamen
783 2465 975 2523 Capituli
1008 2465 1256 2523 dignitates
1288 2482 1368 2525 per
1392 2467 1619 2513 indultum
1651 2469 1932 2515 iubilationis

153 2559 245 2590 non
278 2546 549 2591 eximuntur
579 2547 636 2592 ab
669 2547 722 2592 iis
756 2548 1059 2605 peculiaribus
1084 2550 1398 2595 functionibus
1422 2552 1706 2609 peragendis,
1732 2566 1849 2611 quae
1872 2567 1929 2597 ex

270 2776 279 2795 ²
309 2777 445 2813 Bened.
474 2778 570 2822 XIV,
597 2778 682 2814 Inst.
710 2779 782 2823 cit.,
811 2789 842 2814 n.
873 2779 931 2816 59.

269 2849 281 2866 ²
310 2849 345 2884 S.
370 2849 505 2891 congr.
534 2850 646 2885 Conc.
678 2851 714 2886 in
742 2851 912 2887 Antlrien.
940 2851 984 2887 25
1014 2852 1108 2897 Aug.
1143 2852 1248 2888 1876.

270 2918 284 2937 ³
310 2919 345 2955 S.
375 2919 462 2956 Pius
488 2920 532 2962 V,
559 2920 683 2957 Const.
712 2921 899 2967 Cupientes
928 2922 1035 2966 15683
1064 2923 1101 2959 S.
1130 2923 1265 2967 Congr.
1286 2924 1395 2959 Cone.
1417 2923 1486 2960 loc.
1516 2924 1579 2959 cit.

269 2989 283 3009 '⁸
310 2990 345 3026 S.
373 2990 508 3036 congr.
527 2991 638 3027 Conc.
660 2992 675 3027 1
699 2992 816 3028 Martii
841 2993 950 3037 1761;
980 2995 1071 3030 Acta
1089 2994 1123 3030 S.
1145 2993 1248 3030 Sedis
1269 2994 1342 3030 vol.
1365 2993 1391 3039 Ι,
1411 3004 1444 3040 p.
1463 2993 1546 3031 ⁹287.

269 3061 282 3080 ³
309 3061 473 3098 Gancms
499 3063 540 3098 de
558 3063 677 3109 Renes.
701 3073 735 3109 p.
757 3063 789 3106 3,
809 3073 890 3110 cap.
911 3064 944 3100 2.

274 3150 588 3183 erELm-Somssffl.
1767 3156 1807 3187 25
