2176 3386
533 189 661 219 LIBER
690 189 717 217 Ι.
749 188 805 216 DE
835 187 973 217 REBUS
1002 186 1236 216 ECCLESIAE
1265 185 1593 215 SPIRITUALIBUS
1904 173 1965 214 63

167 300 210 343 si
242 297 380 343 nulla
412 296 557 341 velint
575 308 663 352 per
693 295 997 351 interpretem
1030 292 1258 351 confiteri,
1293 291 1611 350 confiteantur
1628 304 1716 348 per
1741 292 1882 348 siqna
1915 297 1964 336 et.

171 388 315 427 nutas
346 383 477 425 omni
508 379 692 423 meliori
715 378 860 433 modo,
885 379 1002 422 sicat
1033 377 1084 436 fit
1115 390 1221 420 cam
1257 378 1424 420 mutis.-
1460 375 1539 435 sed
1562 373 1856 420 Mtsstonarii
1878 389 1955 419 eu-

168 471 274 510 rent
305 464 545 510 addiscere
576 477 632 507 ex
665 459 951 520 unaquaque
982 461 1152 518 linqua
1186 460 1248 504 tbi
1283 456 1455 512 usuali,
1490 459 1574 503 itta
1602 471 1763 516 pauca
1796 458 1958 508 verba,

167 562 287 608 quae
316 553 427 592 sant
458 546 723 590 necessaria
757 544 820 588 ad
850 542 1134 600 explicanda
1165 545 1430 599 praecipua
1459 547 1653 599 peccata
1681 547 1848 587 contra
1876 544 1959 586 De·-

166 632 399 688 caloqmn,
435 635 476 674 et
507 634 674 674 contra
710 630 916 687 quinque
946 631 1197 684 praecepta
1236 626 1477 670 Ecclesiae.

286 713 386 757 725.
423 716 535 758 Cum
571 712 787 769 ignorans
818 709 1088 755 Confessarii
1127 708 1293 753 idioma
1328 713 1494 753 renuat
1527 707 1736 759 confiteri
1774 723 1854 768 per
1886 708 1959 754 in·

168 801 441 854 terpretcm,
479 799 604 853 petat
639 808 747 838 xero
780 808 803 837 a
840 791 1140 839 Missiouariis
1184 796 1478 850 peccatorum
1523 791 1859 839 absolutionem
1895 792 1954 836 ob

167 879 502 925 confessionem
553 878 741 923 nutibus
773 882 819 923 et
851 877 990 935 signis
1038 877 1283 921 dumtaxat
1331 876 1501 920 factam
1539 876 1610 920 vel
1660 875 1952 931 faciendam,

165 963 339 1008 absolvi
375 962 498 1007 licite
533 966 705 1020 potest,
742 965 790 1004 ut
824 959 1033 1018 'theologi
1069 959 1262 1014 docent,
1298 964 1344 1003 et
1376 963 1427 1003 ut
1459 973 1517 1003 ex
1552 958 1779 1004 solutione
1830 961 1955 1017 patet

166 1045 288 1091 dubii
337 1046 456 1106 quod
503 1045 737 1104 sequitur:
782 1047 944 1088 Utrum
985 1046 1034 1088 in
1070 1043 1336 1101 reytontbas
1385 1044 1655 1102 lonytnqaz's
1701 1042 1961 1088 catholicus·

167 1130 325 1174 mattis
357 1131 500 1173 annis
535 1127 836 1186 inconfessus,
861 1133 901 1171 et
932 1129 1080 1184 signis
1113 1127 1363 1172 dumtaxat
1385 1127 1435 1170 ob
1458 1126 1687 1184 defectum
1717 1127 1961 1171 idiomatis·

160 1219 320 1270 petens
367 1214 698 1259 absolutionem
746 1218 1073 1270 peccato-rum,
1108 1214 1244 1268 possit
1291 1212 1464 1255 absolvi
1495 1212 1663 1270 absque
1694 1226 1776 1269 ope
1808 1214 1951 1256 inter-

160 1298 335 1353 pretis?
372 1296 467 1340 urhi
502 1299 813 1355 approbarunt
846 1301 949 1341 ‘uota
987 1299 1076 1340 ΡΙ).
1116 1294 1464 1353 Tlteoloyormn,
1491 1295 1713 1342 videlicet,
1745 1309 1837 1339 non
1860 1309 1958 1339 esse

165 1392 279 1435 opas
322 1382 572 1437 interprete
604 1382 650 1424 in
688 1394 798 1424 casa
829 1382 1087 1436 proposito,
1121 1381 1238 1422 sicat
1270 1381 1410 1423 ettam
1451 1393 1580 1436 posse
1612 1385 1653 1423 et
1685 1379 1846 1423 debere
1880 1380 1954 1423 ab·

162 1462 435 1505 solutionem
465 1468 763 1519 peccatoram
790 1464 1026 1519 impertiri
1049 1461 1283 1506 exhibenti
1312 1464 1467 1518 signa,
1493 1476 1613 1520 qaae
1632 1467 1790 1519 potest,
1816 1462 1950 1505 danz-

164 1545 295 1588 modo
326 1545 571 1604 sufficiant
604 1546 667 1590 act
699 1546 1059 1602 exprimendam
1098 1545 1288 1603 aliquod
1317 1551 1559 1602 peccatum
1594 1548 1644 1589 in
1676 1548 1838 1602 specie.
1896 1549 1947 1589 ln

162 1641 273 1673 casa
306 1643 427 1683 vero,
463 1644 550 1687 qno
583 1632 684 1690 (Lais
717 1636 909 1674 conetnr
931 1635 1163 1688 quantum
1196 1634 1350 1685 potest,
1380 1628 1591 1673 eaeltibere
1622 1631 1763 1686 siyna
1787 1642 1948 1686 pecea-

162 1718 314 1756 tormn
350 1715 400 1756 tn
431 1715 591 1770 specie,
631 1719 826 1771 nequeat
861 1719 1013 1757 autern
1049 1715 1241 1757 omnino
1274 1713 1491 1770 2'ntell‘t'92',
1519 1714 1693 1758 absolvi
1715 1728 1843 1771 posse
1862 1729 1956 1772 per*

158 1796 306 1841 solam
341 1796 771 1853 n‘tanisestationcm
803 1802 1099 1853 peccatorum
1134 1798 1184 1840 tn
1218 1810 1389 1853 ‚qenere
1415 1796 1444 1840 ².

311 1880 412 1924 724.
438 1873 593 1933 =Quoad
620 1879 806 1924 modum
835 1894 943 1924 vero
970 1878 1228 1938 excipiendi
1253 1880 1580 1935 confessiones,
1608 1881 1719 1929 baec
1744 1881 1949 1925 notanda

161 1969 282 2008 suut.
318 1964 470 2008 Solent
504 1964 815 2008 confessiones
848 1964 1221 2018 sacramentales,
1257 1967 1447 2021 excepta
1484 1963 1767 2008 infirmitatis
1789 1978 1944 2019 causa,

161 2047 306 2091 audiri
343 2047 387 2091 in
422 2047 626 2092 ecclesiis
658 2051 704 2091 et
735 2047 919 2106 quidem
956 2046 1000 2091 in
1036 2045 1219 2090 sedibus
1250 2047 1305 2090 ad
1342 2046 1382 2090 id
1416 2045 1696 2091 constitutis.
1742 2051 1803 2091 De
1837 2061 1945 2092 con·

162 2131 432 2176 sessionibus
479 2131 756 2175 feminarum
809 2130 1117 2189 praecipitur,
1156 2144 1211 2174 ne
1256 2129 1505 2174 audiantur
1546 2129 1684 2185 alibi,
1719 2144 1857 2189 quam
1899 2131 1947 2174 in

162 2214 344 2272 templis
366 2219 445 2258 aut
469 2214 658 2273 publicis
681 2214 906 2268 oratoriis,
938 2228 1189 2272 numquam
1216 2228 1326 2258 vero
1361 2213 1405 2258 in
1435 2213 1661 2270 sacrariis,
1688 2228 1943 2271 numquam

161 2297 206 2341 in
241 2311 398 2342 carum
436 2299 506 2342 vel
540 2299 732 2342 aliorum
768 2297 994 2352 domibus,
1031 2297 1118 2342 nisi
1154 2297 1437 2342 infirmitatis
1469 2311 1592 2342 casu.
1631 2300 1768 2342 Porro
1791 2297 1838 2342 in
1873 2312 1943 2343 ec-

160 2381 309 2426 clesiis
341 2385 387 2426 et
418 2380 628 2425 oratoriis
660 2380 908 2425 audiantur
950 2380 995 2425 in
1039 2381 1144 2425 sede
1192 2379 1542 2435 confessionali,
1577 2393 1693 2438 quae
1734 2380 1949 2439 qualibus

160 2464 360 2508 cratibus
393 2464 598 2508 munitae
640 2477 737 2508 esse
781 2463 1002 2520 debeant,
1037 2463 1305 2508 discendum
1346 2477 1404 2507 ex
1448 2462 1535 2507 Rit.
1575 2467 1796 2507 Romano.
1847 2467 1944 2508 Hae

161 2561 270 2592 vere
303 2547 430 2592 sedes
463 2562 555 2592 non
590 2547 634 2591 in
669 2547 968 2592 ecclesiarum
1002 2546 1183 2599 abditis,
1209 2547 1284 2591 sed
1322 2546 1367 2590 in
1391 2545 1653 2604 patentibus
1686 2550 1732 2590 et
1763 2545 1941 2604 conspi-

159 2631 256 2675 cuis
288 2645 446 2675 earum
482 2631 591 2675 locis
622 2630 714 2675 sint
738 2629 909 2689 positae
932 2631 962 2674 ².
1003 2630 1204 2675 Vetitum
1229 2635 1275 2674 et
1298 2643 1433 2674 mane
1455 2632 1563 2673 ante
1596 2628 1939 2673 illucescentem

159 2712 278 2757 diem
312 2718 359 2757 et
392 2727 578 2772 vespere
613 2718 713 2771 post
745 2713 927 2771 signum
961 2712 1252 2757 salutationis
1293 2712 1549 2769 angelicae,
1586 2711 1769 2769 dempta
1814 2709 1939 2754 insu·-

159 2795 332 2840 mitatis
354 2809 488 2841 causa
514 2795 708 2840 feminas
731 2795 888 2840 audire
910 2794 1199 2840 confitentes.
1228 2798 1339 2840 Cum
1363 2808 1470 2838 vero
1495 2792 1779 2837 infirmitatis
1801 2806 1941 2837 causa

276 2985 286 3004 ¹
316 2986 350 3023 S.
377 2986 510 3033 Congr.
538 2986 642 3033 Supr.
669 2986 775 3033 Inqu.
801 2986 847 3023 28
873 2987 961 3024 febr.
989 2987 1091 3024 1655.

273 3058 286 3077 ¹
315 3058 348 3095 S.
376 3059 507 3105 Congr.
534 3060 605 3095 EE.
633 3063 668 3095 et
694 3060 767 3096 BR.
795 3060 833 3095 in
860 3060 984 3096 Patav.
1012 3059 1055 3096 21
1085 3059 1175 3096 iunii
1206 3058 1307 3096 1620.
1335 3059 1404 3096 Cfr.
1431 3059 1579 3096 Collect.
1607 3069 1643 3096 n.
1669 3057 1750 3095 962.
