2176 3386
743 188 745 191 “
813 193 944 222 Lmen
971 193 998 222 1.
1027 193 1085 222 DE
1113 192 1310 222 cummis
1878 182 1958 224 401

158 297 354 356 verint5
399 299 442 357 2)
478 312 572 344 non
605 302 755 357 potest
794 298 995 344 alienare
1031 299 1152 345 bona
1184 303 1237 346 et
1269 299 1367 345 iura
1400 300 1623 375 ecclesiae
1664 301 1956 358 cathedralis,

162 393 252 426 nec
285 379 405 427 hona
434 395 621 427 mensae
646 382 898 427 transferre
919 382 976 427 ad
1000 396 1210 428 mensam
1237 382 1454 442 Capituli,
1476 397 1566 429 nec
1590 382 1717 428 litem
1741 383 1960 429 inchoare

155 467 250 508 aut
278 462 546 509 inchoatam
581 464 792 525 prosequi
825 478 963 524 super
997 464 1224 510 Ecclesiae
1274 465 1404 511 bonis
1437 479 1525 511 nec
1562 464 1863 511 exeardinare
1895 479 1961 511 sa-

156 545 387 591 ⁴cei-dotes.
434 547 477 604 5)
505 547 745 593 Abstinere
780 548 914 593 debet
936 550 994 593 ab
1016 547 1243 606 erigendis
1275 547 1746 598 Confraternitatibus
1777 562 1957 594 eorum-

157 642 253 687 que
296 629 480 675 statutis
513 631 758 689 probandis
786 631 815 676 ¹.
1125 614 1130 618 ⁵

285 712 386 757 511.
422 714 579 768 Quoad
614 714 1002 774 praeeminentias
1036 718 1221 760 notasse
1255 714 1456 760 sufficiat
1479 715 1629 760 eidem
1653 715 1806 760 deberi
1833 729 1956 773 prae-

155 793 427 841 cedentiam
461 810 597 855 super
628 801 790 843 omnes
820 799 875 843 de
898 799 1123 857 Capstulo,
1149 803 1347 858 excepta
1375 798 1626 858 Dignitate,
1653 801 1727 844 vel
1761 799 1848 844 alio
1880 799 1956 859 qui

156 879 425 938 Capitulum
459 885 772 939 repraesentet
794 882 824 926 ².
878 882 923 926 Ei
958 883 1182 941 competit
1214 886 1312 927 tam
1349 882 1395 926 in
1430 883 1570 927 choro
1603 896 1741 942 quam
1778 883 1822 927 in
1858 897 1956 941 pro-

156 962 448 1007 cessionibus
470 963 596 1009 locus
617 977 642 1008 a
664 963 864 1009 sinistris
901 965 1159 1023 Dignitatis,
1186 966 1260 1010 vel
1289 964 1325 1010 si
1351 965 1496 1023 prima
1532 965 1738 1024 Dignitas
1771 969 1842 1012 SS.
1872 971 1955 1012 Eu·

156 1045 409 1090 -eharistiae
453 1049 802 1092 Sacramentum
836 1047 1040 1103 deferat,
1075 1062 1100 1093 a
1133 1047 1334 1093 sinistris
1376 1048 1510 1107 primi
1545 1052 1591 1094 et
1623 1048 1843 1107 dignioris
1876 1053 1953 1096 Ca-

164 1126 319 1172 nonici
354 1128 614 1188 Capitulum
648 1130 1040 1189 repraesentantis
1067 1131 1097 1175 ⁸.

286 1212 386 1256 512.
429 1212 630 1272 Denique
666 1213 831 1259 Vicarii
867 1214 1139 1272 capitularis
1177 1214 1381 1260 officium
1422 1219 1570 1260 cessat
1603 1229 1708 1260 eum
1746 1215 1956 1260 vacantis

161 1294 280 1339 sedis
316 1295 389 1339 vel
422 1295 770 1341 administrator
792 1297 942 1353 datus,
970 1298 1043 1341 vel
1071 1311 1219 1342 novus
1243 1298 1444 1343 Antistes
1479 1298 1655 1343 litteras
1684 1298 1956 1356 apostolicas

153 1391 270 1422 suae
307 1379 640 1423 nominationis
673 1379 918 1438 Capitulari
958 1380 1135 1425 vicario
1169 1380 1439 1426 ostenderit.
1482 1381 1599 1426 Huic
1633 1381 1726 1440 ipse
1760 1381 1955 1426 admini-

161 1461 400 1506 strationis
434 1475 542 1506 suae
576 1462 802 1507 rationem
839 1462 1025 1508 reddere
1060 1467 1261 1508 tenetur.

282 1626 291 1645 ¹
321 1627 404 1663 sac.
431 1629 563 1674 Congr.
590 1629 668 1665 Ind.
694 1629 792 1666 decr.
821 1630 863 1665 15
890 1639 975 1666 nov.
1005 1630 1097 1667 1878
1114 1631 1216 1677 prob.
1238 1632 1360 1668 Leone
1380 1633 1453 1669 ΡΡ.
1475 1633 1577 1669 XIII.
1601 1633 1773 1670 vicarius
1799 1643 1876 1670 non
1902 1639 1954 1671 te-

157 1702 267 1735 netur
292 1698 339 1734 ad
364 1699 652 1744 applicationem
679 1701 813 1737 missae
840 1711 906 1747 pro
933 1702 1083 1748 populo.
1113 1703 1195 1739 Sao.
1226 1704 1296 1740 Rit.
1324 1704 1460 1750 Congu
1490 1705 1534 1741 12
1561 1714 1644 1743 nov,
1674 1706 1777 1742 1851.

281 1769 293 1787 ³
320 1769 399 1807 Sao.
430 1770 499 1807 Rit.
527 1771 660 1818 Congr.
689 1771 731 1807 12
759 1771 849 1809 iunii
879 1773 980 1818 1658,
1002 1774 1023 1810 2
1050 1783 1129 1820 apr.
1159 1774 1264 1811 1667.

282 1839 294 1858 ³
321 1841 400 1878 Sao.
428 1842 500 1879 Rit.
527 1842 660 1889 Congr.
691 1843 732 1880 16
759 1845 878 1881 martii
913 1845 1014 1882 1658.
1047 1846 1088 1881 In
1115 1846 1365 1892 expediendis
1399 1844 1552 1884 'actibus
1580 1848 1818 1886 vicarialibus
1845 1849 1954 1886 debet

159 1908 333 1948 Vicarius
361 1913 410 1950 uti
437 1914 560 1960 sigillo
585 1914 794 1961 capitulari.
820 1915 901 1952 Sao.
930 1917 999 1952 RIt.
1027 1917 1164 1963 Congr.
1192 1916 1239 1954 28
1269 1918 1389 1955 martii
1419 1918 1522 1956 1709.

4 3325 11 3331 ·
70 3323 75 3337 Ι

5 3335 11 3344 ·
76 3343 77 3348 ,
