2176 3386
235 197 318 238 202
883 208 992 237 PARS
1021 209 1049 237 1.
1081 209 1138 237 DE
1167 208 1378 238 PEnsoms

237 314 427 358 fundata
461 327 544 358 cur
578 328 814 373 processus
847 314 1132 370 instituatur,
1168 314 1266 359 erui
1301 319 1449 373 potest
1480 315 1570 360 iam
1605 330 1662 361 ex
1697 317 1805 362 facti
1838 318 2014 376 exposi-

236 397 363 441 tione
400 396 617 455 Episcopo
651 398 722 441 vel
757 398 1047 442 Procuratori
1083 398 1240 442 Fiscali
1265 398 1387 452 data,
1412 398 1596 457 quando
1619 399 1791 443 factum
1817 399 1873 444 ad
1897 399 2016 457 ipsos

236 479 385 538 primo
417 479 618 523 delatum
654 484 737 524 est.
775 484 900 534 Quae
933 479 1160 536 expositio
1192 479 1473 524 authenticis
1506 480 1909 527 informationibus
1942 484 2014 527 vel

235 564 524 608 consessione
558 562 912 617 extraiudiciali,
949 563 1020 607 vel
1054 563 1244 606 testium
1278 562 1654 620 depositionibus,
1689 564 1829 608 etiam
1862 560 2014 608 extra-

236 646 512 691 iudicialiter
544 646 706 701 factis,
743 646 803 690 ita
847 645 1170 700 confirmetur,
1218 650 1269 688 ut
1305 650 1523 703 appareat
1567 659 1826 703 processum
1872 646 2013 691 solido

235 731 538 776 fundamento
573 730 708 775 inniti
742 735 787 773 et
820 729 1100 773 calumniam
1125 728 1325 773 excludi.
1363 729 1676 786 Transgressio
1699 743 1809 773 vero
1834 742 2012 786 praece-

182 859 186 862 ,
237 814 299 872 pti
334 829 389 858 ex
427 814 520 872 ipso
554 814 738 857 decreto
772 818 817 857 et
849 818 953 856 actu
987 811 1294 856 intimationis
1328 813 1475 856 factae
1508 812 1762 856 deducitur.

353 900 453 943 261.
484 899 545 943 Ad
572 897 906 942 admittendam
935 911 1044 941 vero
1070 895 1131 940 rei
1157 896 1516 954 culpabilitatem
1542 896 1797 941 necessaria
1822 901 1891 941 est
1914 911 2012 954 pro-

234 982 357 1026 batio
390 981 562 1039 legalis,
587 995 703 1039 quae
738 980 792 1024 iis
826 979 1075 1024 momentis
1102 983 1314 1024 constare
1347 979 1499 1034 debet,
1525 979 1688 1037 quibus
1711 978 1882 1023 veritas
1907 993 2013 1023 vere

231 1066 547 1109 demonstrata
582 1064 827 1119 elucescat,
866 1065 937 1107 vel
961 1064 1122 1108 saltem
1148 1063 1334 1108 moralis
1356 1061 1590 1107 convictio
1618 1061 1879 1118 inducatur,
1904 1076 2011 1121 quo-

230 1161 428 1207 cumque
462 1147 721 1192 rationabili
755 1147 893 1191 dubio
926 1146 1120 1205 oppositi
1163 1151 1355 1191 remoto.
1402 1145 1572 1203 Legalis
1611 1145 1815 1204 probatio
1856 1149 2011 1190 autem

233 1231 473 1289 praecipue
508 1231 704 1275 eflicitur
736 1245 794 1275 ex
828 1229 1189 1288 depositionibus
1221 1229 1427 1273 testium.
1477 1233 1588 1286 Ergo
1624 1229 1763 1273 ludex
1805 1229 1879 1273 vel
1926 1231 2012 1273 Au-

228 1314 349 1358 ditor
383 1328 507 1358 nuuc
544 1318 681 1358 testes
713 1313 875 1357 citabit
907 1318 954 1357 et
997 1313 1333 1357 examinabit¹.
1387 1312 1427 1356 Si
1472 1316 1653 1370 praeter
1696 1310 2011 1356 iusiurandum

230 1399 284 1443 de
322 1398 515 1443 veritate
549 1398 758 1453 dicenda,
795 1398 935 1442 etiam
971 1397 1289 1442 iusiurandum
1324 1398 1378 1440 de
1411 1400 1588 1441 secreto
1621 1395 1848 1440 servando
1887 1410 1911 1440 a
1947 1399 2011 1439 te-

229 1483 374 1532 stibus
410 1482 681 1541 requiritur,
733 1482 989 1537 sciendum,
1037 1495 1114 1525 eos
1153 1482 1239 1525 hoc
1279 1480 1484 1525 ulteriori
1531 1479 1823 1524 iureiurando
1865 1478 2010 1523 teucri

229 1581 371 1627 usque
404 1567 459 1611 ad
492 1567 683 1623 legalem
718 1565 1057 1624 depositionum
1095 1565 1470 1624 publicationem,
1508 1578 1599 1608 non
1633 1563 1844 1621 amplius.

349 1652 446 1695 262.
489 1649 565 1694 Ubi
603 1650 645 1694 id
678 1664 834 1705 omne,
859 1649 979 1708 quod
1014 1649 1070 1694 ad
1095 1648 1340 1694 veritatem
1377 1649 1603 1693 factorum
1638 1646 2011 1691 constituendam

228 1738 274 1777 et
297 1733 476 1789 culpam
512 1731 713 1777 accusati
738 1732 1020 1790 probandam
1048 1731 1262 1789 pertinet,
1286 1731 1544 1776 absolutum
1580 1731 1734 1786 fuerit,
1761 1730 2012 1789 imputatus

228 1815 521 1859 intimatione
554 1815 723 1873 scripta
756 1816 811 1859 ad
844 1830 1042 1860 examen
1078 1821 1286 1860 vocatur.
1325 1816 1591 1860 Cavendum
1626 1819 1694 1859 est
1728 1830 1784 1859 ne
1819 1819 2013 1859 vocetur

226 1904 476 1958 antequam
512 1899 666 1943 omnia
701 1898 890 1944 collecta
926 1899 1115 1953 fuerint,
1150 1913 1266 1957 quae
1302 1898 1408 1944 facti
1442 1898 1740 1943 existentiam
1766 1903 1903 1957 atque
1927 1897 2010 1942 im-

346 2076 354 2094 ¹
385 2077 569 2112 Personae
597 2086 691 2122 quae
719 2077 882 2113 examini
911 2076 1163 2112 subiiciendae
1191 2079 1285 2119 sunt,
1313 2075 1510 2119 separatim
1537 2075 1756 2110 audiantur.
1783 2074 1931 2117 Testes,
1965 2074 2011 2110 ad

224 2147 491 2192 probationem,
521 2148 598 2183 sive
624 2148 670 2183 ad
697 2148 964 2190 defensionem,
992 2147 1021 2183 si
1050 2147 1185 2192 legalia
1211 2147 1476 2192 impedimenta
1502 2146 1538 2182 id
1572 2156 1646 2182 non
1674 2146 1916 2191 prohibeant,
1951 2155 2013 2182 au-

225 2219 375 2255 diantur
403 2219 578 2264 praestito
608 2220 814 2256 iuramento
842 2219 885 2256 de
913 2220 1068 2255 veritate
1095 2219 1263 2262 dicenda,
1291 2224 1326 2255 et
1352 2219 1382 2255 si
1410 2229 1468 2255 res
1490 2218 1658 2263 postulet,
1673 2218 1784 2254 etiam
1802 2217 1846 2254 de
1865 2221 2006 2254 secreto

225 2291 417 2327 servando.
449 2291 572 2336 itaque
598 2296 795 2337 antequam
824 2291 1076 2333 testificentur,
1104 2300 1186 2326 cum
1214 2291 1257 2326 de
1286 2290 1437 2326 veritate
1464 2294 1541 2327 tum
1568 2289 1612 2326 de
1637 2293 1780 2326 secreto
1799 2289 1930 2325 iurent.
1957 2288 2010 2324 Eo

224 2363 344 2408 magis
370 2363 414 2399 de
442 2362 563 2399 officio
592 2363 747 2399 fideliter
772 2363 1010 2409 adimplendo
1038 2366 1073 2398 et
1099 2362 1143 2399 de
1171 2367 1324 2406 secreto,
1355 2372 1420 2408 pro
1446 2362 1510 2404 rei,
1537 2361 1581 2398 de
1608 2371 1681 2406 qua
1707 2361 1839 2406 agitur,
1859 2361 2011 2406 exigen-

224 2436 286 2480 tia,
313 2435 494 2471 servando
524 2445 654 2471 omnes
684 2436 893 2471 iuramento
921 2435 1087 2471 obstricti
1115 2435 1188 2470 sint
1214 2438 1370 2480 oportet,
1397 2434 1460 2480 qui
1488 2434 1525 2469 in
1554 2433 1796 2469 instructione
1814 2442 2011 2479 processus

229 2517 274 2543 ex
299 2517 366 2543 suo
397 2516 547 2543 munere
575 2511 715 2552 partem
743 2507 908 2552 aliquam
935 2507 1109 2543 habeant.
1137 2507 1265 2542 Testes
1292 2506 1354 2552 qui
1383 2506 1422 2541 in
1448 2505 1539 2542 locis
1566 2505 1676 2550 longe
1702 2504 1842 2540 dissitis
1881 2503 1939 2540 vel
1978 2503 2015 2539 in

224 2578 346 2614 aliena
370 2578 531 2614 dioecesi
561 2579 712 2623 degunt,
741 2579 926 2615 mediante
955 2578 1171 2615 auctoritate
1199 2578 1453 2614 ecclesiastica
1480 2577 1551 2613 loci
1580 2577 1616 2612 in
1642 2586 1716 2622 quo
1743 2579 1904 2618 manent,
1923 2584 2011 2611 exa-

225 2648 421 2689 minentur,
452 2648 488 2682 in
515 2657 625 2693 quein
655 2647 765 2684 tinem
792 2648 980 2693 specimen
1008 2647 1184 2684 sactorum
1214 2647 1502 2682 transmittetur:
1530 2655 1624 2691 quae
1642 2644 1794 2690 quidem
1812 2644 2010 2687 auctoritas

223 2719 262 2755 in
287 2719 531 2764 responsione
559 2728 709 2755 normas
735 2719 906 2764 superius
932 2719 1122 2764 expositas
1150 2718 1373 2755 observabit.
1403 2718 1439 2754 Si
1468 2717 1678 2754 indicentur
1705 2719 1828 2760 testes,
1863 2714 1926 2761 qui
1966 2715 2011 2751 de

222 2791 326 2827 factis
354 2791 409 2827 vel
436 2791 726 2828 circumstantiis
752 2790 796 2827 ad
824 2791 995 2827 meritum
1023 2800 1158 2827 causae
1185 2789 1448 2827 substantiales
1475 2787 1729 2835 spectantibus
1756 2785 2008 2831 interrogandi

218 2868 352 2906 essent,
378 2872 447 2899 nec
474 2862 686 2899 examinari
715 2863 870 2908 possint,
900 2863 955 2898 vel
982 2862 1069 2907 quia
1095 2871 1168 2898 non
1197 2861 1281 2897 licet
1306 2867 1370 2898 aut
1394 2861 1499 2897 decet
1523 2869 1587 2896 eos
1614 2860 1728 2895 citare
1755 2859 1794 2894 in
1821 2857 2010 2899 iudicium,

175 2953 179 2956 -
219 2934 276 2970 vel
302 2935 390 2980 quia
415 2934 534 2980 rogati
561 2934 689 2971 adesse
716 2939 884 2971 recusent
912 2943 1064 2970 necesse
1092 2937 1146 2969 est
1171 2933 1226 2978 lid
1263 2933 1302 2969 in
1334 2933 1427 2968 actis
1461 2940 1770 2974 commemorare,
1805 2936 2008 2974 eorumque

216 3006 414 3043 defluentia
439 3006 635 3052 suppletur
664 3006 889 3042 testimoniis
917 3005 1086 3047 aliorum,
1114 3005 1178 3051 qui
1206 3004 1262 3041 vel
1291 3004 1336 3040 de
1371 3003 1486 3041 relato
1512 3003 1570 3041 vel
1605 3002 1712 3039 aliter
1746 3010 1824 3037 rem
1858 2999 1903 3037 de
1936 3009 2010 3046 qua

219 3078 408 3124 quaeritur
434 3077 629 3114 noverint.
