2176 3386
229 154 306 194 104
867 171 978 200 PARS
1007 172 1032 200 1.
1069 173 1125 200 DE
1154 172 1365 202 PERsoms

227 283 362 334 teyra
408 290 534 321 cum.
563 276 835 334 rescriptum
884 278 940 322 ad
983 274 1280 324 executorem
1324 293 1416 324 non
1451 280 1591 324 fuerit
1635 286 2000 341 praesentatum;

225 360 262 409 e)
301 365 445 403 morte
466 362 721 404 eaeecutoris
753 359 787 404 si
825 361 1001 405 ratione
1035 362 1286 419 personalis
1318 362 1572 409 industriae
1603 363 1775 410 electus
1807 367 1945 413 fuerit
1968 368 2000 424 ¹3

226 441 270 498 f)
303 456 391 498 per
431 442 669 500 efficacem
702 446 1110 500 impuynationem
1154 447 1392 501 rescripti,
1428 459 1545 504 quae
1594 446 1689 491 fieri
1725 451 1873 504 potest
1911 452 2006 494 oris

226 527 485 582 aperitione
521 527 723 581 obtenta,
762 541 927 584 nempe
960 530 1148 572 obtenta
1183 528 1405 573 facultate
1444 530 1743 586 impugnandi
1786 532 2002 590 rescripta

226 607 280 652 de
312 607 478 666 quibus
509 608 660 666 agitur
699 609 729 652 ².

660 751 691 785 2.
720 771 765 773 μ
793 751 849 786 De
874 751 984 787 Sacr.
1018 751 1296 789 Tribunalium
1331 754 1607 792 decisionibus.

616 751 633 793 ys:

347 857 442 900 157.
482 861 666 901 Praeter
699 858 916 916 rescripta
950 859 1196 919 aliquando
1230 860 1327 906 vim
1362 861 1470 920 legis
1510 862 1556 907 in
1594 864 1791 909 Ecclesia
1834 865 2006 910 habent

224 939 363 982 etiam
397 952 642 983 sacrorum
679 941 990 984 tribunalium
1025 942 1098 985 vel
1131 955 1385 988 sacrarum
1428 948 1849 1002 congregationum
1887 947 2002 991 deei—

222 1024 371 1066 siones
404 1022 449 1065 in
483 1021 662 1066 casibus
698 1023 1064 1079 particularibus.
1119 1028 1193 1069 Est
1226 1024 1336 1069 iuris
1371 1025 1644 1084 principium
1679 1041 1752 1071 res
1777 1042 1864 1084 pro
1898 1029 2005 1073 aliis

225 1105 434 1148 iudicata
469 1104 576 1148 aliis
609 1118 691 1148 viee
722 1106 934 1161 prodesse
967 1119 1050 1149 uec
1072 1107 1216 1150 obesse
1235 1113 1377 1164 potest
1400 1107 1430 1150 ³.
1470 1107 1634 1152 Iudicis
1656 1108 1779 1153 enim
1810 1123 1901 1154 non
1937 1115 2004 1154 est

224 1189 369 1246 legem
406 1187 674 1242 concedere,
701 1189 775 1232 sed
811 1188 1098 1233 solummodo
1133 1190 1277 1247 legem
1313 1191 1452 1235 latam
1488 1191 1678 1248 singulis
1710 1191 1889 1236 casibus
1928 1206 2004 1250 ap-

226 1272 406 1327 plicare.
444 1278 592 1325 Quare
627 1270 697 1314 vis
730 1271 919 1315 iuridica
955 1271 1108 1318 iudicii
1146 1273 1365 1318 fundatur
1400 1274 1443 1318 in
1480 1275 1589 1332 legis
1622 1274 2001 1332 interpretatione

226 1355 270 1398 in
305 1354 464 1398 ordine
497 1354 551 1398 ad
583 1355 900 1410 particulares
920 1357 1316 1401 circumstantias.
1355 1360 1466 1402 Cum
1491 1357 1680 1415 proinde
1702 1358 2004 1403 circumstan-

224 1437 315 1481 tiae
348 1437 557 1481 diversae
592 1451 688 1481 esse
722 1438 898 1481 soleant
925 1437 1119 1482 diversis
1151 1440 1499 1485 occurrentibus
1531 1440 1727 1496 casibus,
1763 1442 2002 1501 consequi·

226 1523 299 1562 tur
332 1534 429 1563 rem
460 1535 547 1577 pro
581 1522 687 1565 aliis
720 1522 980 1566 iudicatam
1015 1522 1122 1565 aliis
1164 1537 1246 1566 nee
1287 1524 1497 1579 prodesse
1543 1538 1625 1568 uec
1676 1525 1820 1568 obesse
1860 1539 1999 1582 posse.

223 1603 420 1648 Cuiusve
454 1604 592 1661 igitur
625 1603 881 1648 Tribunalis
913 1604 1082 1648 decisio
1117 1604 1301 1648 nonnisi
1338 1607 1407 1649 ius
1436 1609 1734 1662 particulare
1756 1607 1879 1651 inter
1907 1622 2005 1665 par-

227 1690 292 1730 tes
326 1686 510 1743 gignere
546 1691 707 1744 potest.
745 1688 870 1741 Quod
907 1691 952 1731 et
985 1687 1039 1730 de
1071 1688 1378 1733 decisionibus
1411 1703 1645 1735 sacrarum
1685 1692 2005 1750 Congregatio-

225 1783 335 1813 num
370 1774 438 1813 est
475 1768 720 1814 dicendum
764 1770 798 1813 si
845 1784 924 1828 per
966 1771 1132 1814 iudicii
1177 1771 1363 1815 modum
1414 1773 1663 1830 procedant
1696 1769 1728 1817 *ζ
1788 1777 2003 1818 Attamen

223 1850 468 1909 aliquando
501 1851 589 1895 liae
622 1852 872 1896 decisiones
893 1855 987 1896 vim
1011 1854 1124 1910 leye's
1147 1855 1429 1898 universalis
1452 1855 1618 1899 habere
1651 1860 1857 1913 possunt,
1883 1856 2002 1914 quod

223 1933 407 1987 accidit,
443 1939 488 1989 a)
527 1934 560 1978 si
598 1934 666 1977 ius
699 1948 723 1978 a
757 1935 1195 1993 Congregationibus
1229 1939 1572 1993 iuterpretatur
1610 1937 1792 1995 speciali
1827 1937 2003 1982 Summi

227 2014 461 2059 Pontilicis
503 2016 746 2072 mandato,
781 2030 833 2061 ac
884 2017 1086 2075 legitimo
1130 2018 1263 2062 modo
1307 2018 1625 2076 interpretatio
1671 2021 1999 2077 promulgatur.

223 2099 262 2154 b)
301 2097 344 2142 si
377 2098 631 2142 decisiones
664 2102 734 2142 SS.
771 2101 1187 2158 Congregationum
1222 2101 1421 2159 aliquam
1457 2103 1727 2158 yeneratem
1762 2105 1881 2147 iuris
1913 2103 2003 2147 dis-

221 2183 493 2237 positionem
528 2196 606 2240 pro
640 2182 818 2227 obiecto
853 2183 1068 2236 babeant,
1104 2183 1352 2228 dummodo
1387 2184 1496 2229 item
1541 2187 1750 2231 consulto
1784 2187 2004 2231 Pontilice

223 2266 392 2310 decisio
426 2268 600 2310 feratur
632 2271 677 2310 et
710 2266 886 2310 edatur.
929 2269 966 2321 e>
1004 2267 1046 2311 Si
1089 2267 1343 2312 decisiones
1383 2268 1643 2314 huiusmodi
1694 2268 1739 2312 in
1779 2268 2004 2314 similibus

224 2350 404 2394 casibus
439 2350 657 2408 repetitae
692 2351 996 2396 inveniantur
1029 2353 1089 2396 ita
1126 2357 1176 2396 ut
1210 2352 1372 2410 ingens
1405 2365 1563 2396 earum
1597 2351 1727 2409 copia
1761 2352 2000 2408 habeatur,

223 2446 312 2492 qua
345 2434 628 2477 consuetudo
664 2432 885 2478 iudicialis
918 2448 995 2479 seu
1030 2435 1178 2492 stylus
1211 2434 1389 2490 Curiae,
1426 2448 1504 2479 seu
1536 2435 1688 2492 praxis
1720 2436 1914 2480 sorensis
1937 2436 2004 2480 in-

224 2516 497 2561 troducatur
531 2517 562 2559 ⁵.

346 2671 353 2690 ¹
384 2671 433 2708 Cf.
462 2672 612 2707 liram
641 2681 699 2716 op.
726 2681 756 2707 c.
784 2675 818 2706 et
846 2671 869 2706 l.
897 2672 955 2707 cit.

342 2743 354 2761 ²
381 2744 431 2778 Cf.
458 2743 503 2779 de
532 2752 645 2779 rescr.
671 2743 896 2785 Zammeen,
924 2744 1071 2779 limma
1100 2743 1144 2780 de
1170 2744 1266 2790 disp.

345 2814 357 2832 ³
384 2815 471 2859 Leg.
498 2813 519 2849 2
546 2813 644 2855 cod„
672 2823 751 2858 cap.
778 2812 894 2849 asae
922 2819 1013 2850 sent.
1042 2820 1076 2850 et
1104 2824 1141 2851 re
1171 2815 1243 2852 iud.

344 2885 358 2905 ¹*
385 2886 435 2922 Cf.
463 2886 631 2921 FAGNAN.
659 2885 697 2920 in
724 2894 803 2930 cap.
834 2885 876 2920 15
903 2885 947 2921 de
975 2889 1091 2920 const.

340 2957 353 2977 ⁸
380 2957 431 2993 Cf.
459 2958 573 2993 SANTI
599 2956 717 2992 Prael.
746 2956 808 2992 lib.
839 2956 869 2998 1,
900 2956 952 2992 tit.
979 2956 1035 2999 21,
1063 2966 1098 2992 n.
1123 2955 1169 2992 45
1196 2962 1231 2993 et
1257 2967 1310 3003 sq.
