2176 3386
822 209 951 238 LIBER
981 209 1005 237 1.
1043 209 1101 237 DE
1130 207 1323 236 emmas
1885 194 1965 234 325

181 314 289 360 dum
322 313 546 360 canonice
577 312 875 372 adprobatam
907 311 1099 371 ingressi
1131 315 1256 367 sunt,
1290 310 1347 356 ad
1379 310 1627 370 tertiarios,
1663 315 1709 355 et
1731 311 1872 356 etiam
1897 312 1960 356 ad

162 399 396 442 ‘eremitas
427 397 503 456 qui
540 396 816 442 auctoritate
849 394 1096 454 superioris
1128 393 1426 440 ecclesiastici
1472 394 1587 438 tales
1639 398 1747 438 sunt
1785 394 1965 453 quotics

177 479 476 538 collegialiter
507 479 673 525 vivant
695 480 708 503 ¹
748 478 818 523 veI
852 478 1000 524 alicui
1038 478 1263 522 Ecclesiae
1295 478 1351 521 de
1390 479 1599 534 Episcopi
1631 477 1858 521 mandato
1893 480 1963 521 in-

177 565 400 608 serviant.
434 567 530 608 Hoc
562 562 799 621 privilegio
833 561 974 606 etiam
1006 561 1166 605 clerici
1194 562 1387 605 uxorati
1417 559 1619 617 gaudent
1650 559 1685 604 si
1721 559 1963 618 nupserint

183 647 329 689 uniet
359 647 541 702 virgini
572 658 627 689 ac
659 643 868 689 habitum
918 642 1142 700 deferant
1174 649 1215 686 ct
1247 648 1494 687 tonsuram
1543 655 1599 686 ac
1644 642 1700 686 de
1735 642 1963 687 mandato

181 729 407 784 Episcopi,
443 728 590 772 alicui
621 726 851 771 Ecclesiae
883 728 1146 770 inserviant
1164 724 1195 770 ².
1233 729 1327 770 Hoc
1351 724 1589 782 privilegio
1612 724 1783 783 pariter
1814 725 1965 770 etele-

181 810 261 856 rici
295 811 600 869 irreyulares,
624 813 849 866 suspensi,
883 809 1122 854 interdicti
1153 815 1291 867 atque
1322 810 1715 852 excommunicati
1746 807 1961 865 gaudent.

299 895 399 939 402.
436 894 592 948 Quoad
629 893 816 939 tertium
851 907 1019 951 nempe
1051 906 1280 952 quaenam
1304 892 1364 936 sit
1389 897 1534 951 poena
1565 891 1788 936 eiusmodi
1825 892 1966 936 viola-

182 976 381 1022 tionibus
412 977 602 1022 inssicta.
638 980 789 1021 Poena
821 989 937 1036 quae
970 981 1130 1020 contra
1164 975 1434 1020 clericorum
1471 988 1760 1034 percussores
1792 978 1966 1019 statuta

181 1065 266 1116 est,
301 1060 387 1105 alia
420 1064 489 1106 est
519 1063 780 1106 communis
812 1060 899 1105 alia
931 1060 1242 1118 particularis
1281 1075 1359 1118 pro
1392 1060 1615 1117 dignitate
1664 1072 1964 1118 personarum

181 1155 297 1201 quae
329 1142 477 1187 laesae
509 1148 631 1187 sunt.
673 1146 820 1188 Poena
843 1142 1106 1188 communis
1128 1148 1197 1187 est
1213 1144 1631 1187 eoecommunicatio
1664 1145 1820 1187 maior
1841 1143 1968 1187 latae

184 1228 442 1271 sententiae
474 1231 520 1271 et
559 1226 742 1286 quidem
793 1229 845 1271 R.
884 1227 1102 1285 Pontifici
1146 1227 1420 1284 simpliciter
1468 1232 1707 1270 reservata
1753 1225 1879 1270 iuxta
1913 1239 1966 1270 ea

181 1321 298 1366 quae
332 1307 560 1352 habentur
594 1307 639 1352 in
673 1308 1010 1354 Constitutione
1046 1309 1330 1366 Apostolicae
1374 1308 1498 1353 Sedis
1537 1322 1653 1367 quae
1697 1322 1964 1352 excommu-

186 1391 407 1436 nicationi
443 1395 492 1436 R.
541 1396 587 1436 P.
623 1391 893 1450 simpliciter
931 1398 1192 1437 reservatae
1240 1393 1475 1437 subiacere
1525 1392 1687 1437 voluit:
1739 1393 1966 1436 violentas

188 1487 374 1529 manus,
409 1475 634 1520 suadente
666 1475 846 1520 diabolo
880 1477 1139 1520 iniicientes
1171 1477 1222 1519 in
1255 1476 1443 1519 clericos
1474 1475 1545 1519 vel
1568 1477 1811 1533 utriusque
1831 1488 1965 1519 seoeus

182 1557 444 1613 monachos,
480 1561 674 1615 exceptis
706 1559 861 1618 quoad
893 1562 1256 1604 reservationem
1289 1560 1469 1604 casibus
1500 1565 1541 1603 et
1561 1561 1772 1616 personis
1789 1559 1845 1603 de
1867 1561 1966 1617 qui·

182 1641 264 1685 bus
305 1643 409 1685 iure
452 1641 522 1685 vel
550 1642 798 1700 privilegio
827 1644 1120 1699 permittitur
1162 1649 1212 1686 ut
1250 1645 1495 1700 Episcopus
1538 1649 1621 1686 aut
1654 1643 1777 1687 alius
1825 1643 1968 1687 absol-

183 1724 315 1770 vat⁸.
362 1730 487 1777 Quae
542 1738 687 1783 poena
735 1728 1190 1770 excommunicatam
1235 1726 1485 1770 vitandum
1533 1725 1776 1770 constituit
1825 1725 1966 1770 etiam

183 1807 325 1851 nulla
358 1809 408 1851 in
442 1821 546 1851 eum
581 1808 679 1852 lata
713 1806 860 1864 fuerit
892 1810 1176 1852 nominatim
1199 1811 1430 1853 sententia
1454 1808 1486 1852 ⁴¹.

307 1891 408 1935 405.
451 1891 988 1936 Excommunicationem
1024 1896 1177 1936 autem
1214 1906 1309 1936 non
1348 1894 1609 1936 ‘incurrunt
1664 1893 1962 1948 mandantes,

182 1987 275 2017 non
307 1973 600 2031 prohibentes
633 1988 688 2019 ac
722 1980 882 2019 ratum
916 1974 1133 2020 habentes
1166 1976 1464 2021 violationem
1499 1978 1815 2021 immunitatis
1838 1976 1967 2020 cleri—

183 2070 360 2112 corum,
395 2060 463 2101 est
496 2057 620 2102 enim
655 2058 728 2102 lex
760 2059 963 2116 poenalis
1003 2058 1155 2104 odiosa
1191 2059 1381 2118 ideoque
1414 2059 1602 2104 strictae
1627 2059 1967 2117 interpretatio-

185 2140 271 2196 nis,
306 2140 485 2186 etiamsi
518 2146 746 2201 quatenus
778 2141 1049 2188 clericorum
1085 2143 1375 2202 privilegium
1408 2143 1628 2202 importat
1659 2143 1718 2188 sit
1740 2143 1967 2188 favorabi-

185 2221 251 2267 lis.
294 2226 356 2266 Ex
398 2224 542 2268 altera
583 2228 714 2281 parte
763 2225 1116 2270 Constitutionis
1157 2226 1442 2284 Apostolicae
1486 2227 1611 2271 Sedis
1653 2231 1814 2271 auctor
1860 2241 1966 2272 cum

188 2305 332 2350 voluit
363 2319 556 2351 censura
589 2312 635 2351 et
671 2308 960 2363 mandanteS‚
998 2323 1089 2353 non
1126 2309 1435 2367 prohibentes,
1471 2324 1524 2353 ac
1560 2313 1710 2354 ratum
1745 2309 1967 2354 habentes

186 2387 406 2433 innodare
440 2390 525 2434 hoc
558 2393 798 2449 expressit.
835 2395 900 2436 Ita
936 2392 981 2437 in
1016 2407 1061 2437 n.
1090 2393 1115 2437 5
1163 2392 1366 2438 eiusdem
1403 2393 1747 2438 constitutionis
1781 2396 1967 2450 Aposto-

185 2471 298 2516 Iicae
330 2472 453 2517 Sedis
484 2475 960 2521 excommunicationi
997 2480 1044 2522 R.
1083 2476 1291 2521 Pontifici
1327 2476 1510 2535 speciali
1548 2477 1681 2521 modo
1705 2481 1967 2521 reservatae

183 2555 490 2602 subiiciuntur
524 2577 542 2598 α
568 2572 725 2603 omnes
758 2560 1100 2618 interficientes,
1127 2561 1412 2615 mutitantes,
1436 2563 1759 2617 percutientes,
1780 2562 1967 2616 capien-

187 2644 263 2694 tes,
298 2646 611 2696 carceranles,
647 2642 915 2698 detinentes,
952 2643 1021 2687 vel
1053 2642 1278 2688 hostiliter
1309 2647 1596 2702 insequentes
1620 2645 1663 2687 S.
1692 2646 1745 2687 R.
1776 2647 1825 2687 E.
1857 2645 1966 2688 Car-

185 2723 381 2778 dinales,
422 2725 744 2780 Pil-triarchas,
783 2724 1163 2783 Archiepiscopos,
1204 2728 1457 2783 EpiscopOS,
1496 2726 1711 2784 Sedisque
1740 2725 1966 2784 [spostoli-

307 2843 317 2862 ¹
347 2844 508 2890 Fagnan.
538 2845 575 2880 in
599 2855 679 2892 cap.
706 2845 727 2880 Ξ
754 2846 799 2882 de
826 2845 890 2882 for.
919 2851 1090 2891 compet„
1119 2857 1152 2882 n.
1179 2846 1224 2881 59
1252 2852 1287 2883 et
1314 2857 1392 2892 sqq.

308 2915 320 2933 ¹
347 2915 458 2952 Cone.
485 2916 581 2952 'ri-id.
610 2927 690 2962 cap.
719 2917 782 2961 III,
809 2927 898 2953 sess.
930 2917 1050 2953 XXIII
1077 2917 1121 2954 de
1150 2918 1226 2954 nef.

307 2986 319 3004 ³
346 2986 493 3023 Collect.
522 2988 557 3023 S.
584 2987 635 3031 C.¹
649 2987 705 3023 Pr.
733 2988 771 3024 F.
798 2998 836 3023 n.
867 2988 968 3025 1002.

309 3053 322 3074 ³
348 3056 525 3093 Mai-unus
552 3057 596 3100 V,
624 3057 778 3094 Constit.
810 3058 864 3095 Ad
879 3059 1057 3094 evitanda.
1085 3058 1322 3096 Reiti'enstuei
1351 3059 1395 3095 de
1423 3065 1515 3095 sent.
1541 3069 1738 3101 excomm,
1767 3069 1802 3096 n.
1830 3059 1909 3098 155.
