2176 3386
239 224 303 264 90
932 239 1042 268 PARS
1072 240 1111 268 11.
1146 240 1202 268 DE
1233 240 1371 269 nanus

247 342 500 388 ⁴unctiones
532 344 778 402 perlicere;
814 344 907 390 imo
939 345 975 390 si
1008 351 1220 404 aegrotus
1253 347 1412 392 morbo
1444 347 1709 406 contagioso
1752 349 1927 395 laboret
1957 354 2038 394 aut

246 425 459 471 animam
493 431 612 485 agat,
655 427 766 472 satis
796 428 883 473 erit
915 428 1050 474 unica
1085 429 1258 475 unctio.

371 509 473 554 786.
513 509 779 556 Subiectum
815 511 964 556 huius*
992 513 1276 557 Sacramenti
1314 513 1451 559 homo
1485 517 1580 569 est,
1619 513 1924 571 christianus,
1958 515 2036 575 qui

243 590 310 636 sit
345 591 573 647 infirmus,
610 606 663 636 ac
697 592 835 637 etiam
871 593 1044 650 peccati
1067 607 1238 651 capax3
1272 594 1570 653 quamobrem
1601 594 1728 653 pueri
1760 598 1868 639 ante
1901 608 2036 640 usum

250 675 460 731 rationis,
485 680 532 720 et
563 676 639 735 qni
673 689 911 735 nunquam
934 676 1126 721 rationis
1159 691 1292 722 usum
1324 680 1636 722 exercuerunt
1666 681 1892 733 amentes,
1917 677 2038 737 quod

257 775 337 819 per
370 760 540 815 visum,
575 760 787 805 auditum
821 764 909 804 etc.
947 774 1039 805 non
1075 759 1309 819 potuerint
1342 773 1549 819 peccare,
1586 759 1720 805 huius
1753 759 2037 805 sacramenti

249 843 497 902 incapaces
530 844 772 888 habentur.

374 925 475 970 787.
522 925 666 971 Debet
699 939 810 971 vero
842 939 939 971 esse
972 925 1019 970 in
1054 924 1272 984 probabili
1305 925 1465 970 mortis
1498 924 1699 982 periculo
1741 923 2034 979 constitutus,

248 1008 299 1052 in
333 1023 423 1068 quo
459 1008 639 1054 versari
677 1008 947 1066 intelligitur
978 1008 1183 1068 quisquis
1214 1007 1342 1065 gravi
1376 1007 1534 1052 morbo
1568 1007 1756 1051 laborat.
1805 1010 1917 1051 Cum
1951 1005 2037 1050 hoc

255 1091 510 1150 periculum
557 1092 722 1136 debeat
753 1091 859 1137 oriri
892 1106 949 1136 ex
983 1090 1253 1136 infirmitate
1286 1090 1512 1149 corporis,
1548 1090 1656 1135 hinc
1688 1089 1923 1149 sequitur,
1960 1103 2036 1133 ne-

249 1174 366 1219 mini
400 1189 588 1233 corpore
637 1188 733 1219 non
768 1174 1056 1232 aegrotanti,
1092 1174 1137 1218 in
1172 1173 1301 1219 exitu
1344 1173 1452 1219 licet
1487 1173 1608 1218 vitae
1642 1172 1700 1217 sit
1731 1172 2035 1227 constitutus,

245 1258 337 1302 ,hoc
372 1260 730 1302 Sacramentum
766 1271 862 1302 esse
896 1258 1256 1312 conferendum,
1291 1256 1547 1302 cuiusmodi
1590 1261 1699 1300 sunt
1742 1255 1902 1300 ultimo
1935 1267 2037 1312 sup·

253 1343 389 1400 plicio
422 1343 676 1398 afficiendi,
721 1342 900 1388 nemini
933 1342 1044 1387 item
1079 1356 1171 1387 non
1205 1339 1490 1399 aegrotanti,
1526 1339 1603 1398 qui
1639 1339 1710 1384 vel
1743 1338 1789 1382 in
1824 1351 2038 1397 praesens

247 1426 415 1472 veniat
449 1426 576 1471 vitae
610 1426 882 1481 discrimen,
917 1425 1172 1470 cuiusmodi
1214 1429 1323 1470 sunt
1364 1423 1708 1468 dimicationem
1751 1422 1927 1477 inituri,
1964 1422 2038 1466 xel

255 1510 470 1555 mulieres
506 1510 754 1568 pariturae,
780 1509 868 1554 nisi
903 1509 972 1554 his
1002 1508 1248 1554 accesserit
1277 1507 1515 1565 peculiaris
1547 1511 1594 1553 et
1629 1506 1805 1551 lethalis
1837 1504 2039 1563 corporis

243 1594 506 1651 aegritudo.
545 1593 735 1638 Senibus
759 1608 885 1649 vero,
911 1593 997 1638 etsi
1022 1593 1145 1637 nullo
1168 1592 1255 1637 alio
1279 1591 1438 1636 morbo
1471 1591 1695 1645 laborent,
1721 1590 1757 1634 si
1782 1603 1886 1648 prae
1909 1588 2037 1634 senio

251 1677 446 1722 deficere
481 1681 618 1735 atque
655 1676 864 1721 morituri
896 1676 943 1720 in
980 1676 1076 1721 dies
1110 1675 1369 1730 videantur,
1405 1674 1683 1719 conferenda
1718 1687 1771 1718 ea
1803 1673 1907 1728 erit,
1943 1686 2036 1717 non

248 1759 385 1804 debet
416 1759 618 1817 denique
653 1759 852 1804 conferri
899 1764 1108 1804 extrema
1143 1758 1300 1804 unctio
1332 1758 1419 1803 illis
1459 1757 1686 1815 neophitis
1734 1756 2034 1813 moribundis,

250 1857 365 1901 quos
399 1842 717 1888 missionarius
749 1856 939 1901 capaces
980 1841 1267 1901 baptismatis
1299 1841 1507 1896 credidit,
1532 1840 1620 1885 nisi
1642 1841 1804 1885 saltem
1839 1839 2039 1885 habeant

243 1924 449 1984 aliquam
503 1924 817 1970 intentionem
866 1925 1114 1983 recipiendi
1163 1925 1248 1970 hoc
1296 1928 1638 1969 sacramentum
1682 1923 1728 1967 in
1763 1923 2036 1968 beneficium

244 2006 433 2052 animae
467 2021 547 2065 pro
589 2008 751 2052 mortis
783 2012 992 2066 tempore
1025 2007 1304 2052 ordinatum.

370 2091 469 2134 788.
509 2091 654 2135 Huius
689 2091 973 2136 sacramenti
1008 2091 1218 2136 minister
1250 2094 1319 2135 est
1351 2091 1472 2135 solus
1509 2089 1726 2134 Sacerdos
1751 2090 1781 2144 ²,
1817 2089 1894 2133 sed
1917 2090 2038 2134 solus

251 2173 483 2218 Parochus
515 2173 561 2217 in
596 2187 676 2218 sua
721 2173 930 2232 paroecia
964 2179 1044 2219 aut
1080 2174 1156 2232 qui
1191 2176 1247 2217 ab
1277 2187 1332 2218 eo
1367 2172 1599 2218 licentiam
1623 2172 1815 2231 Eaccepit
1852 2177 1921 2217 est
1954 2171 2036 2216 mi·

251 2254 400 2300 nister
423 2256 696 2301 ordinarius.
730 2257 876 2303 Ceteri
900 2257 1054 2316 itaque
1078 2257 1336 2302 sacerdotes
1361 2270 1598 2315 nunquam
1621 2255 1704 2300 sibi
1729 2254 2036 2300 ministerium

248 2344 339 2386 ,hoc
371 2355 553 2385 sumere
587 2346 798 2399 possunt,
838 2341 928 2385 nisi
970 2355 1075 2386 cum
1120 2341 1349 2385 Parochus
1395 2340 1602 2396 iusserit,
1638 2344 1718 2384 aut
1763 2338 2033 2398 permiserit,

249 2424 324 2469 vel
358 2437 482 2478 cum,
513 2424 714 2469 Parocho
737 2424 943 2480 absente,
974 2437 1155 2468 summa
1177 2423 1426 2480 indigentis
1451 2422 1697 2468 necessitas
1719 2422 1761 2467 id
1787 2422 1983 2480 postulet
2000 2421 2032 2466 ⁴².

371 2507 473 2552 789.
515 2506 813 2565 Regularibus
845 2510 1002 2551 tamen
1041 2506 1146 2551 licet
1177 2506 1270 2550 suis
1301 2505 1492 2550 subditis
1524 2505 1706 2564 suisque
1738 2504 2038 2550 familiaribus

250 2594 436 2635 tantum
469 2589 798 2635 administrare
831 2589 1101 2635 unctionem
1134 2594 1410 2634 extremam.
1449 2589 1480 2634 li
1504 2593 1659 2634 autem
1684 2588 1765 2634 soli
1789 2587 2037 2633 familiares

251 2676 482 2720 habentur
515 2675 591 2735 qui
626 2689 680 2720 eo
713 2679 922 2733 tempore
956 2674 1076 2718 intra
1113 2673 1379 2718 monasterii
1412 2677 1538 2731 septa
1572 2671 1792 2730 religiosis
1829 2684 2036 2716 commu-

377 2842 385 2861 ¹
414 2842 555 2886 Graeci,
581 2842 719 2889 aliique
745 2841 960 2885 orientales,
987 2842 1051 2888 qui
1069 2841 1290 2878 Graecorum
1318 2850 1438 2878 mores
1467 2841 1678 2883 imitantur,
1707 2840 1745 2876 in
1771 2839 1880 2877 huius
1908 2839 2034 2876 Sacra·

248 2914 366 2950 menti
405 2914 725 2950 administratione
764 2918 906 2959 septem
933 2913 1110 2950 adhibent
1145 2912 1369 2955 sacerdote-5,
1397 2917 1432 2949 et
1458 2912 1488 2949 si
1517 2917 1658 2958 septem
1694 2920 1770 2947 non
1797 2910 1938 2953 adsint,
1965 2909 2036 2947 sal·

244 2989 326 3021 tem
358 2991 443 3021 tres

372 3056 384 3074 ²
411 3056 546 3093 Bened.
568 3056 664 3099 XIV,
690 3057 731 3094 de
759 3057 842 3102 Syn.
870 3056 891 3092 l.
918 3055 951 3098 8,
978 3065 1058 3101 cap.
1087 3057 1118 3099 7,
1138 3066 1173 3092 n.
1192 3055 1224 3091 5.
1250 3054 1400 3092 Collecl.
1428 3065 1464 3091 n.
1494 3054 1597 3091 1145.
