2176 3386
820 185 952 215 Lmen
977 185 1003 214 1.
1042 184 1100 214 DE
1128 183 1323 213 CLEmcis
1887 172 1969 213 343

177 293 284 339 bere
317 293 348 338 ².
385 291 649 336 Notandum
682 294 753 336 est
788 295 946 336 autem
994 289 1126 335 iuxta
1169 289 1516 348 responsionem
1566 291 1606 335 S.
1641 289 1853 336 Univers.
1892 293 1964 335 In-

173 373 293 434 quis.
331 374 382 419 17
418 376 535 419 Nov.
576 373 689 418 1875
723 387 815 418 non
848 385 947 418 esse
981 372 1306 433 inquietandos
1335 372 1414 432 qui
1440 362 1630 418 nomina
1654 386 1735 418 seu
1757 373 1966 419 actiones

178 455 360 501 viarum
395 457 648 501 ferrearum
693 455 1006 515 similiumque
1048 455 1326 501 societatum
1370 459 1450 499 aut
1498 468 1710 500 arcarum
1751 455 1964 513 publicae

174 539 363 584 utilitati
398 538 754 585 inservientium
786 538 842 583 de
875 551 956 583 sua
990 537 1186 597 pecunia
1231 538 1543 598 acquirerent,
1592 539 1843 584 dummodo
1885 553 1962 598 pa·

174 624 258 667 rati
292 622 387 667 sint
418 627 539 668 stare
574 621 803 667 mandatis
835 621 1096 680 apostolicis
1128 627 1176 666 et
1222 626 1349 667 certo
1397 622 1549 668 sciant
1591 635 1668 667 eas
1715 611 1962 668 societates

175 707 350 751 nullum
386 706 553 751 habere
588 705 868 764 propositum
902 705 1043 750 finem
1078 705 1287 750 illicitum
1323 706 1395 750 vel
1429 705 1772 765 quomodolibet
1804 719 1960 765 suspe-

172 793 300 833 ctum
334 793 381 833 et
411 789 661 834 dummodo
697 788 868 833 nullam
904 788 951 832 in
984 787 1051 833 eis
1083 788 1380 834 societatibus
1412 788 1829 835 administrationis
1863 803 1962 848 par-

174 876 267 916 tem
301 872 554 931 suscipiant
589 885 735 931 neque
768 872 1006 917 actionum
1049 872 1318 917 earumdem
1364 872 1640 917 societatum
1690 872 1962 930 negotiatio-

173 970 280 1001 nem
313 960 580 1001 exerceant.
620 954 721 1000 Pius
750 958 806 1000 Vl
841 956 887 999 in
922 959 1191 1013 Congregat.
1229 958 1270 1000 S.
1297 955 1444 1000 officii
1471 956 1583 1000 1782
1606 955 1860 1001 declaravit
1884 970 1960 1000 ne-

171 1038 386 1084 cessitate
417 1039 633 1096 exigente
669 1038 849 1083 tolerari
885 1038 1051 1096 poterit
1085 1043 1135 1082 ut
1166 1038 1427 1084 sacerdotes
1462 1038 1593 1084 titulo
1627 1039 1858 1084 missionis
1891 1053 1963 1085 or-

169 1122 317 1168 dinati
350 1122 548 1182 aliquam
589 1127 840 1168 exerceant
879 1122 1244 1181 negotiationem
1292 1123 1346 1168 ad
1391 1123 1623 1182 propriam
1666 1124 1961 1170 sustentatio·

173 1219 297 1262 nem,
334 1205 468 1250 modo
501 1210 768 1250 contractus
802 1210 967 1250 natura
1000 1219 1081 1251 sua
1114 1206 1173 1250 sit
1205 1206 1357 1250 licitus
1390 1210 1437 1250 et
1473 1206 1530 1250 ab
1571 1206 1622 1250 iis
1672 1206 1962 1252 solummodo

173 1288 468 1346 impendatur
499 1293 726 1348 quantum
765 1289 1011 1334 honestum
1062 1289 1396 1348 patrimonium
1441 1289 1710 1334 constituat.
1762 1289 1890 1343 Quod
1924 1288 1961 1334 si

171 1386 282 1417 vero
317 1372 483 1417 futuris
517 1372 865 1418 necessitatibus
913 1373 1158 1418 dumtaxat
1205 1373 1264 1417 sit
1311 1373 1645 1418 consulendum
1691 1372 1961 1418 Ordinarius

167 1467 222 1499 ea
258 1455 474 1500 facultate
508 1459 665 1500 utatur
697 1470 836 1515 quam
870 1457 1080 1501 Clemens
1115 1460 1212 1502 xlll
1239 1456 1468 1515 Episcopis
1490 1461 1621 1502 extra
1647 1456 1826 1501 Italiam
1851 1470 1959 1502 con·

168 1539 305 1584 cessit
336 1544 383 1584 et
414 1539 806 1598 dispensationem
840 1540 1154 1585 sacerdotibus
1179 1541 1412 1599 indulgeat
1435 1546 1485 1585 ut
1506 1554 1588 1586 sua
1613 1540 1836 1586 industria
1861 1553 1960 1600 pos·

167 1621 262 1666 sint
294 1622 492 1668 subsidia
524 1637 745 1682 quaerere
788 1624 844 1668 ad
894 1623 1133 1668 vitandam
1183 1628 1434 1682 egestatem
1486 1623 1615 1669 iuxta
1661 1629 1816 1669 tamen
1863 1624 1962 1669 illas

167 1704 459 1750 conditiones
490 1711 537 1750 et
572 1707 748 1764 regulas
779 1721 892 1766 quas
927 1709 967 1752 S.
999 1707 1210 1752 Pontifex
1237 1707 1281 1751 in
1317 1722 1370 1752 ea
1404 1707 1592 1767 epistola
1623 1707 1890 1766 praescribit
1924 1707 1956 1753 ².

287 1791 392 1834 454.
428 1791 585 1845 Quoad
626 1791 939 1836 missionarios
978 1792 1022 1836 in
1063 1793 1351 1838 collectanea
1385 1795 1443 1851 ‚S.
1480 1794 1620 1849 Cong.
1660 1795 1790 1850 Prop.
1835 1790 1959 1835 Fidei

169 1874 250 1917 bas
284 1873 584 1919 resolutiones
629 1874 911 1919 invenimus.
968 1875 1005 1928 l)
1057 1878 1190 1921 Anno
1240 1875 1352 1919 1675
1400 1874 1662 1934 quaesitum
1690 1873 1808 1918 fuit:
1864 1874 1959 1918 sei

169 1954 443 2000 missionarii
481 1969 673 2010 possano
708 1962 889 2015 portare
923 1971 1013 2002 una
1049 1962 1176 2016 parte
1210 1957 1281 2002 dei
1329 1957 1486 2002 viatici
1520 1957 1567 2002 in
1600 1957 1769 2002 corallo
1817 1958 1902 2002 che
1935 1956 1959 2001 ὲ

170 2037 246 2097 pii]
280 2039 472 2084 comodo
505 2040 575 2084 del
609 2040 782 2086 danaro
815 2054 951 2085 senza
985 2042 1070 2086 che
1103 2040 1174 2086 cio
1220 2041 1283 2086 sia
1334 2046 1496 2086 contro
1540 2042 1579 2086 le
1613 2040 1882 2100 proibizioni
1914 2041 1959 2086 di

169 2121 265 2166 fare
299 2123 572 2168 mer-canzie.
612 2124 871 2169 Portandoli
908 2124 1013 2169 tutti
1049 2124 1095 2169 in
1129 2139 1209 2169 oro
1243 2125 1282 2171 ci
1321 2124 1651 2184 perderebbero
1686 2139 1765 2183 per
1806 2109 1958 2170 'essere

168 2203 356 2250 stimato
390 2220 520 2265 poco,
555 2221 580 2251 e
613 2208 835 2265 l’argento
870 2209 1012 2253 riesce
1059 2208 1401 2253 d’incommodo
1444 2222 1536 2254 non
1579 2209 1670 2254 cosi
1716 2208 1745 2253 il
1790 2208 1959 2254 corallo

167 2287 252 2332 che
288 2302 481 2347 possono
517 2290 734 2335 venderlo
767 2305 852 2336 con
888 2291 1143 2350 guadagno.
1198 2295 1484 2350 Responsum
1527 2292 1642 2337 fuit:
1701 2296 1833 2337 Posse
1871 2307 1960 2350 per

169 2372 357 2415 modum
403 2376 769 2430 permutationis
812 2380 853 2418 et
885 2378 937 2419 in
972 2375 1060 2420 hac
1091 2378 1239 2433 speeie
1271 2382 1458 2421 tantam
1494 2375 1524 2421 ².
1583 2379 1625 2433 2)
1676 2378 1809 2421 Anno
1845 2377 1958 2422 1665

166 2452 428 2509 quaesitum
462 2457 531 2497 est
561 2467 621 2498 an
657 2454 932 2499 missionarii
965 2455 1043 2515 qui
1076 2456 1247 2516 absque
1281 2469 1411 2502 sacro
1436 2456 1716 2516 patrimonio
1740 2456 1958 2502 ordinan-

170 2536 247 2578 tur
276 2534 333 2579 ad
365 2535 433 2580 sui
457 2537 845 2584 sustentationem
871 2544 1183 2584 mercaturam
1208 2553 1441 2596 exercere,
1468 2539 1688 2598 pecunias
1710 2553 1815 2584 suas
1839 2554 1957 2584 mer·

169 2618 400 2663 catoribus
432 2619 557 2676 dare,
592 2624 639 2665 et
671 2635 778 2666 cum
803 2621 913 2680 ipsis
933 2622 1205 2668 societatem
1229 2622 1347 2668 inire
1370 2623 1407 2667 si
1431 2622 1615 2668 aliunde
1639 2637 1731 2668 non
1758 2623 1958 2668 babeant

167 2702 397 2759 quomodo
430 2715 528 2746 sese
559 2707 837 2760 sustentare,
874 2718 1146 2764 responsum
1179 2709 1284 2751 est:
1343 2706 1580 2751 'I'oleratur
1621 2707 1676 2751 ad
1730 2711 1957 2752 sustenta·

290 2908 297 2926 ¹
327 2907 525 2945 Gouzxmz
551 2918 633 2955 cap.
660 2909 682 2945 6
708 2909 762 2946 Ne
788 2910 927 2947 clerici.

293 2979 304 2998 ¹
331 2980 482 3018 Collect.
511 2981 547 3018 S.
572 2982 610 3018 C.
638 2983 750 3028 Prop.
777 2982 858 3018 Fid.
886 2993 923 3019 n.
952 2981 1034 3019 542.

291 3050 304 3070 ³
330 3051 480 3090 Collect.
509 3053 644 3090 decret.
671 3063 707 3090 n.
737 3052 818 3090 555.
845 3053 898 3090 Cf.
927 3063 962 3090 n.
990 3054 1073 3091 541.
