2176 3386
496 0 502 7 ¹
548 0 590 9 Μ·
622 11 627 17 ,
655 0 694 15 .--
746 0 773 9 w
788 0 898 19 -aewm
914 0 1049 26 ·,‹,·-:³¹·‚r,·,e·=
1066 0 1135 19 72„-
1150 0 1243 29 ³5:⁷³*—

659 24 661 27 ·
763 23 766 26 ·
844 23 850 26 ·
876 19 878 22 '
947 19 949 23 ¹
971 20 973 22 “
1059 21 1080 35 ..Δ
1191 24 1195 29 ι
1213 17 1221 23 ’“

238 141 319 182 428
881 154 990 183 PARS
1020 154 1044 182 1.
1079 153 1136 183 DE
1164 153 1377 183 Pensoms

971 347 1204 377 auricomus
1235 348 1283 378 ιι.

905 465 976 507 Dc
1021 465 1353 508 Novitiata.

360 591 460 636 554.
499 593 554 635 Ut
587 591 841 636 novitiatus
873 591 932 636 sit
965 591 1171 647 validus,
1209 591 1294 637 tria
1339 591 1660 652 requiruntur:
1706 594 1743 647 1)
1770 596 1820 636 ut
1861 592 1940 637 liat
1973 592 2017 636 in

239 673 338 718 loco
370 673 424 718 ad
460 673 586 718 illum
625 673 803 730 ‹lebito;
854 675 895 730 2)
923 673 969 718 in
1004 673 1160 718 habitu
1197 674 1451 732 religionis3
1502 676 1544 730 5)
1577 689 1682 720 cum
1715 675 1867 721 debita
1901 676 2017 721 certi

241 755 457 813 temporis
489 755 746 800 duratione.

239 885 328 922 lium
354 886 433 923 sive
459 886 744 932 provincialium
772 887 822 923 ita
847 887 919 923 duo
946 888 1178 931 Definitores‚
1205 888 1260 924 vel
1288 888 1525 931 Assistentes,
1554 888 1611 925 vel
1637 889 1876 926 consultores
1910 899 2021 935 gene-

238 959 345 1002 rales,
365 969 430 996 seu
457 960 703 1006 provinciales
730 960 817 1005 eligi
844 960 1012 1003 debeant,
1033 964 1071 997 ut
1098 961 1159 997 alii
1186 961 1467 998 Examinatores
1492 971 1538 998 ex
1565 961 1718 1007 reliquis
1744 961 2018 1004 Definitoribus,

238 1029 518 1073 Assistentibus,
545 1031 838 1074 consultoribus,
865 1031 952 1078 eligi
991 1016 1208 1077 nequeant?
1235 1033 1342 1078 Resp.
1370 1031 1561 1078 Negative.
1588 1052 1633 1057 —-
1658 1032 1690 1068 5.
1718 1032 1846 1068 Utrum
1885 1033 1923 1068 in
1949 1032 2014 1068 Or-

238 1102 398 1145 dinibus,
425 1107 460 1138 et
485 1103 856 1149 Congregationibus,
883 1114 976 1151 quae
1003 1104 1088 1141 licet
1116 1105 1276 1142 habeant
1303 1104 1468 1150 Capitula
1494 1104 1747 1151 provincialia,
1770 1108 1892 1141 tamen
1917 1105 2014 1142 Reli-

237 1176 426 1222 giosorum
455 1176 580 1222 inopia
616 1176 794 1219 laborant,
821 1176 981 1222 eligendi
1010 1178 1084 1213 sint
1110 1182 1250 1223 septem
1279 1178 1568 1222 Examinatores‚
1595 1177 1651 1214 vel
1690 1181 1847 1222 quatuor
1873 1180 2014 1212 tantum

237 1246 452 1283 sufficiant?
479 1248 585 1293 Resp.
612 1247 790 1293 Negative
820 1248 865 1285 ad
892 1249 1047 1294 primam
1088 1254 1247 1295 parterm
1275 1248 1492 1286 affirmative
1531 1250 1576 1286 ad
1602 1250 1818 1287 secundam.
1860 1250 1904 1286 Ut
1931 1260 2018 1286 vero

235 1317 356 1352 omnis
394 1317 607 1363 ambigendi
634 1328 756 1361 causa,
784 1329 878 1365 quae
905 1330 950 1355 ex
977 1329 1131 1356 erronea
1155 1320 1291 1356 decreti
1320 1321 1620 1366 interpretatione
1659 1321 1842 1366 originem
1871 1320 2013 1362 habeat,

235 1388 429 1430 auferatur,
457 1389 574 1425 sciant
612 1399 741 1426 omnes
768 1390 813 1426 ad
839 1401 932 1436 quos
959 1391 1126 1436 pertinet,
1154 1391 1191 1426 in
1218 1391 1417 1428 Ordinibus
1447 1396 1518 1428 tam
1559 1391 1701 1437 amplis,
1729 1401 1840 1438 quam
1871 1391 2017 1436 exiguis

236 1458 405 1496 sufficere
431 1463 503 1496 tres
534 1461 816 1498 Examinatores
844 1462 1102 1508 provinciales,
1128 1467 1272 1508 praeter
1307 1462 1545 1509 Superiorem
1574 1463 1847 1509 provincialem,
1874 1463 1920 1500 ad
1947 1463 2017 1510 pri-

235 1540 336 1567 mum
375 1531 615 1576 scrutinium;
641 1537 677 1568 et
704 1537 775 1570 tres
805 1533 1084 1570 Examinatores
1121 1533 1334 1580 generales,
1362 1539 1506 1580 praeter
1531 1534 1766 1580 Superiorem
1805 1533 2017 1580 generalem

236 1603 281 1639 ad
308 1603 512 1640 secundum
544 1604 760 1640 scrutinium
788 1605 1060 1651 peragendum;
1087 1609 1123 1643 et
1148 1606 1240 1641 alios
1268 1606 1546 1642 Examinatores
1572 1605 1616 1641 ad
1644 1605 1956 1651 opportunitatem
1981 1609 2017 1642 et

238 1676 536 1713 commoditatem
575 1676 767 1722 eligendos
807 1687 901 1714 esse.
933 1696 975 1702 —
1009 1677 1110 1714 6.1n
1148 1678 1301 1714 articulo
1340 1678 1390 1713 III
1416 1678 1561 1714 Decreti
1600 1678 1775 1724 Regulari
1811 1678 2015 1722 disciplinae

236 1748 508 1793 praescribitur,
529 1752 567 1785 ut
592 1748 825 1785 Postulantes
853 1750 1026 1786 accedere
1053 1750 1211 1786 debeant
1235 1750 1282 1786 ad
1308 1750 1431 1786 locum
1458 1750 1565 1795 primi
1592 1750 1771 1792 scrutinii,
1791 1754 1829 1786 ut
1854 1749 1901 1785 ab
1922 1750 2018 1786 Exa-

237 1819 482 1856 minatoribus
510 1819 801 1865 provincialibus
820 1820 1003 1866 personali
1032 1821 1192 1856 examini
1220 1821 1474 1857 subiicianlur.
1503 1821 1620 1866 Saepe
1639 1821 1788 1866 saepius
1814 1820 1959 1865 accidit,
1981 1824 2018 1857 ut

235 1890 447 1927 huiusmodi
476 1901 632 1927 examen
652 1891 843 1937 personale
870 1892 1010 1938 absque
1029 1892 1183 1928 notabili
1209 1892 1442 1929 incommodo
1462 1892 1733 1929 Postulantium
1762 1891 1839 1929 fieri
1859 1895 2019 1938 nequeat

237 1961 313 1997 sive
340 1961 387 1997 ob
413 1971 607 2007 expensas,
627 1962 702 1998 sive
730 1962 778 1999 ob
797 1963 866 1999 leci
893 1963 1117 1999 distantiam.
1145 1964 1376 2009 Quapropter
1400 1963 1571 2000 nonnulli
1590 1963 1804 2008 Superiores
1831 1962 2019 2008 regulares

236 2034 529 2080 expostularunt,
557 2035 743 2080 quomodo
771 2035 808 2071 in
834 2035 1046 2072 huiusmodi
1074 2035 1221 2072 casibus
1249 2045 1329 2071 sese
1357 2045 1483 2081 gerere
1517 2033 1706 2072 debeant?
1734 2035 1839 2081 llesp.
1867 2035 2018 2071 Provin-

236 2105 340 2142 cialis
366 2105 416 2151 (et
443 2106 480 2141 in
507 2106 699 2148 Institutis‚
728 2109 765 2142 in
791 2107 928 2152 quibus
956 2107 1196 2143 Provincialis
1235 2117 1311 2143 non
1337 2107 1470 2149 existit,
1500 2108 1529 2143 is
1555 2107 1617 2153 qui
1645 2107 1724 2143 eius
1763 2110 1882 2152 partes
1916 2107 2017 2143 iuxta

236 2176 425 2213 decretum
452 2177 651 2223 adimplere
670 2176 792 2219 debet)
819 2188 903 2214 cum
932 2178 1047 2214 tribus
1068 2178 1401 2220 Examinatoribus,
1421 2178 1467 2214 ad
1486 2178 1735 2224 peragendum
1762 2187 1919 2214 examen
1937 2187 2017 2223 per-

237 2248 364 2284 sonale
391 2248 675 2290 Postulantium‚
695 2249 843 2294 quando
871 2248 926 2284 vel
955 2249 1002 2285 ob
1021 2248 1092 2285 loci
1119 2249 1342 2291 distantiam,
1362 2249 1418 2284 vel
1447 2249 1494 2284 ob
1513 2249 1622 2285 aliam
1650 2249 1906 2285 rationabilem
1932 2258 2021 2285 cau-

236 2330 316 2357 sam
334 2320 593 2366 postulantem,
613 2320 658 2356 ab
677 2330 830 2357 accessu
857 2319 1042 2366 personali
1071 2320 1285 2366 dispensare
1314 2321 1567 2362 iudicaverint,
1586 2321 1728 2366 possint
1755 2320 1930 2366 deputare
1950 2321 2019 2357 Re-

237 2393 410 2438 ligiosum
450 2392 505 2429 sui
534 2391 694 2434 Ordinis,
720 2401 830 2437 quem
857 2392 894 2427 in
921 2392 1079 2428 Domino
1119 2392 1292 2428 idoneum
1319 2401 1445 2428 revera
1474 2392 1779 2434 existimaverint,
1804 2391 1836 2428 si
1862 2399 2019 2428 examen

238 2464 300 2501 fiat
326 2465 363 2500 in
390 2464 484 2508 1000,
510 2464 573 2501 ubi
601 2467 804 2500 conventus
831 2463 978 2500 Ordinis
1017 2463 1212 2509 reperitur;
1241 2473 1347 2500 secus
1372 2463 1534 2508 aliquam
1574 2472 1769 2508 personam
1795 2462 2021 2499 eeclesiasti-

236 2546 318 2573 cam
345 2536 420 2572 sive
446 2546 492 2573 ex
519 2536 617 2572 clero
656 2535 847 2578 saeculari,
875 2536 955 2571 sive
980 2545 1027 2572 ex
1053 2535 1150 2571 clero
1178 2535 1348 2580 regulari,
1375 2535 1574 2571 dummodo
1603 2535 1808 2581 Episcopus
1849 2535 1933 2580 loci,
1961 2535 2017 2571 vel

237 2608 317 2645 eius
343 2607 514 2643 Vicarins
553 2606 736 2652 generalis
762 2616 842 2642 eam
871 2606 1039 2643 idoneam
1072 2606 1297 2649 iudicaverit,
1325 2605 1542 2642 transmissa
1566 2605 1816 2642 Examinatori
1844 2605 2017 2650 deputato

238 2679 481 2715 instructione
508 2678 606 2714 circa
632 2687 675 2713 ea
700 2687 811 2723 snper
847 2677 983 2723 quibus
1010 2677 1206 2713 Postulans
1232 2676 1503 2714 examinandus
1529 2676 1606 2712 erit.
1634 2676 1771 2712 Verum
1801 2675 2021 2720 aetigimus,

238 2749 294 2785 vel
313 2749 387 2786 alia
414 2758 571 2795 persona
597 2749 642 2785 ad
660 2757 818 2785 examen
844 2748 1109 2794 perficiendum
1135 2747 1320 2793 deputata,
1341 2747 1585 2784 transmittere
1612 2749 1779 2782 teneatur
1803 2745 2019 2782 relationem

238 2821 423 2858 examinis
448 2821 496 2856 ab
524 2820 604 2866 ipso
631 2820 688 2856 vel
716 2820 796 2866 ipsa
822 2820 1080 2866 subscriptam,
1102 2819 1306 2856 iuramento
1335 2818 1525 2861 firmatam,
1544 2829 1616 2865 qua
1640 2818 1857 2864 profiteatur
1880 2827 1955 2855 sese
1978 2817 2018 2863 fi-
2065 2850 2071 2860 ,

238 2891 367 2927 daliter
390 2900 527 2927 munus
563 2900 671 2927 suum
697 2889 958 2935 adimplevisse,
985 2899 1213 2936 quacumque
1248 2889 1409 2925 humana
1435 2889 1616 2935 affectione
1641 2888 1849 2933 postposita.
1877 2887 2020 2943 Quibus

238 2962 407 3008 peractis,
434 2961 665 2998 Provincalis
690 2960 825 2997 dictam
854 2960 1072 2997 relationem
1110 2960 1228 2996 tribus
1254 2959 1581 2996 Examinatoribus
1607 2958 1783 2996 exhibere
1809 2958 1951 3000 debeat,
1979 2948 2020 2994 ut*

236 3032 467 3075 scrutinium,
486 3031 531 3068 de
548 3041 622 3077 quo
651 3031 688 3067 in
713 3030 842 3067 eodem
868 3035 934 3067 art.
953 3030 1003 3066 111
1033 3030 1189 3073 Deci-eti,
1205 3030 1242 3065 in
1259 3029 1412 3076 1·eliquis
1438 3028 1660 3075 perficiatur,
1678 3033 1714 3064 et
1732 3031 1856 3064 cetera
1880 3026 2018 3069 omnia,
