2176 3386
797 192 927 220 LIBER
955 191 979 220 1.
1015 191 1073 219 DE
1101 189 1296 220 cmmms
1864 179 1944 219 219

151 315 200 348 se
232 302 390 357 refert,
425 300 480 346 de
511 314 602 361 quo
634 301 768 358 paulo
803 299 947 344 fusius
978 299 1294 345 disserendum
1329 303 1413 344 est.
1449 301 1589 343 Porro
1621 298 1839 358 quamvis
1881 298 1943 344 le-

149 383 282 443 gibus
317 384 542 442 Episcopi,
568 383 645 443 qui
670 382 718 428 in
741 396 822 428 sua
845 382 1040 427 dioecesi
1066 381 1296 440 generalis
1319 385 1473 440 pastor
1494 360 1580 436 est,
1607 381 1786 426 subsint
1811 385 1943 440 quot-

151 469 262 526 quot
296 466 415 511 illius
446 465 694 511 dioecesim
727 465 954 520 incolunt,
991 465 1323 524 cuiuscumque
1356 462 1449 508 sint
1481 467 1628 508 status
1651 467 1697 508 et
1720 464 1943 508 conditio-

151 549 240 605 nis,
274 563 356 608 per
388 550 509 607 leges
542 552 699 593 tamen
735 547 983 592 canonicas
1015 547 1167 606 aliqua
1200 546 1399 604 capitula
1435 550 1480 590 et
1504 547 1734 604 regulares
1761 547 1819 591 ab
1845 546 1942 605 Epi-

150 645 393 691 scoporum
430 631 743 677 iurisdictione
776 630 981 689 exempti
1015 634 1139 675 sunt.
1177 634 1298 675 Haec
1331 634 1486 674 autem
1522 629 1784 688 exemptio,
1832 630 1941 675 duni

154 715 382 773 regulares
415 714 579 759 liberat
610 729 636 760 a
671 713 955 759 subiectione
987 713 1137 773 quoad
1170 712 1485 768 Ordinarium,
1520 726 1598 757 eos
1631 716 1838 758 reservat
1876 713 1943 757 iu-

153 797 404 842 risdictioni
430 796 724 842 immediatae
747 811 801 841 ac
824 796 1084 855 privativae
1108 795 1232 840 Sedis
1258 795 1541 854 Apostolicae
1566 796 1596 840 ¹.
1633 797 1942 850 Quamobrem

152 881 281 925 nefas
313 885 382 925 est
416 879 698 938 regularibus
736 883 885 924 semet
926 878 1150 923 subiicere
1197 876 1440 922 Ordinario
1484 877 1528 921 in
1573 876 1644 933 iis,
1689 878 1735 922 in
1778 878 1944 938 quibus

151 963 356 1022 exempti
381 968 504 1008 sunt.

274 1047 521 1092 Enimvero
555 1051 606 1091 ut
638 1046 918 1091 monasteria
942 1046 1028 1090 hoc
1051 1046 1362 1104 exemptionis
1385 1045 1623 1104 privilegio
1655 1044 1720 1088 uti
1747 1044 1938 1102 possint,

152 1129 466 1187 religiosorum
501 1143 723 1175 numerus
755 1129 802 1173 in
848 1129 1127 1174 monasterio
1170 1129 1436 1187 degentium
1481 1128 1728 1188 requiritur
1769 1142 1793 1172 a
1843 1128 1941 1173 iure

149 1217 365 1258 statutus.
402 1217 552 1267 Quare
586 1213 671 1258 hoc
705 1212 943 1271 privilegio
978 1226 1069 1257 non
1104 1213 1324 1256 fruuntur
1357 1211 1653 1266 monasteria,
1689 1225 1806 1271 quae
1845 1226 1941 1256 ere-

148 1300 223 1341 cta
257 1301 366 1341 sunt
399 1311 478 1355 per
510 1296 689 1340 Italiam
723 1301 769 1340 et
802 1295 974 1340 insulas
1005 1296 1269 1341 adiacentes
1300 1301 1409 1340 ante
1447 1300 1600 1342 Const.
1650 1295 1818 1340 Urbani
1842 1298 1941 1341 VIII

149 1379 240 1424 diei
264 1381 314 1424 21
343 1380 439 1424 iun.
471 1380 598 1435 1625,
624 1394 740 1440 quae
764 1384 869 1424 actu
895 1394 987 1425 non
1011 1380 1184 1425 habent
1206 1393 1287 1425 sex
1311 1381 1541 1438 regulares
1562 1380 1777 1438 probatae
1798 1379 1938 1434 vitae,

148 1477 346 1523 quornm
382 1463 659 1521 regularium
693 1465 856 1508 saltem
890 1468 1087 1523 quatuor
1119 1463 1390 1509 sacerdotali
1424 1464 1691 1508 charactere
1734 1462 1938 1520 insigniti

148 1550 197 1591 et
228 1546 275 1591 in
309 1551 460 1591 aetate
493 1548 551 1591 40
583 1561 812 1592 annorum
847 1547 1084 1592 constituti
1120 1551 1244 1592 sunt.
1282 1548 1324 1592 Si
1360 1561 1470 1592 vero
1504 1561 1656 1591 sermo
1679 1546 1738 1591 sit
1766 1547 1820 1591 de
1845 1560 1940 1591 mo-

151 1629 363 1675 nasteriis
397 1634 495 1688 post
529 1635 712 1688 tempus
744 1630 853 1675 illud
886 1631 1069 1686 erectis,
1105 1644 1291 1675 necesse
1316 1635 1384 1675 est
1409 1634 1458 1674 ut
1479 1631 1680 1675 habeant
1702 1645 1758 1674 ex
1782 1632 1937 1675 Const.

148 1770 361 1808 facultatem
387 1771 567 1808 retinendi
594 1781 638 1808 ac
666 1771 811 1817 legendi
841 1771 955 1808 libros
975 1771 1199 1816 prohibitos:
1229 1771 1286 1807 his
1305 1777 1427 1808 tamen
1446 1770 1720 1807 adhaerendum
1741 1780 1816 1806 non
1838 1776 1937 1816 puta-

149 1853 241 1886 mus,
270 1849 346 1879 tum
373 1844 460 1889 quia
486 1844 679 1880 facultates
707 1844 921 1889 personales
949 1847 1045 1886 sunt,
1074 1843 1231 1888 ideoque
1259 1852 1457 1888 personam
1494 1852 1728 1888 quocumque
1763 1843 1941 1878 comitan-

151 1918 219 1957 tur,
247 1920 324 1951 tum
351 1915 448 1961 quia,
477 1921 513 1951 ut
540 1915 715 1957 diximus,
743 1915 942 1961 requiritur
968 1919 1109 1952 tantum
1139 1920 1176 1951 ut
1204 1915 1246 1958 is,
1274 1915 1310 1950 in
1339 1915 1444 1951 cuius
1471 1915 1634 1951 favorem
1663 1914 1817 1950 facultas
1837 1924 1941 1950 exer-

147 1990 261 2029 cetur,
288 1987 325 2022 in
351 1987 513 2023 dioecesi
540 1987 587 2022 sit
612 1997 656 2022 eo
684 1992 871 2023 momento
899 1996 972 2032 quo
1000 1987 1209 2030 datur‚non
1236 1996 1322 2023 vero
1349 1997 1393 2022 eo
1423 1990 1611 2022 momento
1631 1996 1703 2032 quo
1722 1986 1808 2022 data
1826 1985 1941 2022 facul-

148 2062 220 2093 1ate
247 2057 370 2094 utitur.
398 2057 528 2094 Libros
555 2061 679 2094 autem
707 2057 916 2103 prohibitos
943 2057 990 2093 ab
1018 2057 1203 2103 Episcopo
1231 2067 1306 2094 non
1333 2068 1412 2101 suo,
1442 2058 1478 2093 in
1504 2057 1614 2094 huius
1633 2057 1794 2093 dioecesi
1815 2062 1939 2094 tenere

148 2136 185 2167 et
210 2130 331 2175 legere
359 2130 585 2176 prohibetur.
612 2130 781 2167 Ceterum
809 2129 978 2166 clausula
1004 2130 1116 2166 haec:
1143 2141 1206 2166 nec
1230 2131 1274 2166 iis
1300 2131 1355 2166 uti
1373 2132 1484 2176 possit
1510 2135 1591 2175 etc„
1619 2140 1694 2166 non
1720 2135 1774 2167 est
1804 2130 1939 2166 subau-

147 2202 281 2239 dienda
310 2203 345 2237 in
373 2201 610 2239 facultathus
638 2210 731 2247 quae
759 2201 954 2246 Episcopis
981 2210 1002 2236 a
1029 2201 1063 2237 S.
1092 2201 1184 2237 Sede
1216 2202 1474 2244 conferuntur,
1503 2203 1575 2239 nisi
1609 2203 1715 2239 fuerit
1750 2212 1938 2248 expressa,

149 2273 205 2310 vel
233 2273 338 2310 aliter
365 2277 508 2310 constet
533 2273 577 2310 de
605 2279 728 2310 mente
756 2274 895 2310 Summi
924 2273 1127 2316 pontificis,
1148 2273 1204 2309 vel
1231 2274 1302 2310 nisi
1331 2273 1499 2310 subiecta
1525 2274 1680 2311 materia
1704 2283 1786 2309 eam
1819 2274 1941 2319 requi·

150 2349 214 2388 rat,
241 2344 499 2381 subaudienda
526 2354 612 2381 vero
639 2348 694 2381 est
721 2345 759 2380 in
785 2344 959 2381 facultate
986 2344 1226 2389 dispensandi
1255 2354 1366 2390 super
1392 2345 1656 2391 impedimento
1689 2343 1825 2381 mixtae
1859 2344 1934 2382 reli-

149 2415 283 2461 gionis.
310 2416 474 2452 Iamvero
501 2426 547 2453 ex
573 2416 682 2452 dictis
709 2415 966 2461 consequitur:
997 2414 1282 2460 nominandos
1309 2416 1373 2461 qui
1402 2416 1644 2452 instituuntur
1671 2416 1708 2451 in
1734 2415 1859 2462 aliquo
1886 2426 1939 2453 se-

149 2487 304 2523 minario
331 2487 513 2524 dioecesis
539 2497 614 2523 non
641 2496 742 2529 suae,
769 2486 895 2532 ibique
921 2487 966 2523 de
993 2495 1180 2523 consensu
1208 2496 1359 2523 suorum
1397 2486 1676 2524 Oi·dinariorum
1708 2487 1754 2523 ad
1790 2487 1937 2523 ordines

149 2563 420 2604 promoventur,
447 2558 653 2604 dispensari
681 2568 755 2595 non
784 2568 891 2603 posse
930 2568 1050 2604 neque
1084 2558 1384 2618 in=te1nporibus
1418 2559 1710 2604 ordinationum,
1742 2569 1863 2605 neque
1900 2560 1937 2595 in

149 2629 429 2675 irregularitate,
446 2640 566 2677 neque
594 2630 631 2666 in
659 2635 776 2666 aetate
803 2635 885 2675 eto.;
913 2636 1056 2677 oportet
1083 2631 1196 2677 igitur
1222 2635 1260 2668 ut
1288 2631 1327 2666 in
1354 2630 1504 2677 propria
1528 2631 1691 2668 dioecesi
1717 2631 1936 2667 ordinentur

150 2701 274 2747 ibique
292 2711 315 2738 a
334 2702 481 2748 proprio
508 2702 694 2748 Episcopo
712 2702 985 2748 dispensentur,
1005 2708 1069 2739 aut
1086 2707 1122 2740 ut
1143 2702 1317 2740 alteruter
1342 2703 1549 2748 Episcopus
1576 2702 1737 2748 speciale
1764 2702 1810 2740 ad
1838 2702 1936 2739 hunc

148 2771 317 2810 effectum
352 2773 534 2810 indultum
561 2774 694 2811 habeat
720 2783 742 2810 a
768 2774 803 2811 S.
830 2774 934 2811 Sede.
975 2773 1010 2819 2)
1040 2775 1267 2820 Episcopum
1295 2775 1329 2810 vi
1359 2774 1624 2811 iurisdictionis
1663 2775 1870 2811 ordinariae
1899 2775 1936 2810 in

149 2843 366 2888 interstitiis,
385 2845 441 2881 vel
468 2846 506 2881 in
522 2845 617 2882 votis
645 2855 723 2882 non
740 2846 948 2888 reservatis,
975 2845 1031 2882 vel
1053 2847 1089 2882 in
1108 2846 1345 2890 abstinentia,
1366 2847 1421 2883 vel
1443 2846 1712 2893 irregularitate
1732 2847 1769 2882 in
1787 2846 1936 2883 casibus

152 2923 173 2951 a
190 2915 269 2953 iure
287 2915 356 2961 ipsi
382 2917 571 2954 concessis
589 2917 876 2964 dispensantem,
904 2927 1015 2964 posse
1042 2928 1110 2955 sua
1137 2918 1191 2955 uti
1218 2922 1400 2964 potestate
1423 2928 1513 2964 erga
1531 2919 1700 2955 subditos
1727 2927 1827 2960 suos,
1846 2918 1937 2963 quin

150 2983 206 3021 vel
233 2986 311 3032 ipse
336 2985 394 3023 vel
419 2986 444 3022 ii
472 2986 510 3022 in
535 2986 697 3023 dioecesi
723 2997 792 3024 sua
816 2991 899 3024 actu
927 2988 1099 3025 existant.

268 3057 278 3077 ¹
306 3058 424 3095 Bonis.
451 3058 550 3095 VIII.
576 3058 699 3096 Const.
726 3060 835 3096 Sacer
860 3059 958 3096 Ordo
984 3063 1111 3102 vester,
1141 3059 1184 3096 ¹6
1210 3060 1289 3096 Ian.
1318 3059 1420 3096 1298.
