2176 3386
265 175 345 215 258
909 186 1031 215 PARS·
1049 186 1072 215 1.
1107 187 1165 215 DE
1193 187 1404 216 pensoms

264 293 442 350 dicunt,
477 294 523 339 in
557 308 647 354 quo
679 299 726 339 et
759 299 1061 339 monumenta
1095 295 1287 355 quaevis
1319 299 1478 341 vetera
1510 296 1658 341 locata
1691 301 1801 341 sunt
1831 302 1878 343 et
1922 313 2043 346 nova

265 382 554 437 reponuntur
586 378 631 424 in
665 378 777 434 dies,
813 382 937 423 recte
969 378 1268 423 custodiatur.
1306 380 1348 424 2.
1385 379 1609 425 Visitandi
1636 384 1744 426 sunt
1767 381 1973 439 Parochi,
1999 387 2045 428 et

264 462 592 522 inquirendum
625 462 746 507 circa
780 475 939 506 eorum
974 461 1288 517 residentiam,
1324 464 1444 508 circa
1479 462 1792 509 visitationem
1842 465 2043 510 infirmo·

264 561 383 601 rum,
421 560 666 605 puerorum
701 546 1054 590 instructionem
1091 546 1135 590 in
1170 560 1218 590 re
1241 546 1510 601 christiana,
1535 547 1871 605 expositionem
1903 562 2041 595 evan-

262 629 383 688 gelii,
417 628 824 673 denunciationem
850 628 1125 673 ieiuniorum
1149 629 1418 689 dierumque
1442 631 1663 675 festorum
1687 631 1931 676 dominicis
1952 633 2043 679 die·

263 713 346 756 bus
370 712 533 769 populo
569 711 845 767 faciendam,
881 711 1235 770 applicationem
1271 713 1435 758 missae
1471 728 1549 771 pro
1584 716 1764 773 populo,
1800 721 2043 776 ceteraque

263 794 418 838 omnia
454 793 727 851 parochialia
764 807 981 850 munera3
1019 799 1117 839 tum
1151 794 1272 839 circa
1306 794 1525 840 librorum
1553 797 1881 854 parochialium
1906 802 2043 858 atque

262 879 454 924 archivii
490 878 756 923 custodiam.
794 879 834 923 5.
872 878 1138 923 visitandae
1173 892 1393 936 personae
1425 881 1481 924 ad
1514 881 1694 926 Curiam
1740 882 2040 939 pertinentes,

263 960 529 1018 praesertim
566 959 831 1005 Cancellarii
867 960 987 1004 circa
1021 964 1123 1005 acta
1147 960 1299 1005 civilia
1325 965 1370 1006 et
1392 961 1667 1017 criminalia,
1693 967 1848 1007 utrum
1882 963 2040 1009 distin·

262 1048 334 1086 cte
367 1046 413 1086 et
445 1042 637 1086 fideliter
668 1056 720 1086 ea
756 1042 1003 1097 retineant,
1039 1056 1289 1102 eorumque
1324 1043 1639 1088 inventarium
1683 1045 1906 1101 habeant,
1943 1050 2041 1090 tum

262 1125 381 1170 circa
415 1125 526 1170 alios
557 1125 717 1170 Curiae
757 1125 918 1181 libros,
961 1126 1004 1170 id
1043 1131 1112 1170 est
1153 1127 1498 1171 ordinationum
1543 1142 1793 1187 earumque
1833 1133 2039 1173 actorum

260 1210 544 1263 aliarumque
578 1208 902 1266 episcopalium
940 1210 1248 1265 functionum,
1286 1210 1621 1268 professionum
1655 1210 1757 1255 fidei
1790 1225 2041 1270 eorumque

260 1292 335 1351 qui
370 1292 583 1337 emittere
616 1307 717 1337 eam
761 1293 1048 1349 debuerunt,
1090 1295 1345 1354 supplicum
1390 1295 1644 1340 libellorum
1685 1300 1730 1340 et
1771 1295 2041 1354 quorumvis

260 1377 585 1435 rescriptorum
620 1382 700 1421 aut
731 1378 1040 1433 decretorum,
1075 1393 1191 1437 quae
1225 1379 1324 1424 sine
1358 1380 1505 1424 forma
1539 1379 1737 1424 iudiciali
1763 1379 1892 1435 fiant,
1917 1384 2039 1425 acto-

261 1475 361 1504 rum
396 1474 475 1505 seu
510 1462 798 1518 negotiorum
824 1475 940 1520 quae
958 1461 1013 1505 ad
1041 1462 1263 1507 moniales
1286 1462 1541 1520 pertinent;
1580 1468 1675 1507 tum
1699 1462 1896 1520 denique
1918 1462 2037 1506 circa

261 1543 445 1586 modum
481 1557 569 1600 quo
606 1542 632 1585 ii
669 1542 767 1586 libri
802 1547 1064 1597 servantur,
1092 1548 1245 1587 utrum
1270 1543 1485 1589 distincto
1509 1544 1668 1588 ordine
1690 1548 1735 1588 et
1759 1547 1912 1587 utrum
1937 1544 2038 1588 sub-

258 1623 554 1680 scriptionem
590 1624 790 1667 habeant
823 1628 960 1682 atque
993 1625 1369 1682 approbationem
1408 1625 1638 1683 Episcopi,
1675 1624 1747 1669 vel
1781 1624 1919 1669 etiam
1966 1623 2036 1667 Vi-

259 1707 365 1751 carii
401 1707 635 1752 Generalis
668 1712 713 1750 et
745 1707 1010 1752 cancellarii
1045 1708 1143 1752 cius
1175 1708 1395 1766 temporis
1427 1722 1516 1766 quo
1558 1707 1785 1766 compacti
1831 1709 2033 1751 fuerunt.

257 1792 299 1835 4.
339 1790 602 1835 visitandae
635 1794 744 1834 sunt
781 1790 1001 1834 Moniales
1033 1789 1153 1834 circa
1187 1789 1474 1848 disciplinam
1515 1795 1559 1834 et
1603 1789 1870 1847 praesertim
1916 1788 2036 1833 circa

257 1874 544 1917 clausuram:
582 1887 640 1916 an
677 1875 902 1917 fenestras
944 1872 989 1916 in
1034 1872 1192 1916 domos
1236 1872 1540 1917 saccularium
1586 1870 1912 1928 prospicientes
1959 1869 2035 1913 ha-

257 1957 411 2010 beant,
448 1969 504 1999 an
541 1955 763 2014 colloquia
798 1969 903 1999 cum
937 1957 1111 1999 exteris
1145 1955 1320 2010 ineant,
1356 1969 1414 1998 an
1449 1952 1574 1998 chori
1619 1951 1862 1997 servitium
1910 1965 2034 2010 prae-

255 2044 395 2093 stent,
430 2053 489 2083 an
523 2043 812 2083 sacramenta
847 2038 1112 2097 suscipiant.
1152 2043 1263 2083 Tum
1299 2040 1419 2083 circa
1456 2038 1656 2083 novitias
1688 2041 1735 2081 et
1776 2036 2036 2081 educandas

255 2123 523 2181 praesertim
559 2122 883 2181 inquirendum
920 2127 1074 2166 utrum
1109 2122 1331 2180 separatis
1365 2124 1407 2165 in
1434 2121 1544 2166 locis
1568 2120 1791 2164 habitent.
1829 2121 1941 2162 'rum
1968 2118 2033 2161 in-

253 2207 527 2266 quirendum
564 2206 683 2251 circa
718 2206 854 2250 libros
886 2206 961 2264 qui
997 2205 1150 2249 haberi
1184 2205 1241 2249 ab
1274 2205 1509 2249 Abbatissa
1542 2204 1726 2258 debent,
1762 2202 1936 2246 scilicet
1967 2202 2035 2246 in-

254 2288 463 2332 ventaria
500 2289 723 2332 bonorum
757 2287 987 2332 stabilium
1022 2301 1075 2331 ac
1108 2286 1275 2331 iurium
1313 2285 1598 2341 monasterii,
1635 2285 1850 2329 introitus
1872 2289 1918 2329 et
1940 2284 2034 2329 exi-

253 2375 327 2415 tus
358 2371 486 2425 anni,
522 2370 903 2414 deliberationum
939 2368 1276 2427 capitularium.
1315 2372 1428 2413 Tum
1471 2367 1668 2424 denique
1708 2366 2031 2424 inquirendum

252 2457 386 2497 caute
418 2456 465 2497 et
499 2451 709 2511 prudenti
746 2452 895 2506 modo,
931 2451 1051 2496 circa
1088 2452 1249 2505 vitam,
1285 2464 1435 2495 mores
1457 2464 1509 2494 ac
1532 2450 1832 2493 directionem
1856 2449 2031 2493 conses-

251 2535 374 2579 sarii.
412 2536 452 2580 ὅ.
491 2536 753 2580 Visitandae
786 2541 894 2580 sunt
926 2535 1339 2581 Confratcrnitates
1371 2534 1591 2578 laicorum
1625 2532 1746 2577 circa
1779 2531 2030 2589 legitimam

251 2632 409 2663 earum
445 2619 783 2663 institutionem
819 2632 1069 2677 earumque
1101 2622 1297 2672 statuta,
1342 2617 1462 2661 circa
1510 2629 1668 2661 earum
1713 2615 2030 2658 interventum

250 2703 304 2746 ad
341 2702 542 2759 publicas
574 2701 917 2760 processiones‚.
939 2702 1059 2746 circa
1093 2700 1541 2746 administrationem
1577 2699 1819 2752 bonorum,
1852 2710 2030 2741 earum-

250 2784 354 2829 dem
389 2784 704 2829 inventarium
739 2789 785 2828 et
817 2785 1092 2828 archivium.
1129 2787 1169 2828 6.
1200 2783 1422 2827 Visitandi
1456 2787 1564 2826 sunt
1587 2780 1688 2825 laici
1712 2793 1790 2824 seu
1819 2780 2028 2838 populuS,

249 2871 295 2912 et
327 2867 654 2926 inquirendum
687 2881 746 2911 an
780 2867 932 2912 adsint
966 2872 1151 2926 peccata
1185 2867 1336 2925 aliqua
1369 2866 1564 2924 publica,
1600 2865 1674 2910 vel
1696 2863 1833 2924 aliqui
1864 2860 2030 2922 publici

249 2956 528 3010 peccatores,
565 2956 615 2996 ut
646 2951 995 3008 concubinarii;
1030 2951 1248 3003 coniuges
1280 2950 1476 3008 separati
1507 2950 1677 3009 absque
1700 2948 1865 2994 iudicio
1886 2948 2028 2993 eccle·

249 3036 450 3091 siastico,
486 3034 754 3093 blasphemi,
790 3033 1002 3089 usurarii,
1039 3038 1127 3078 etc.
1169 3034 1210 3077 7.
1242 3034 1444 3093 Denique
1477 3037 1545 3078 est
1578 3033 1660 3091 ipsi
1695 3032 2026 3092 providendum

248 3122 299 3162 ut
333 3117 539 3176 publicae
572 3117 753 3162 scholae
787 3116 862 3160 ubi
896 3116 1063 3161 desunt
1094 3115 1363 3175 aperiantur
1395 3120 1491 3161 tam
1526 3129 1606 3174 pro
1638 3114 1853 3160 masculis
1889 3127 2026 3173 quam
