2176 3386
803 205 933 234 Lmen
960 205 985 232 1.
1021 204 1079 232 DE
1107 202 1300 232 CLEmc1s
1866 189 1942 230 391

167 315 495 362 continentur:
536 315 586 382 1))
610 314 658 358 in
691 314 796 359 sede
818 314 859 358 ei
882 313 1121 357 tribuenda
1148 312 1194 357 in
1229 312 1327 357 loco
1352 310 1494 369 magis
1518 310 1769 371 honorifico
1792 329 1800 368 ;
1827 312 1869 369 2)
1896 311 1943 356 in

167 398 425 444 assistentia
458 397 607 443 eidem
643 397 935 457 praestanda3
973 396 1014 452 5)
1052 395 1098 440 in
1132 409 1186 440 eo
1218 394 1488 440 associando
1520 407 1573 438 ac
1593 394 1878 439 deducendo.

283 480 438 534 Quoad
465 478 877 539 praeeminentiam
906 477 990 522 loci
1015 478 1047 533 ¹,
1072 477 1260 522 statuit:
1294 478 1527 534 Episcopis
1550 476 1714 534 ubique
1736 478 1775 520 is
1797 475 1946 520 honor

168 564 420 619 tribuatur,
456 565 537 622 qui
566 576 726 607 eorum
760 563 988 619 ἀὶῃηὶιαιι·
1014 576 1110 619 par
1145 568 1221 617 est,
1258 564 1411 620 cisque
1443 563 1494 604 in
1528 560 1664 604 choro
1703 566 1744 604 et
1778 563 1827 604 in
1866 562 1946 605 Ca-

164 646 328 703 pitulo,
366 648 414 689 in
444 645 808 702 processionibus
840 650 881 688 et
914 645 1021 689 aliis
1053 645 1229 689 actibus
1257 644 1453 701 publicis
1483 645 1540 687 sit
1565 645 1728 700 prima
1749 642 1875 686 sedes
1906 649 1946 687 et

167 718 304 783 loeus,
331 741 465 786 quem
488 729 578 784 ipsi
597 728 824 785 eleyerint
848 733 888 771 et
917 729 1181 784 praecipua
1202 729 1416 770 omnium
1451 739 1613 770 rerum
1641 725 1944 782 emendaram

167 813 439 856 auctoritas.

286 893 442 946 Quoad
475 892 808 948 assistentiam,
843 893 932 937 duo
966 891 1202 947 Canonici,
1237 892 1272 936 si
1310 891 1557 950 Episcopus
1590 890 1720 946 velit,
1756 895 1946 948 possunt

167 989 219 1021 ac
252 976 421 1020 debent
453 976 514 1019 illi
538 975 749 1020 assistere
772 978 818 1019 et
842 975 1066 1020 inservire
1090 974 1136 1018 in
1161 974 1375 1019 omnibus
1393 988 1509 1033 quae
1529 973 1782 1032 respiciunt
1806 972 1946 1031 ipsius

167 1064 213 1104 et
248 1059 472 1104 Ecclesiae
506 1058 768 1104 utilitatem.
806 1058 861 1104 Hi
895 1063 1086 1115 possunt
1107 1058 1164 1102 ab
1191 1057 1407 1116 Episcopo
1440 1071 1597 1102 secum
1632 1057 1736 1101 duci
1760 1061 1807 1101 et
1828 1056 1946 1115 apud

167 1154 214 1185 se
246 1140 439 1185 detineri
475 1141 573 1186 sive
592 1142 647 1186 ad
673 1141 934 1187 functiones
953 1141 1265 1196 celebrandas,
1286 1141 1383 1185 sive
1407 1140 1460 1184 ad
1483 1140 1662 1198 negotia
1689 1139 1945 1194 tractanda,

169 1223 267 1268 sive
300 1224 355 1268 ad
395 1224 638 1269 dioecesim
685 1225 986 1269 lustrandam.
1034 1228 1274 1269 Praeterea
1314 1239 1372 1268 ex
1416 1223 1715 1283 dispositione
1758 1221 1947 1268 Concilii

168 1307 421 1352 Tridentini
444 1309 459 1332 2
493 1313 714 1352 tenentur
746 1308 962 1353 Canonici
1002 1308 1218 1367 Episcopo
1252 1307 1500 1353 celebranti
1535 1312 1614 1352 aut
1646 1306 1731 1351 alia
1768 1305 1947 1364 pontili-

168 1391 281 1435 calia
315 1392 550 1435 exercenti
592 1392 803 1436 assistere
836 1397 881 1436 et
916 1390 1156 1435 inservire.
1196 1391 1390 1435 Nomine
1424 1397 1579 1435 autem
1616 1390 1946 1449 pontificalium

173 1474 368 1519 veniunt
400 1489 561 1520 omnes
593 1475 695 1520 illae
730 1475 994 1520 functiones
1027 1475 1071 1519 in
1106 1475 1270 1534 quibus
1306 1474 1549 1532 Episcopus
1582 1474 1727 1518 utitur
1761 1474 1948 1532 insigni-

170 1559 253 1603 bus
288 1559 640 1617 pontificalibus,
675 1574 749 1604 ex.
796 1574 858 1617 gr.
898 1559 1034 1603 mitra
1076 1563 1122 1603 et
1162 1559 1338 1603 baculo.
1385 1558 1608 1612 Quamvis
1649 1563 1806 1603 autem
1850 1558 1949 1616 Epi-

171 1656 306 1702 scopo
346 1643 624 1702 pontificalia
671 1644 906 1688 exercenti
951 1658 1010 1688 ex
1044 1643 1310 1688 Tridentino
1343 1656 1504 1687 omncs
1537 1642 1753 1688 Canonici
1788 1648 1948 1688 tenen·

168 1731 247 1771 tur
278 1728 508 1783 assistere,
544 1733 700 1772 tamen
734 1732 851 1772 teste
875 1728 1004 1773 Card.
1042 1728 1096 1772 de
1131 1732 1267 1783 Luca,
1312 1727 1528 1785 Episcopo
1561 1727 1668 1771 ta'lia
1710 1728 1948 1772 exercenti

169 1815 300 1855 extra
334 1810 573 1855 ecclesiam
608 1811 919 1855 cathedralem
955 1810 1093 1869 aliqui
1124 1811 1369 1855 dumtaxat
1406 1810 1624 1856 Canoniei
1662 1810 1702 1854 ei
1735 1810 1949 1856 assisten-

168 1893 279 1937 tiam
315 1894 529 1950 praebere
556 1897 793 1949 tenentur,
820 1909 877 1938 ne
899 1895 1118 1940 ecclesiae
1152 1896 1302 1940 cultus
1324 1895 1515 1939 omnino
1536 1895 1787 1940 deseratur.

288 1977 489 2021 Tertium
525 1978 707 2036 signum
742 1978 928 2023 honoris
961 1978 1273 2023 exhibendum
1307 1992 1331 2022 a
1365 1977 1571 2036 Capitulo
1603 1982 1673 2023 est
1706 1978 1948 2023 associatio

169 2073 248 2104 seu
281 2061 508 2106 deductio.
546 2060 663 2106 Hinc
696 2076 801 2106 cum
830 2061 1072 2120 Episcopus
1095 2062 1151 2106 ad
1174 2063 1500 2107 celebrandum
1526 2061 1850 2119 pontificaliter
1877 2077 1949 2108 ac-

169 2143 305 2199 cedit,
342 2148 563 2189 tenentur
598 2145 867 2203 DignitateS‚
903 2145 1119 2192 Canonici
1156 2151 1201 2190 et
1233 2145 1308 2190 alii
1342 2145 1616 2191 Portionarii
1660 2145 1788 2190 illum
1830 2159 1949 2191 asso-

170 2227 292 2272 ciare
323 2228 379 2272 ad
411 2228 651 2273 ecclesiam
687 2229 1014 2284 cathedralem,
1050 2228 1113 2273 illi
1157 2228 1341 2274 obviam
1384 2229 1449 2274 ire
1492 2234 1538 2273 et
1579 2229 1763 2288 quidem
1809 2243 1950 2289 usque

170 2312 223 2354 ad
258 2310 356 2355 eius
390 2311 610 2369 palatium
645 2317 724 2356 aut
756 2313 908 2357 aulam
943 2313 999 2357 ad
1033 2312 1074 2357 id
1118 2312 1425 2368 destinatam,
1471 2312 1686 2372 quamvis
1728 2313 1949 2371 palatium

170 2406 263 2437 non
297 2393 355 2438 sit
388 2394 657 2452 contiguum
690 2394 927 2451 ecclesiae,
962 2396 1211 2441 dummodo
1245 2410 1337 2441 non
1372 2396 1430 2440 sit
1462 2396 1637 2441 distans
1682 2397 1800 2440 ultra
1843 2410 1949 2441 cen-

171 2480 269 2521 tum
303 2478 543 2536 sexaginta
579 2492 751 2537 passus,
790 2484 900 2524 tunc
932 2480 1057 2524 enim
1091 2480 1279 2525 deberet
1310 2480 1525 2525 associari
1560 2495 1618 2525 ex
1658 2480 1810 2539 aliquo
1852 2481 1951 2525 loco

170 2560 226 2604 ad
258 2559 301 2605 id
334 2561 571 2620 designato
605 2577 742 2621 prope
775 2563 1016 2608 ecclesiam
1053 2564 1124 2608 vel
1159 2563 1205 2608 in
1238 2563 1459 2609 ecclesiae
1493 2563 1632 2622 ipsius
1665 2563 1798 2608 atrio.
1849 2566 1954 2608 Post

172 2647 403 2700 peractam
439 2658 549 2690 vero
583 2660 679 2690 rem
714 2659 910 2701 sacram,
946 2646 1080 2691 «lebet
1121 2645 1380 2705 Capitulum
1424 2646 1693 2704 Episcopum
1740 2646 1952 2691 receden-

171 2728 263 2769 tem
297 2725 508 2771 comitari
541 2740 683 2786 usque
716 2727 772 2772 ad
807 2733 984 2785 portam
1018 2728 1254 2773 ecclesiae.

291 2813 474 2854 Praeter
516 2811 828 2856 reverentiam
870 2811 1006 2856 debet
1047 2811 1306 2870 Capitulum
1358 2810 1575 2870 Episcopo
1619 2811 1949 2868 obedientiam,

290 3000 300 3020 ¹
330 3001 501 3048 synodus
527 3002 624 3039 Trid.
652 3002 749 3039 Sess.
769 3003 887 3048 XXV,
913 3002 999 3048 Cap.
1019 3002 1068 3039 VI
1089 3002 1131 3038 de
1149 3003 1227 3048 Ref.

291 3074 303 3092 '
331 3075 428 3112 Sess.
446 3074 581 3120 XXlV,
601 3075 686 3121 Cap.
705 3073 774 3110 XII
792 3074 833 3111 de
850 3074 1011 3121 Reform.
