2176 3386
235 163 284 202 18
873 177 982 205 PARS
1010 177 1034 204 1.
1069 177 1126 204 DE
1154 175 1364 204 PERSONIS

231 283 280 323 et
314 280 535 325 Praesidis
568 295 706 326 manu
742 281 1063 339 subscriptam,
1099 281 1334 340 sigilloque
1368 280 1596 324 munitam
1629 281 1686 325 ad
1710 282 1868 326 Sedem
1897 285 2008 340 Apo-

233 365 442 410 stolicam
477 365 778 409 transmittet.
815 366 962 409 Semel
998 369 1178 422 peracta
1204 363 1624 419 commendatione,
1650 364 1686 409 si
1715 365 1918 423 Episcopi
1943 364 2008 409 iu-

233 448 493 493 dicaverint
527 454 618 493 tres
651 448 749 493 illos
782 449 1131 492 commendatos
1163 446 1318 491 minus
1349 447 1508 505 dignos
1530 461 1645 503 esse,
1670 462 1865 506 quorum
1890 462 2012 492 unus

234 533 290 577 ad
327 534 644 592 Episcopatum
680 535 1024 591 promoveatur,
1060 536 1190 585 tunc,
1225 529 1334 589 quin
1368 530 1502 574 detur
1534 544 1684 575 novae
1715 530 2011 574 commenda-

234 618 348 662 tioni
384 619 524 671 locus,
561 620 775 661 Summus
811 615 1023 660 Pontifex
1056 627 1136 672 pro
1169 627 1249 658 sua
1273 613 1515 671 sapientia,
1541 613 1757 658 viduatae
1785 613 2013 658 Ecclesiae

236 701 506 758 providebit.

355 785 394 828 Si
430 789 591 841 agatur
622 783 676 827 de
715 782 931 839 Episcopo
965 780 1235 826 Coadiutore
1270 793 1373 824 cum
1410 779 1507 823 iure
1530 779 1831 824 successionis
1863 778 2015 824 cuivis

238 868 456 925 Episcopo
503 866 794 924 assignando,
837 865 995 909 eadem
1037 877 1170 922 quae,
1223 863 1332 907 Sede
1390 867 1604 917 vacante,
1654 862 2008 907 commendandi

237 952 382 995 forma
416 951 640 995 servanda
676 954 761 1004 est,
796 953 931 993 cauto
966 952 1122 992 tamen
1158 946 1284 991 varia
1321 945 1573 1004 privilegia,
1611 946 1724 998 iura,
1750 950 1796 989 et
1819 958 2012 989 munera

238 1035 610 1093 Metropolitano,
646 1038 726 1077 aut
758 1031 926 1076 seniori
966 1029 1182 1088 Episcopo
1222 1029 1510 1086 suffraganeo
1550 1028 1640 1072 iarn
1682 1027 1920 1079 attributa,
1956 1027 2011 1070 ad

238 1120 659 1177 Archicpiscopum‚
681 1122 760 1161 aut
786 1115 1054 1174 Episcopum
1079 1112 1153 1158 cui
1177 1113 1420 1158 Coadiutor
1441 1111 1744 1169 assignandus
1768 1116 1852 1165 est,
1879 1110 2019 1154 unice

239 1203 484 1261 pertinere,
520 1202 673 1246 illaeso
707 1205 863 1244 tamen
897 1202 1081 1242 servato
1116 1197 1213 1241 iure
1247 1193 1604 1253 Metropolitani,
1639 1194 1822 1253 quando
1855 1193 2017 1236 sull'ra·

237 1288 366 1345 gauei
403 1286 501 1331 eius
537 1285 740 1343 Episcopi
774 1283 828 1328 ad
864 1281 1103 1326 ferendum
1139 1278 1406 1334 suffragium
1440 1277 1762 1322 convenerint.
1811 1276 2015 1320 Tandem

237 1371 515 1430 quicumque
549 1369 674 1413 Sedis
699 1365 981 1426 Apostolicae
1004 1361 1319 1422 approbationi
1346 1359 1749 1412 commendentur,
1775 1358 1900 1403 cives
1922 1357 2014 1400 sint

240 1455 480 1512 indigenae
514 1451 775 1506 Hiberniae,
812 1447 1111 1493 Serenissimo
1144 1444 1326 1502 Imperii
1363 1441 1611 1487 Britannici
1650 1441 1755 1498 Regi
1797 1439 2020 1484 fidelitate-

240 1540 502 1596 incorrupta
537 1534 761 1588 obstricti,
801 1546 979 1576 morum
1016 1528 1298 1586 integritate,
1337 1526 1522 1585 pictate,
1558 1524 1786 1578 doctrina,
1831 1521 2021 1566 ceteris—

238 1638 325 1683 que
358 1637 473 1681 quae
511 1620 780 1679 Episcopum
814 1616 996 1668 decent,
1033 1612 1214 1657 dotibus
1248 1610 1468 1668 insigniti.

360 1711 480 1750 Hacc
513 1709 621 1749 sunt
653 1717 770 1761 quae
794 1700 840 1745 in
864 1696 1245 1744 commendandis
1269 1693 1367 1738 Sedi
1400 1691 1682 1750 Apostolicae
1706 1688 2025 1734 sacerdotibus-

240 1805 320 1849 pro
357 1791 678 1848 Episcoporum
715 1783 958 1830 Hiberniae
1001 1780 1224 1825 electione
1259 1781 1299 1822 S.
1343 1779 1389 1822 C.
1437 1774 1662 1819 servanda
1704 1770 2012 1830 praescripsit:

239 1889 291 1919 ea
329 1888 437 1917 vero
470 1873 724 1917 decernens
757 1864 1002 1925 significari
1036 1863 1250 1908 omnibus
1282 1860 1446 1914 voluit,
1472 1858 1517 1902 in
1542 1854 1832 1900 documentis
1854 1853 1908 1896 de
1934 1854 2023 1896 liac-

241 1973 288 2002 re
324 1955 728 2014 pertractantibus,
764 1952 817 1995 ad
853 1954 895 1995 S.
934 1949 1093 1993 Scdem
1127 1941 1498 1990 transmittendis
1543 1938 1656 1984 nillil
1699 1934 1898 1982 inveniri
1942 1935 2015 1978 de-

241 2044 364 2096 bere,
400 2041 518 2100 quod
552 2036 846 2091 electionem,
891 2032 1276 2082 nominationem,
1327 2024 1680 2085 postulationem
1724 2021 1905 2074 innuat,
1940 2018 2023 2062 sed.

242 2126 494 2184 simplicem
530 2119 1001 2168 commendationem:
1039 2117 1293 2159 memorata
1329 2115 1561 2169 praeterea
1595 2107 1875 2151 documenta
1922 2114 2018 2144 esse

242 2210 406 2254 debere
442 2206 571 2252 iussit
605 2206 651 2249 in
687 2206 832 2248 forma
866 2198 1081 2258 supplicis
1114 2195 1249 2240 libelli
1285 2194 1345 2238 ita
1379 2189 1606 2248 concepti,
1643 2193 1694 2231 ut
1728 2187 1833 2230 inde
1868 2187 2019 2243 pateat

245 2294 416 2338 nullam
454 2292 497 2335 in
534 2293 575 2334 S.
614 2288 773 2333 Sedcm
810 2283 967 2329 inferri
1009 2279 1334 2337 obligationem
1365 2272 1571 2332 'eligendi
1617 2284 1761 2315 unum
1796 2282 1853 2313 ex
1897 2280 2026 2310 com-⁷

246 2377 489 2422 mendatis.

366 2458 627 2505 Declaravit
667 2454 863 2513 denique
898 2453 939 2495 S.
984 2454 1029 2494 C.
1067 2448 1242 2492 salvam
1291 2457 1470 2501 semper
1503 2445 1639 2499 atque
1674 2437 1874 2481 illaesam
1926 2447 2027 2476 ma-

246 2559 355 2590 nere
388 2543 552 2588 debere
586 2539 711 2585 Sedis
746 2534 1029 2595 Apostolicae
1062 2532 1320 2575 libertatem
1358 2527 1403 2571 in
1438 2521 1659 2581 eligendis
1683 2517 1931 2577 Episcopis,
1956 2515 2018 2558 ita

247 2634 298 2674 ut
329 2622 757 2673 commendationes
790 2620 945 2662 lumen
982 2620 1182 2668 tantum,
1218 2616 1263 2656 et
1286 2607 1596 2667 cognitionem
1623 2606 1664 2648 S.
1690 2606 1756 2656 (3.,
1784 2610 2025 2657 nunquam·

245 2718 403 2758 tamen
440 2706 764 2765 obligationem
802 2703 895 2747 sint
926 2700 1164 2745 allaturae.

369 2799 500 2840 Anno
532 2795 686 2835 autem
725 2787 835 2831 1855
868 2784 939 2829 die
973 2783 1028 2827 25
1063 2779 1225 2839 Aprilis
1247 2777 1301 2822 ad
1328 2772 1660 2830 Arcliiepiscop‚
1689 2765 1867 2812 Dublin.
1905 2767 1945 2808 S.
1972 2764 2017 2807 C.

248 2883 303 2927 de
338 2884 466 2936 Prop.
505 2875 608 2920 Fide
641 2874 759 2918 hanc
791 2867 971 2927 scripsit
1005 2865 1249 2923 Epistolam
1287 2859 1502 2904 «Initum
1537 2870 1562 2899 a
1597 2857 1637 2898 S.
1664 2847 2023 2907 congregatione

249 2962 491 3010 consilium
517 2963 568 3003 ut
589 2960 763 3002 certam
787 2951 1053 2998 methodum
1079 2948 1125 2992 in
1149 2959 1289 3003 regno
1313 2939 1555 2988 Hiberniae
1577 2934 1852 2982 servandam
1870 2932 2022 2975 decer-

252 3051 383 3092 neret
405 3043 526 3090 circa
548 3039 806 3087 sacerdotes
828 3030 1220 3081 commendandos
1245 3025 1527 3087 Apostolicae
1548 3020 1649 3068 Sedi
1670 3016 1853 3078 quando
1875 3012 2035 3071 agitur
