2176 3386
789 51 796 58 ·
967 51 970 53 *
1160 44 1163 46 '
1316 50 1334 58 m
1356 45 1360 48 ‘
1596 46 1604 55 -ι

215 176 296 217 320
861 189 972 218 PARS
1001 189 1026 218 1.
1061 190 1118 219 DE
1147 190 1359 220 pensoms
1402 195 1406 205 ·

217 308 334 355 quae
367 309 526 341 curam
559 295 821 341 animarum
847 295 1112 355 respiciant,
1138 310 1192 341 ac
1215 299 1618 344 sacramentorum
1641 284 2000 346 administratio-

218 392 344 434 nem,
379 383 560 424 caetera
597 393 706 424 vero
738 378 894 423 omnia
927 379 984 423 ad
1009 379 1229 424 Abbatem
1253 379 1456 426 eiusdem
1485 379 1711 427 Ecclesiae
1732 386 1940 442 spectare
1965 384 1996 428 ¹.

339 463 439 507 595.
471 466 666 507 Econtra
688 462 895 507 Vicarius
917 467 1243 521 temporaneus
1266 477 1357 508 non
1376 468 1444 509 est
1463 478 1572 509 vere
1589 465 1904 523 beneficiatus,
1923 467 2001 512 sed

220 545 357 590 habet
380 546 701 590 tantummodo
723 550 879 590 actum
905 550 951 589 et
973 546 1241 591 fruitionem
1259 546 1495 605 beneficii3
1522 547 1616 605 ipse
1634 553 1703 593 est
1723 549 1865 593 veluti
1884 563 2000 594 mer·

220 628 432 673 cenarius
467 628 670 673 Rectoris
705 628 967 687 principalis
999 642 1107 673 cum
1139 628 1236 673 iure
1259 629 1539 688 percipiendi
1561 644 1812 689 congruam
1835 631 1999 690 portio-

221 725 329 756 nem
365 712 601 755 fructuum
636 725 716 770 pro
750 711 944 756 honesta
978 711 1332 757 sustentatione.
1377 713 1502 758 Unde
1538 712 1743 758 Vicarius
1775 719 1999 773 tempora-

220 808 333 839 neus
366 794 537 839 nedum
571 794 758 848 titulum
793 793 1003 839 beneficii
1037 794 1115 839 sed
1140 808 1287 854 neque
1310 795 1499 840 titulum
1525 796 1569 840 in
1597 796 1816 841 beneficio
1847 797 1998 842 habet.

223 881 299 921 Est
331 880 487 921 autem
520 877 576 921 ad
611 880 776 921 nutum
812 877 1088 922 amovibilis.
1146 882 1311 923 Verum
1354 879 1695 924 admovibilitas
1741 883 1798 924 ad
1837 884 2000 924 nutum

222 959 307 1003 rite
325 960 590 1018 accipienda
615 965 697 1005 est.
727 965 943 1006 Rectores
965 962 1236 1007 amovibiles
1258 963 1332 1007 alii
1357 977 1517 1008 curam
1535 963 1796 1008 animarum
1816 963 2003 1009 nomine

224 1046 403 1104 proprio
436 1051 673 1101 exercent,
710 1046 784 1090 alii
820 1046 943 1090 illam
978 1052 1199 1091 exercent
1242 1047 1431 1092 nomine
1462 1048 1610 1092 alieno
1643 1053 1689 1092 et
1720 1053 1828 1093 sunt
1862 1048 2003 1093 veluti

224 1129 496 1173 mercenarii
530 1129 584 1173 de
616 1129 781 1188 quibus
814 1130 887 1174 hic
919 1143 1071 1174 sermo
1118 1135 1201 1175 est.
1256 1134 1487 1186 Attamen,
1524 1132 1597 1176 isti
1636 1132 1796 1178 vicarii
1830 1138 2004 1190 tempo·

223 1212 351 1257 ranei
399 1212 672 1257 amovibiles
712 1213 768 1257 ad
819 1218 1014 1268 nutum,
1052 1213 1151 1258 sine
1185 1213 1445 1259 rationabili
1495 1229 1630 1260 causa
1662 1216 1869 1261 amoveri
1910 1229 2003 1260 non

224 1301 427 1354 possunt.
468 1296 665 1341 Ecclesia
699 1297 823 1341 enim
874 1297 919 1340 in
969 1310 1051 1341 suo
1086 1297 1309 1355 regimine
1358 1299 1602 1343 abhorrere
1634 1299 1768 1344 debet
1800 1299 1857 1343 ab
1887 1299 2004 1344 arbi-

223 1376 327 1432 trio,
363 1391 416 1421 ac
439 1376 699 1421 ordinatam
724 1377 769 1421 in
795 1378 1008 1422 omnibus
1030 1377 1316 1435 disciplinam
1343 1379 1526 1437 exigere
1555 1380 1703 1429 debet.
1742 1379 2005 1424 Amovibili·

224 1465 293 1505 tas
326 1460 463 1518 igitur
505 1461 549 1505 in
599 1475 707 1505 casu
759 1461 958 1506 sumitur
998 1466 1226 1521 quatenus
1275 1462 1566 1520 perpetuitati
1616 1463 1858 1521 opponitur
1890 1477 2005 1523 quae

225 1545 296 1589 vel
334 1544 640 1589 Beneficiariis
672 1545 895 1602 competit
926 1545 1002 1604 qui
1033 1560 1054 1590 a
1080 1545 1303 1590 beneficio
1327 1546 1554 1591 removeri
1580 1551 1816 1605 nequeunt
1838 1546 1924 1591 nisi
1948 1561 2005 1591 ex

225 1641 361 1672 causa
406 1628 450 1672 in
492 1629 588 1673 iure
622 1642 836 1686 expressa
881 1644 934 1674 ac
978 1629 1227 1687 praemisso
1272 1629 1468 1675 iudiciali
1495 1642 1723 1687 processu,
1752 1629 1903 1674 veliis
1926 1644 2005 1687 pro

225 1711 388 1771 quibus
412 1711 482 1756 lex
519 1726 732 1770 expresse
773 1713 1125 1771 perpetuitatem
1158 1713 1413 1758 constituit.
1450 1713 1578 1766 Quod
1602 1713 1638 1758 si
1664 1711 1869 1757 Vicarius
1891 1716 2006 1758 tem-

226 1810 453 1854 poraneus
492 1811 550 1841 ex
582 1796 770 1841 arbitrio
814 1802 1110 1842 removeatur
1142 1797 1394 1842 remedium
1430 1810 1639 1842 recursus
1674 1798 1810 1842 habet
1842 1797 1897 1841 ad
1932 1800 2005 1842 Se-

226 1880 329 1923 dem
366 1879 687 1937 Apostolicam.

347 1964 447 2007 594.
489 1963 692 2009 Vicarius
716 1969 961 2024 perpetuus
990 1980 1043 2010 ac
1067 1969 1393 2024 temporaneus
1414 1964 1573 2010 iisdem
1600 1969 1819 2010 tenentur
1841 1965 2007 2023 obliga-

227 2046 443 2091 tionibus.
481 2046 598 2092 Hinc
646 2052 847 2092 aetatem
896 2047 1109 2093 idoneam
1156 2049 1322 2094 habere
1368 2048 1537 2093 debent
1582 2061 1698 2106 quae
1745 2048 1801 2091 ad
1848 2060 2007 2092 curam

229 2129 490 2174 animarum
524 2131 864 2190 suscipiendam
898 2136 1003 2189 apta
1040 2132 1083 2175 in
1120 2131 1214 2175 iure
1249 2136 1487 2176 censetur:
1527 2135 1744 2175 tenentur
1768 2130 1867 2188 'lege
1900 2129 2007 2174 resi-

229 2211 430 2266 dentiae,
476 2216 696 2256 tenentur
739 2212 839 2258 fidei
885 2213 1214 2271 professionem
1264 2215 1477 2257 emittere
1519 2212 1638 2257 intra
1679 2212 1791 2257 duos
1830 2225 2009 2258 menses

230 2309 255 2340 a
273 2301 405 2353 capta
442 2296 740 2354 possessione,
762 2296 948 2341 Missam
973 2311 1052 2355 pro
1077 2297 1239 2355 populo
1262 2297 1491 2341 celebrare
1514 2296 1789 2353 obligantur,
1816 2295 2008 2339 verbum

232 2380 310 2424 Dei
345 2379 606 2438 praedicare
640 2385 686 2424 et
717 2379 877 2425 iisdem
912 2380 1067 2438 paucis
1112 2380 1262 2424 verbis
1310 2378 1662 2437 obligationibus
1703 2376 2010 2422 subiiciuntur

231 2463 396 2522 quibus
433 2462 619 2507 Parochi
654 2466 890 2507 tenentur.
929 2467 1024 2507 [mo
1058 2466 1225 2507 Rector
1248 2461 1509 2520 principalis
1542 2460 1589 2505 in
1623 2460 1676 2505 iis
1707 2474 1823 2519 quae
1855 2459 1911 2504 ad
1933 2473 2009 2504 cu·

233 2560 331 2591 ram
365 2546 627 2590 animarum
662 2547 896 2604 pertinent
926 2560 1025 2591 sese
1058 2545 1318 2591 immiscere
1353 2559 1443 2590 non
1479 2549 1627 2603 potest
1650 2544 1680 2588 ².

353 2631 454 2675 595.
490 2631 810 2676 'tridentinum
844 2630 1096 2676 Concilium
1132 2630 1145 2652 ³
1185 2630 1239 2674 ad
1261 2628 1516 2687 'Episcopos
1547 2627 1854 2673 determinare
1888 2640 2010 2671 com·

234 2714 378 2760 mittit
409 2714 718 2774 quantitatem
752 2714 964 2772 stipendii
992 2727 1070 2771 pro
1095 2712 1287 2758 Vicariis
1317 2718 1412 2757 tum
1449 2713 1678 2770 perpetuis
1716 2716 1812 2755 tum
1835 2715 2008 2768 tempo-

353 2848 363 2867 ²
395 2849 434 2884 In
462 2849 659 2895 Eugubina
686 2849 744 2886 die
773 2849 814 2884 11
842 2848 929 2884 Maii
960 2848 1061 2884 1594.

352 2920 364 2939 ¹
392 2920 725 2966 BenedictustIV
754 2920 789 2955 in
815 2919 921 2956 Bulla
948 2919 1038 2955 Cum
1063 2928 1204 2964 semper
1228 2918 1357 2954 oblata.
1384 2917 1452 2953 Cfr.
1479 2917 1523 2953 de
1559 2915 1618 2952 his
1647 2914 1798 2952 Constit.
1826 2913 2009 2952 Amantia.-

234 2991 315 3028 simi
341 2991 587 3048 Redemptoris
613 2991 668 3027 Pii
695 2991 746 3027 IX
772 3000 868 3027 anno
898 2990 1000 3027 1858.

354 3061 368 3081 ³
395 3062 489 3099 Sess.
517 3058 596 3105 VII,
625 3072 654 3100 c.
682 3062 751 3099 VII
778 3062 822 3098 de
849 3061 1007 3099 Reform.
