2176 3386
794 213 924 243 mni-:n
952 214 978 243 1.
1008 214 1066 243 DE
1094 214 1288 244 CLEmms
1853 205 1930 246 221

158 354 162 356 ἡ
233 328 235 330 ’
265 321 307 366 5.
345 324 458 366 ltem
491 320 700 379 Episcopi
732 321 979 379 procedere
1001 321 1171 366 debent
1193 321 1323 366 iuxta
1346 321 1458 366 iuris
1489 322 1835 381 dispositionem
1870 324 1932 369 lo-

147 403 250 448 cive
281 402 666 448 consuetudinem
699 407 862 449 contra
894 403 1248 462 praedicatores,
1284 404 1426 449 ctiam
1460 408 1717 462 exemptos,
1752 406 1788 451 si
1827 406 1932 452 hae-

147 499 270 532 reses
293 486 664 545 praedicaverint
687 487 717 530 ¹.

262 570 306 614 4.
345 574 572 628 Deputare
604 569 774 615 debent
806 569 996 616 idoneos
1029 570 1225 616 vicarios
1248 571 1293 615 in
1318 571 1523 616 ecclesiis
1545 572 1735 628 curatis,
1760 586 1933 631 posses·

146 651 207 698 sis
237 653 295 697 ab
326 653 555 711 exemptis
590 654 635 697 in
669 666 778 698 casu
812 667 906 698 non
941 654 1234 710 residentiae,
1269 654 1542 712 adtempus
1576 655 1848 713 permissae,
1884 656 1933 701 il-

146 735 288 795 lisque
322 736 554 794 assignare
587 750 838 794 congruam
872 738 1107 782 fructuum
1141 737 1400 795 portionem
1421 737 1451 782 ².

265 820 306 864 5.
343 822 539 865 Possunt
570 820 822 876 quemlibet
854 804 1410 877 clericum⁰saecularem,
1446 835 1499 866 ac
1523 822 1778 878 regularem
1801 825 1934 866 extra

147 903 481 948 monasterium
513 903 758 961 degentem
784 903 989 959 visitare,
1015 904 1178 962 punire
1211 907 1258 948 et
1291 903 1536 961 corrigere,
1563 903 1599 948 si
1633 903 1876 963 deliquerit
1900 905 1930 949 ³.

264 987 393 1040 Quod
425 986 567 1031 etiam
600 986 752 1032 locum
786 987 924 1031 habet
955 987 1105 1046 quoad
1130 987 1360 1044 regulares
1382 987 1630 1032 translatos
1658 987 1713 1031 ad
1736 989 1933 1032 alterum

147 1069 373 1124 ordinem,
411 1069 498 1113 nisi
523 1069 568 1114 in
602 1070 688 1115 hoc
722 1070 806 1115 sub
838 1071 906 1115 sui
942 1069 1196 1128 Superioris
1228 1070 1489 1115 obedientia
1523 1071 1568 1114 in
1604 1071 1804 1115 claustro
1838 1085 1933 1129 per-

146 1157 282 1211 petuo
316 1158 538 1198 maneant
571 1153 700 1198 iuxta
733 1156 838 1211 Cap.
877 1157 934 1199 XI
966 1153 1170 1198 eiusdem
1217 1153 1337 1198 mid.
1376 1155 1490 1198 Sess.
1529 1157 1626 1198 XIV
1660 1154 1715 1198 de
1748 1156 1847 1199 Ref.
1884 1158 1936 1199 ut

145 1236 398 1281 declaravit
432 1237 596 1281 Bened.
635 1240 734 1281 XIV
758 1237 788 1281 ²⁸.

265 1321 305 1365 6.
345 1321 684 1378 Metropolitani
732 1325 922 1378 possunt
964 1322 1241 1375 monachos,
1277 1322 1354 1380 qui
1394 1320 1605 1378 capitulis
1648 1321 1936 1378 generalibus

149 1415 239 1446 non
277 1402 501 1458 subsunt,
537 1404 705 1463 quique
740 1405 1150 1462 congregationes,
1185 1418 1303 1463 quae
1349 1403 1453 1448 talia
1493 1404 1691 1461 capitula
1735 1404 1932 1460 babent,

148 1485 483 1544 praesidesque,
523 1486 593 1530 vel
628 1487 889 1532 visitatores
923 1488 1074 1532 facere
1109 1487 1363 1545 negligunt,
1401 1501 1479 1546 pro
1515 1486 1757 1545 praedictis
1786 1486 1936 1531 causis

148 1581 427 1614 convocare:
463 1570 581 1629 quod
615 1570 651 1614 si
684 1570 795 1614 dicti
830 1571 1062 1626 monachi,
1107 1570 1464 1628 metropolitano
1498 1572 1724 1626 instante,
1762 1584 1934 1615 memo-

147 1655 245 1696 rata
269 1653 434 1711 exequi
468 1667 561 1698 non
586 1658 766 1709 curent,
792 1654 1053 1699 subduntur
1085 1653 1324 1712 episcopis,
1362 1653 1407 1698 in
1431 1668 1628 1713 quorum
1652 1653 1936 1698 dioecesibus

148 1748 307 1779 eorum
342 1737 620 1781 monasteria
653 1736 739 1781 sita
764 1737 858 1781 sint
882 1737 911 1781 ⁵.

266 1819 308 1862 7.
349 1819 525 1863 Debent
553 1820 752 1878 episcopi
788 1821 834 1865 in
869 1820 1162 1865 monasteriis
1194 1820 1423 1879 exemptis
1455 1820 1745 1876 monialium,
1792 1820 1933 1865 etiam

148 1902 429 1959 regularibus
461 1903 790 1960 subiectarum,
828 1904 1071 1949 restituere
1104 1905 1382 1959 clausuram,
1418 1904 1454 1948 si
1490 1903 1661 1948 violata
1695 1902 1853 1960 fuerit,
1889 1908 1936 1948 et

146 1998 422 2030 conservare
455 2000 547 2030 non
583 1987 801 2032 violatam
826 1988 857 2031 ⁶.

266 2069 307 2112 8.
344 2069 518 2113 Debent
557 2070 814 2128 gubernare
860 2065 1139 2115 monasteria
1185 2071 1455 2116 monialium
1504 2071 1604 2116 Sedi
1649 2071 1934 2129 Apostolicae

147 2149 412 2196 immediate
445 2152 666 2209 subiecta,
703 2153 748 2198 in
783 2168 979 2214 quorum
1012 2154 1297 2199 dioecesibus
1329 2155 1415 2199 sita
1448 2159 1557 2199 sunt
1582 2156 1613 2198 ⁷.

267 2235 308 2279 9.
347 2239 460 2280 [tem
495 2236 684 2281 visitare
717 2237 933 2296 capitula,
968 2251 1259 2297 quocumque
1295 2238 1428 2283 modo
1470 2243 1712 2296 exempta,
1756 2237 1935 2297 quoties

149 2317 398 2375 expediens
432 2318 700 2365 iudicabunt
723 2320 755 2365 ⁸.

272 2401 338 2445 10.
376 2406 489 2447 Item
523 2405 794 2449 examinare
826 2404 1022 2450 uniones
1054 2411 1297 2464 perpetuas
1330 2420 1355 2450 a
1388 2406 1691 2465 quadraginta
1713 2405 1849 2450 annis
1872 2404 1933 2449 ci-

271 2577 279 2596 ¹
308 2578 401 2615 Ibid.
427 2582 441 2618 S
468 2580 502 2616 Si
528 2590 624 2616 vero.

268 2648 280 2666 ¹
307 2648 393 2694 Cap.
421 2649 463 2689 11.
492 2651 587 2687 Sess.
616 2651 664 2688 VI
691 2652 735 2688 de
763 2652 921 2690 Reform.

269 2718 281 2738 ³
309 2721 394 2767 Cap.
421 2721 484 2764 ΙΙΙ,
511 2722 607 2759 Sess.
635 2723 685 2760 VI
712 2723 756 2760 de
784 2724 859 2762 Ref.

269 2789 284 2811 ¹*
308 2792 430 2829 Const.
459 2795 642 2840 Pontifict'a
668 2797 986 2840 commendatione,
1013 2797 1057 2833 27
1086 2797 1171 2833 Maii
1200 2797 1302 2833 1746.

270 2865 282 2884 ³
309 2865 395 2912 Cap.
423 2866 519 2911 VIII,
547 2867 644 2904 Sess.
670 2868 775 2904 XXV
801 2868 845 2905 de
871 2869 960 2915 Reg.

271 2935 285 2956 ⁸
310 2937 397 2983 Cap.
423 2937 467 2981 V,
494 2940 573 2976 ead.
601 2939 697 2976 Sess.
725 2941 829 2977 XXV
856 2941 900 2978 de
927 2942 1016 2988 Reg.

271 3007 284 3028 ¹
309 3008 395 3054 Cap.
422 3009 486 3052 IX,
512 3011 642 3047 eadem
668 3011 765 3048 Sess.

270 3078 285 3099 ⁸
310 3079 398 3126 Cap.
423 3080 485 3125 IV,
512 3082 608 3118 Sess.
635 3082 685 3120 VI
711 3083 755 3119 de
782 3083 859 3120 Res.
