2176 3386
232 191 313 232 300
907 206 1017 236 PARS
1046 207 1086 236 11.
1121 207 1178 236 DE
1208 208 1346 237 nanus

357 310 483 354 1289.
521 314 596 355 lus
628 315 898 369 patronatus
928 312 1112 358 laicale:
1165 315 1203 371 1)
1239 319 1437 374 quatuor
1478 317 1798 362 tantummodo
1832 330 2014 363 menses

233 407 257 438 a
292 394 455 439 notitia
492 396 750 442 vacationis
784 397 990 443 beneficii
1032 403 1225 456 patrono
1267 402 1480 447 concedit
1517 403 1572 447 ad
1607 401 2009 460 praesentandum.

233 479 338 536 Cap.
375 478 513 523 unico
545 480 600 524 dc
634 480 730 525 iure
765 487 944 540 patron.
980 482 1026 527 in
1061 486 1086 527 6
1110 484 1140 528 ¹.
1189 485 1230 539 2)
1268 485 1550 530 Facultatem
1583 485 1732 530 eidem
1755 485 1904 531 defert
1934 500 2014 532 va·

234 561 402 606 riandi
432 575 511 606 seu
546 565 869 621 praesentandi
906 566 1166 612 successive
1207 567 1376 624 alium,
1411 573 1458 613 et
1489 567 1673 628 quidem
1720 569 1826 625 plus
1870 582 2013 627 qaam

235 658 335 689 una
369 647 477 700 viee,
514 645 549 690 si
585 647 781 692 variatio
814 662 871 693 ex
905 663 958 693 eo
991 648 1071 694 fiat
1102 651 1223 710 quod
1247 650 1276 694 ii
1299 651 1375 710 qui
1411 652 1688 710 praesentati
1721 657 1829 697 sunt
1861 651 2014 697 reiecti

232 731 471 787 tamquam
508 729 680 788 indigni
706 732 922 789 fucrunt3
959 735 1103 778 um'ca
1127 740 1284 779 autem
1305 737 1401 780 vice
1427 739 1474 780 et
1496 735 1679 794 quidem
1713 735 2012 791 cumulative,

234 811 278 856 id
310 816 380 857 est
421 827 514 858 non
560 814 847 860 excludendo
888 816 963 875 qui
1000 818 1199 875 primum
1250 823 1569 877 praesentatus
1607 823 1706 874 est,
1742 818 1820 864 sed
1866 818 2013 863 eidem

233 895 374 939 alium
418 897 626 943 addendo
659 904 710 942 ut
742 914 799 944 cx
835 899 888 944 iis
923 900 1168 960 Episcopus
1205 902 1374 960 eligat,
1409 902 1445 947 si
1479 902 1674 947 variatio
1721 916 1780 947 ex
1827 900 2016 946 arbitrio

234 978 314 1023 fiat
335 980 366 1024 ².
405 982 446 1037 5)
473 982 694 1026 Euindem
719 997 742 1027 a
769 982 1027 1040 privatione
1052 1000 1131 1043 pro
1154 1000 1207 1031 ea
1231 986 1332 1032 vice
1355 986 1465 1032 iuris
1489 985 1809 1045 praesentandi
1832 985 2013 1041 eximit,

234 1061 270 1107 si
300 1062 539 1122 indignum
573 1065 775 1111 scienter
809 1069 1174 1124 praesentaverit
1196 1071 1226 1115 ⁸.
1270 1071 1313 1126 4)
1355 1071 1525 1115 Eximit
1558 1070 1729 1129 pariter
1759 1069 1908 1130 quoad
1943 1083 2015 1128 pa-

235 1147 415 1192 rochias
445 1163 471 1193 a
505 1149 602 1206 lege
640 1164 921 1207 concursus,
958 1152 1020 1197 ita
1069 1158 1224 1198 tamen
1275 1158 1326 1198 ut
1367 1155 1560 1210 clericus
1601 1169 1626 1199 a
1660 1159 1853 1213 patrono
1900 1153 2016 1198 laico

236 1238 555 1290 praesentatus
587 1234 767 1279 admitti
813 1250 904 1280 non
949 1236 1113 1294 possit,
1150 1237 1236 1282 nisi
1270 1242 1497 1298 quatenus
1534 1238 1591 1283 ab
1622 1236 2018 1282 examinatoribus

236 1317 617 1374 prosynodalibus
650 1318 926 1376 approbatus
959 1319 1096 1365 fuerit
1119 1320 1151 1365 ⁴.

361 1399 487 1444 1290.
518 1401 916 1447 Ecclesiasticum:
956 1403 994 1458 l)
1020 1416 1101 1447 sex
1127 1417 1307 1449 menses
1329 1405 1385 1464 ad
1408 1404 1792 1463 praesentandum
1822 1403 1959 1447 habet
1983 1402 2013 1459 ⁵;

236 1483 277 1538 2)
314 1483 462 1542 quoad
498 1483 666 1543 reliqua
703 1485 946 1530 contrariis
981 1485 1125 1530 utitur
1158 1486 1331 1532 iuribus
1355 1487 1385 1531 ⁶.

354 1652 365 1671 ¹
395 1653 677 1690 REIFFENSTUEL
704 1654 756 1689 tit.
784 1654 826 1689 (Ie
845 1653 930 1690 lure
956 1655 1102 1691 Patron.
1130 1664 1165 1691 n.
1192 1654 1248 1690 54.

356 1724 368 1742 ²
396 1725 678 1761 Rairrausruat
706 1735 740 1761 n.
769 1726 811 1761 17
833 1735 935 1772 seqq.

356 1795 369 1815 ³
396 1797 531 1833 Bened.
559 1797 645 1833 XIV
673 1798 714 1834 de
733 1798 870 1842 synodo
898 1798 1117 1835 Dioecesnna
1144 1797 1205 1834 lib.
1235 1799 1288 1841 12,
1316 1808 1394 1845 cap.
1422 1799 1453 1840 7,
1480 1809 1516 1834 n.
1542 1798 1575 1840 6,
1605 1798 1728 1844 ibique
1764 1798 1868 1834 Ro‘rA
1895 1807 2017 1834 coram

236 1867 408 1910 Coccino‚
436 1868 553 1904 Decis.
584 1867 651 1904 1⁴25
677 1872 713 1904 et
740 1867 842 1913 1-to5;
870 1869 1027 1906 GiaALm
1054 1870 1246 1916 Eoeposttio
1273 1870 1374 1906 Iuris
1400 1871 1532 1916 Pontis.
1559 1870 1597 1905 P.
1621 1869 1650 1912 1,
1670 1869 1839 1906 Sectione
1857 1868 1965 1912 579AE
1986 1868 2019 1913 l;

237 1940 517 1977 Rmrrmsruat
543 1941 585 1977 de
610 1942 696 1977 Iure
722 1942 822 1977 Patr.
850 1951 884 1978 n.
913 1941 969 1983 60,
997 1946 1127 1978 contra
1153 1952 1196 1978 ea
1222 1951 1315 1988 quae
1341 1942 1517 1987 deinceps
1543 1941 1652 1978 tradit
1677 1952 1711 1977 n.
1738 1941 1799 1977 86.

356 2011 369 2031 '⁸
396 2012 505 2048 Cone.
533 2013 629 2049 Trid.
657 2013 754 2050 Sess.
774 2013 909 2058 XXIV,
928 2023 1008 2060 cap.
1029 2015 1150 2051 XVlll
1169 2015 1210 2050 cle
1228 2015 1402 2061 Reform.;
1431 2016 1708 2052 Rsstrrans‘ruffl,
1734 2015 1787 2051 tit.
1807 2016 1882 2052 eod.
1909 2025 1943 2051 n.
1962 2014 2018 2057 65,

236 2084 372 2130 aliique
399 2084 658 2120 communiter.

354 2154 366 2173 ⁵
393 2154 480 2200 Cap.
506 2154 551 2190 22
577 2155 621 2191 de
649 2155 730 2192 Iure
760 2155 853 2192 Patr.
879 2161 915 2192 et
940 2165 1020 2201 cap.
1048 2156 1159 2192 unico
1185 2157 1315 2193 eodem
1344 2156 1380 2191 in
1407 2156 1438 2192 6.

357 2225 370 2244 ⁶
396 2226 678 2263 RairrENsruaL
708 2227 758 2263 tit.
786 2227 865 2264 eod.
893 2237 927 2265 n.
954 2227 999 2263 54
1026 2228 1071 2264 ad
1097 2227 1152 2264 65.
1181 2248 1223 2251 —
1251 2228 1355 2265 Circa
1382 2228 1716 2274 praesentationem
1743 2238 1764 2264 a
1792 2232 1944 2274 patrono
1962 2238 2018 2265 ec-

237 2297 446 2335 clesiastico
474 2299 677 2335 faciendam
705 2299 751 2335 ad
778 2299 1010 2345 parochiales
1036 2300 1226 2342 ecclesias,
1253 2300 1475 2337 Benedictus
1502 2299 1589 2336 XIV
1619 2299 1897 2343 Constitutione,
1925 2310 2019 2346 quae

238 2372 368 2417 incipit
392 2372 564 2409 Redditae
588 2373 701 2415 nobis,
727 2381 801 2418 qua
827 2373 895 2408 tria
921 2373 968 2408 ab
994 2372 1288 2418 Archiepiscopo
1315 2373 1527 2409 Florentino
1554 2372 1744 2418 proposita
1769 2372 1882 2408 dubia
1906 2372 2019 2408 resol-

237 2447 383 2486 vuntur,
410 2443 550 2480 statuit:
578 2443 715 2485 Primo,
742 2447 937 2489 patronum
964 2444 1257 2480 ecclesiasticum
1274 2444 1321 2481 ad
1349 2443 1570 2480 beneficium
1598 2449 1766 2480 curatum
1785 2447 2018 2488 praesentare

237 2513 373 2550 debere
399 2523 495 2556 eum,
522 2515 585 2560 qui
613 2515 732 2560 magis
760 2514 927 2558 idoneus,
955 2515 1149 2562 magisque
1184 2515 1320 2561 dignus
1346 2519 1401 2551 est
1428 2515 1522 2551 inter
1557 2514 1780 2560 approbatos
1805 2514 1854 2550 ab
1880 2514 2020 2551 exami-

239 2586 445 2623 natoribus.
473 2586 654 2629 Secundo,
681 2586 711 2622 si
738 2586 834 2623 inter
860 2586 1092 2623 examinatos
1117 2586 1242 2622 nullus
1269 2586 1327 2628 sit,
1353 2586 1416 2632 qui
1442 2586 1487 2622 de
1514 2585 1651 2622 iudicio
1677 2589 1862 2631 queratur,
1886 2585 2020 2622 debere

238 2658 466 2704 Episcopum
495 2662 725 2703 praesentato
753 2658 972 2695 beneficium
1000 2658 1177 2702 conferre,
1205 2667 1272 2695 nec
1307 2657 1345 2694 in
1371 2658 1515 2704 patroni
1543 2657 1719 2694 iudicium
1747 2657 1952 2703 inquirere;
1987 2657 2020 2695 si

239 2739 324 2766 vero
351 2729 486 2775 aliquis
511 2739 555 2765 ex
584 2730 890 2766 concurrentibus
930 2729 1066 2767 iudicio
1100 2729 1152 2765 illi
1186 2730 1338 2766 minime
1375 2730 1610 2776 acquiescat,
1639 2739 1747 2776 posse
1782 2730 2020 2775 Episcopum,

238 2804 438 2846 antequam
478 2800 750 2836 institutionem
776 2800 966 2843 concedat,
993 2800 1031 2836 in
1057 2800 1202 2846 patroni
1231 2800 1406 2838 iudicium
1434 2800 1630 2846 inquirere.
1671 2800 1804 2844 Tertio,
1830 2800 1862 2837 si
1889 2799 1930 2842 is,
1957 2798 2020 2846 qui

239 2881 278 2908 se
304 2871 511 2917 digniorem
537 2871 737 2914 existimat,
763 2877 799 2907 et
825 2871 1059 2917 posthabitus
1091 2877 1158 2912 cst,
1185 2871 1470 2918 appeliationem
1499 2871 1730 2918 interponat,
1756 2869 2019 2908 admittendam

238 2952 321 2980 esse
348 2947 490 2979 tantum
517 2943 556 2979 in
581 2942 806 2986 devolutivo,
832 2948 870 2980 at
895 2953 971 2980 non
997 2943 1182 2980 retardare
1208 2924 1485 2990 possessionem
1521 2943 1756 2989 praesentali,
1781 2942 1812 2978 si
1842 2942 2019 2980 iudicium

237 3014 414 3061 Episcopi
440 3023 524 3050 cun:
554 3014 697 3060 patroni
725 3014 862 3051 iudicio
888 3015 1108 3058 conveniat;
1135 3015 1166 3050 si
1191 3024 1278 3051 vero
1304 3013 1506 3052 inferendo
1533 3013 1670 3051 iudicio
1688 3014 1733 3051 de
1751 3013 1870 3060 magis
1895 3013 2020 3060 digno,

239 3085 422 3123 sententia
447 3086 635 3132 Episcopi,
661 3090 697 3124 et
723 3086 865 3132 patroni
892 3085 1136 3123 ecclesiastici
1165 3085 1316 3122 minime
1342 3085 1580 3130 concordant,
1607 3090 1695 3122 tunc
1720 3085 1752 3122 si
1777 3084 1861 3131 quis
1886 3093 1932 3122 ex
1956 3092 2019 3130 ap·
2049 3103 2057 3108 <-
