2176 3386
534 225 664 254 LIBER
693 226 716 254 1.
748 225 803 253 DE
834 225 971 254 REBUS
1000 224 1236 266 ECCLESIAE
1267 224 1593 253 SPIRITUALIBUS
1903 214 1956 254 65

173 334 444 380 Missionum
477 332 792 392 Superioribus
813 333 1111 391 designando,
1141 332 1411 391 interposita
1447 338 1575 385 crate
1596 334 1742 378 ferrea
1768 331 1840 377 vel
1868 332 1956 377 alio

163 417 386 476 ‘repagulo
419 416 540 461 inter
561 430 611 461 os
634 415 907 462 Confessarii
931 429 984 461 ac
1009 415 1218 461 mulieris
1252 415 1547 474 poenitentis,
1572 415 1833 460 audiantur.
1870 414 1956 470 Qui

158 513 300 545 secus
346 499 541 556 fecerint
573 513 626 544 ac
659 498 972 544 saluberrimis
1022 498 1145 543 hisce
1189 498 1556 551 ordinationibus
1600 497 1954 553 conti-aiverint‚

167 596 340 642 poenas
377 587 537 628 contra
571 583 808 641 clausurae
844 582 1091 627 violatores
1127 595 1180 626 ac
1212 595 1450 626 sacrorum
1499 595 1730 626 canonum
1766 584 1811 626 et
1851 595 1955 639 apo-

158 666 433 712 stolicarum
476 666 863 711 constitutionum
906 666 1216 724 praefatarum
1265 669 1607 723 contemptores
1646 663 1889 708 incurrant
1914 682 1953 708 v.

716 791 718 793 >
788 808 805 854 ἓ
832 810 864 844 3.
891 829 937 832 -
962 808 1021 844 De
1044 807 1334 854 Satisfactione.

288 916 386 960 726.
422 915 571 960 Tertia
597 914 909 973 poenitentiae
933 928 1034 972 pars
1066 918 1136 958 est
1171 912 1441 968 satisfactio,
1468 926 1545 957 seu
1570 912 1784 957 executio
1808 912 1958 971 operis

158 1015 193 1045 a
226 999 510 1046 Confessario
545 999 588 1042 in
626 998 959 1056 poenitentiam
1016 1001 1313 1055 peccatorum
1352 996 1524 1041 virtute
1563 996 1766 1041 clavium
1803 995 1957 1055 poeni-

160 1083 284 1129 tenti
318 1082 541 1127 iniuncta.
582 1085 716 1126 Porro
749 1095 854 1125 cum
889 1080 1142 1125 satisfactio
1182 1079 1411 1138 pertineat
1443 1079 1499 1123 ad
1534 1078 1846 1137 integritatem
1883 1083 1955 1125 Sa·

155 1167 411 1222 cramenti‚
447 1166 581 1211 debet
603 1180 627 1210 a
651 1164 936 1210 Confessario
960 1163 1135 1221 imponi
1162 1168 1208 1208 et
1235 1177 1258 1206 a
1286 1163 1552 1221 poenitente
1585 1163 1842 1221 adimpleri,
1870 1165 1956 1209 nisi

160 1249 418 1294 necessitas
453 1247 684 1307 impediat.

287 1335 386 1378 727.
427 1338 518 1378 Hac
553 1333 598 1377 in
630 1348 674 1377 re
709 1331 974 1377 meminisse
1018 1331 1153 1375 debet
1196 1331 1512 1376 confessarius
1561 1332 1789 1390 duplicem
1824 1334 1955 1378 susti-

159 1431 277 1462 snere
313 1429 579 1474 personam,
617 1414 836 1459 nimirum
882 1414 1043 1460 iudicis
1075 1418 1120 1458 et
1158 1413 1351 1469 medici,
1387 1418 1431 1458 et
1471 1428 1557 1459 nec
1592 1414 1811 1460 iudicium
1858 1417 1957 1461 sine

168 1498 477 1544 misericordia
513 1499 595 1542 sibi
629 1511 726 1552 esse
762 1497 1051 1553 faciendum,
1089 1512 1173 1542 nec
1227 1498 1588 1543 misericordiam
1632 1498 1731 1543 sine
1770 1498 1952 1544 iudicio.

158 1583 223 1626 Ut
255 1586 410 1626 autem
446 1581 667 1641 iudicium
695 1581 792 1626 sine
819 1581 1129 1626 misericordia
1158 1582 1333 1626 faceret
1355 1582 1435 1642 'qui
1470 1596 1550 1642 pro
1583 1582 1832 1627 levioribus
1856 1597 1956 1641 pec-

156 1665 281 1710 ·catis
314 1664 607 1723 gravissimas
642 1678 810 1722 poenas
842 1664 1116 1722 imponeret,
1162 1665 1223 1708 ita
1260 1663 1422 1708 iudicis
1457 1664 1637 1709 muneri
1660 1665 1853 1720 deesset,
1879 1665 1955 1725 qui

164 1763 246 1807 pro
280 1747 561 1806 gravissimis
593 1748 735 1806 culpis
772 1762 939 1806 poenas
974 1747 1239 1805 iniungeret
1280 1747 1489 1793 lex‘iores.
1529 1748 1743 1814 Habenda
1771 1749 1958 1807 insuper

155 1832 206 1876 ¹ei
239 1836 310 1876 est
344 1831 458 1876 ratio
495 1831 680 1878 virium.
716 1845 870 1887 sexus,
908 1830 1073 1875 aetatis
1107 1831 1175 1876 sui
1215 1832 1511 1889 poenitentis.

287 1914 388 1958 728.
425 1913 682 1959 satisfactio
705 1914 930 1972 exigenda
955 1928 1047 1960 non
1070 1919 1139 1958 est
1172 1918 1282 1959 ante
1319 1914 1673 1971 absolutionem,
1700 1929 1842 1973 eaque
1871 1929 1956 1960 nec

157 1997 346 2055 propria
379 1998 655 2043 auctoritate
689 2013 714 2042 a
751 1998 1014 2055 poenitente
1049 1997 1290 2043 immutari
1319 2034 1327 2053 ‚
1367 2013 1513 2058 neque
1548 2013 1626 2057 per
1658 1998 1955 2045 substitutam

164 2094 410 2138 personam
435 2080 606 2138 expleri
633 2081 813 2139 poterit.
850 2084 1063 2127 Ceterum
1087 2081 1352 2126 addendum
1390 2082 1489 2126 heic
1512 2087 1597 2139 est,
1626 2083 1782 2141 poenis
1814 2082 1955 2128 etiam

162 2164 392 2210 (livinitus
425 2165 641 2210 immissis
666 2166 737 2210 vel
760 2170 922 2223 sponte
955 2157 1195 2225 susceptis,
1224 2168 1493 2210 satisfacere
1528 2180 1611 2212 nos
1644 2181 1790 2225 posse,
1814 2173 1862 2212 at
1888 2181 1956 2212 sa-

156 2248 464 2292 cramentalis
498 2248 779 2305 poenitentia
803 2249 860 2293 ad
882 2249 1075 2307 gratiam
1101 2250 1340 2294 concurrit
1363 2254 1408 2294 et
1432 2264 1524 2294 non
1551 2251 1685 2295 modo
1708 2265 1766 2295 ex
1791 2257 1955 2296 natura

160 2330 317 2387 operis
353 2329 446 2375 vim
480 2330 617 2375 habet
639 2331 940 2389 expiativam,
966 2332 1042 2376 sed
1067 2332 1207 2377 eliam
1245 2332 1417 2377 virtute
1451 2333 1669 2391 clavium,
1696 2348 1834 2392 quarn
1858 2335 1955 2392 qui·

155 2413 270 2458 dem
304 2415 686 2459 sacramentalem
723 2415 836 2470 vim,
867 2420 999 2473 prout
1032 2417 1070 2460 S.
1099 2416 1299 2460 Thomas
1331 2415 1534 2474 explicat
1559 2417 1570 2438 ²
1606 2421 1788 2474 praeter
1819 2430 1954 2475 opera

162 2495 408 2552 iniuncta,
444 2497 717 2556 participare
750 2498 1088 2557 quadamtenus
1123 2504 1318 2556 possunt
1351 2499 1436 2543 alia
1472 2499 1612 2543 etiam
1648 2499 1766 2544 bona
1801 2498 1955 2557 poeni-

164 2579 308 2624 tentis
339 2594 493 2638 opera,
527 2594 643 2640 quae
676 2582 877 2639 generali
911 2582 1109 2627 formula
1146 2583 1200 2626 ad
1240 2582 1556 2627 remissionem
1603 2588 1896 2641 peccatorum
1930 2598 1955 2629 a

156 2664 409 2709 Sacerdote
441 2665 778 2723 quodammodo
812 2665 1139 2711 universaliter
1173 2672 1280 2711 sunt
1313 2666 1502 2712 adscita.

289 2833 297 2848 ¹
330 2830 489 2873 Quodlib.
517 2831 549 2873 5,
577 2837 715 2878 quaest.
748 2831 803 2875 15,
833 2836 900 2868 art.
929 2832 985 2868 ΞΒ.

287 3090 607 3124 ZiTELm-Somssm.
633 3111 668 3115 —
693 3093 740 3125 II.
1809 3095 1828 3125 5
