2176 3386
1592 0 1894 37 ”’“’(’Ψψῗ,””“,“””ἔ’,>μ
2012 28 2030 38 ,,

201 154 281 194 288
874 167 984 196 PARS
1013 168 1054 196 11.
1084 168 1141 196 DE
1171 167 1309 197 REBUS

202 274 505 320 directionem
554 274 942 332 Seminariorum,
978 273 1089 333 quin
1127 274 1174 318 in
1222 275 1412 332 singulis
1459 276 1640 322 casibus
1680 291 1891 323 recursus
1922 279 1978 324 ad

205 360 245 402 S.
283 357 444 403 Sedem
478 357 716 413 habeatur,
752 357 817 401 uti
853 358 1160 416 peragendum
1195 362 1315 403 esset
1346 373 1401 403 ex
1432 359 1701 419 Apostolicis
1732 362 1979 417 sanctioni-

203 441 304 495 bus,
339 453 425 484 nec
458 454 551 485 non
586 440 839 485 Seminaria
871 455 1030 485 eorum
1065 440 1307 486 directioni
1341 442 1604 486 concredita
1626 442 1980 489 administrandi

204 526 300 567 tam
334 522 381 566 in
414 522 725 581 spiritualibus
757 537 894 582 quam
930 524 976 567 in
1010 523 1335 582 temporalibus
1367 523 1464 568 sine
1496 507 1818 582 deputaturum
1840 526 1980 571 inter·

205 610 368 662 ventu,
402 606 478 665 qui
513 605 640 650 iuxta
673 609 810 652 Conc.
848 606 966 651 Trid.
996 607 1007 629 ¹
1043 606 1310 663 disciplinae
1343 611 1389 651 et
1420 608 1808 653 administrationi
1840 609 1980 655 bono·

205 705 307 735 rum
341 690 581 748 invigilare
625 691 872 746 deberent,
908 691 970 735 ita
1011 695 1166 735 tamen
1201 695 1250 734 ut
1288 691 1334 735 in
1380 691 1730 738 omnibus-tam
1771 694 1982 753 Superior

204 774 439 820 Generalis
459 787 598 833 quam
631 772 741 818 socii
775 774 1031 832 dependere
1063 788 1088 817 a
1123 774 1379 831 respectivo
1411 774 1652 819 Ordinario
1685 779 1730 819 et
1752 775 1980 822 rationem

206 858 465 903 reddituum
500 857 544 901 in
579 857 670 902 fine
703 857 945 903 cuiuslibet
977 858 1087 901 anni
1122 858 1308 902 reddere
1343 862 1629 914 tenerentur,
1666 860 1981 917 praesentibus

203 941 380 986 duobus
411 941 465 986 de
499 941 703 999 Capitulo
737 941 1019 1000 totidemque
1051 942 1106 986 de
1140 942 1266 988 Clero
1299 941 1502 987 cixitatis
1528 961 1566 986 n.
1612 947 1852 988 Decretum
1886 945 1980 989 fere

206 1025 354 1070 simile
386 1025 561 1070 editum
595 1029 664 1069 est
697 1039 775 1083 pro
813 1024 1007 1069 Eudistis
1040 1024 1111 1069 die
1149 1025 1199 1069 19
1225 1025 1336 1069 febr.
1368 1025 1480 1069 1864
1501 1030 1547 1070 et
1570 1039 1648 1083 pro
1680 1026 1977 1071 oratorianis.

328 1110 453 1154 1267.
494 1109 756 1153 Notandum
790 1109 891 1153 heic
924 1114 993 1153 est
1024 1109 1143 1168 quod
1177 1109 1342 1154 Bened.
1382 1111 1477 1154 xlv
1520 1109 1778 1167 apostolicis
1819 1109 1982 1155 litteris

206 1193 293 1238 diei
326 1194 351 1237 7
386 1197 500 1250 sept.
541 1193 652 1237 1755
684 1192 870 1250 collegia
904 1197 950 1236 et
983 1192 1235 1236 Seminaria
1269 1196 1422 1236 erecta
1454 1197 1500 1236 et
1532 1192 1746 1250 erigenda
1779 1195 1863 1237 sub
1885 1193 1981 1237 iure

207 1279 287 1320 ΡΡ.
326 1277 424 1320 Soc.
461 1279 560 1319 Iesu
594 1275 640 1319 in
675 1275 829 1331 Indus,
865 1275 1116 1319 declaravit
1148 1280 1364 1334 exempta
1398 1280 1443 1320 et
1475 1274 1615 1320 libera
1648 1275 1705 1320 ab
1737 1276 1863 1321 omni
1906 1290 1980 1334 po-

206 1364 371 1405 testate
405 1360 707 1418 parochorum
732 1359 777 1403 in
805 1359 857 1404 iis
880 1373 995 1418 quae
1027 1360 1474 1405 administrationem
1500 1360 1810 1405 Eucharistiae
1842 1361 1983 1406 etiam

208 1457 288 1502 pro
322 1443 493 1488 viatico
521 1449 567 1488 et
599 1448 837 1488 extremae
871 1443 1105 1488 unctionis
1140 1443 1386 1502 pertinent.

331 1526 456 1570 1268.
495 1530 599 1571 Post
638 1526 892 1570 Seminaria
941 1532 1148 1584 superest
1194 1526 1362 1586 aliquid
1407 1527 1649 1573 dicendum
1693 1527 1747 1571 de
1790 1528 1983 1586 Collegio

207 1609 390 1654 Urbano
423 1609 517 1653 Fid.
556 1613 685 1667 Prop.
723 1614 859 1654 Porro
893 1609 937 1654 in
973 1610 1058 1654 hoc
1091 1610 1337 1667 Collegium
1371 1610 1452 1655 soli
1486 1615 1761 1670 cooptantur
1793 1611 1984 1656 iuvenes

209 1693 374 1748 exteri,
409 1691 487 1751 qui
519 1691 660 1737 sacris
693 1692 987 1737 missionibus
1019 1707 1205 1751 operam
1239 1693 1504 1752 impendere
1540 1695 1716 1738 volunt.
1757 1698 1820 1739 Ex
1838 1695 1984 1753 dispo-
2019 1707 2030 1715 ·

209 1775 374 1820 sitione
408 1775 575 1820 Urbani
612 1779 707 1821 Vlll
732 1776 746 1799 ²
781 1775 955 1820 alumni
987 1777 1022 1821 si
1058 1777 1254 1822 maiores
1296 1783 1404 1822 sunt
1440 1778 1492 1822 14
1523 1777 1658 1823 annis
1690 1778 1736 1821 in
1769 1782 1875 1822 actu
1907 1777 1982 1822 ad·

211 1856 462 1914 missionis,
498 1858 533 1903 si
574 1859 776 1904 minores
817 1873 924 1904 cum
976 1861 1027 1904 14
1060 1873 1234 1904 annum
1279 1860 1635 1919 compleverint,
1671 1860 1982 1906 iuramentum

210 1941 421 1986 emittere
454 1942 654 1998 debent,
689 1957 778 2001 quo
811 1942 1067 2001 spondeant
1099 1956 1145 1987 se
1183 1943 1282 1987 sine
1323 1943 1504 2001 speciali
1545 1943 1669 1989 Sedis
1703 1944 1985 2002 Apostolicae

210 2025 405 2082 indulto,
440 2025 723 2084 ingressuros
756 2028 929 2072 nullam
966 2027 1249 2085 religionem,
1275 2026 1541 2073 societatem
1566 2032 1647 2072 aut
1668 2030 1985 2087 Congregatio-

209 2124 317 2155 nem
342 2111 614 2168 regularem,
640 2114 931 2169 suscepturos
953 2115 1125 2155 statum
1155 2111 1516 2156 ecclesiasticum
1545 2116 1592 2156 et
1613 2126 1773 2157 omnes
1805 2112 1987 2158 ordines

211 2207 379 2248 sacros,
415 2193 483 2238 sui
516 2198 663 2238 status
696 2194 966 2238 relationem
999 2193 1202 2253 quolibet
1234 2208 1374 2250 anno,
1410 2193 1445 2239 si
1480 2193 1599 2239 intra
1633 2193 1747 2239 fines
1782 2199 1985 2253 Europae

211 2276 401 2332 fuerint,
436 2276 635 2336 quolibet
670 2290 779 2321 vero
812 2276 1017 2333 bienniO,
1053 2276 1088 2321 si
1122 2281 1271 2333 extra,
1306 2289 1462 2321 sacrae
1494 2276 1842 2335 Congregationi
1888 2278 1982 2324 Fid.

214 2366 341 2419 Prop.
376 2359 685 2416 exhibituros,
720 2364 767 2405 et
798 2360 896 2404 sine
930 2373 1058 2404 mora
1091 2359 1139 2404 in
1172 2359 1460 2418 provinciam
1501 2373 1630 2404 suam
1664 2374 1928 2405 reversuros
1950 2359 1981 2404 ³.

212 2448 308 2490 Hoc
339 2449 494 2488 autem
528 2443 841 2488 iuramentum
876 2457 934 2488 ex
965 2442 1149 2488 decreto
1178 2442 1424 2488 Alexandri
1449 2445 1525 2488 v11
1560 2448 1829 2501 perpetuum
1851 2448 1920 2488 est
1941 2447 1988 2489 et

332 2607 341 2626 ¹
371 2607 467 2645 Sess.
492 2606 611 2650 XXII,
637 2605 674 2642 C.
700 2605 753 2641 IX
780 2605 821 2641 de
846 2605 922 2651 Res.

330 2679 343 2698 ¹
370 2677 416 2715 24
442 2688 524 2715 nov.
552 2677 654 2714 1625.

333 2750 346 2770 ⁸
371 2751 413 2786 In
440 2751 571 2796 Congr.
598 2759 721 2796 gener.
747 2750 818 2786 diei
849 2750 891 2786 12
910 2750 996 2786 maii
1018 2749 1107 2787 1854
1123 2750 1311 2786 decretum
1331 2749 1417 2786 fuit:
1458 2747 1492 2794 1)
1517 2749 1733 2786 Provinciae
1759 2748 1909 2784 nomine
1935 2747 1988 2783 in-

211 2823 413 2870 telligenda
428 2827 484 2860 est
511 2827 585 2860 tota
613 2823 802 2868 provincia
819 2823 1081 2864 ecelesiastica,
1100 2823 1146 2859 ad
1165 2832 1274 2868 quam
1298 2821 1471 2859 alumnus
1485 2823 1642 2867 pertinet
1650 2832 1659 2866 ;
1686 2820 1721 2867 2)
1739 2820 1891 2858 Alumni
1909 2819 1986 2856 sive

213 2895 258 2931 ad
275 2895 502 2942 provinciam
529 2895 605 2932 sive
631 2895 678 2932 ad
705 2895 906 2932 dioecesim
932 2895 1131 2937 mittantur,
1158 2894 1221 2931 ubi
1250 2894 1365 2931 maior
1390 2894 1457 2930 erit
1484 2893 1714 2930 sacerdotum
1740 2892 1905 2938 penuria,
1924 2891 1988 2928 ha-

211 2966 288 3004 bita
312 2967 453 3003 ratione
479 2967 686 3003 animarum
714 2966 893 3003 utilitatis.
927 2965 996 3002 Per
1023 2964 1251 3011 provinciam
1278 2963 1567 3001 ecclesiasticam
1598 2962 1816 3008 intelligitur
1845 2961 1990 2999 archie-

216 3038 427 3084 piscopatus
453 3047 538 3075 oum
565 3036 819 3083 suffraganeis.
