2176 3386
222 144 282 184 9ss
903 154 1011 182 PARS
1042 155 1081 181 n.
1122 153 1178 182 υῑε
1209 145 1346 182 ni-:nus
1391 135 1395 137 ’

232 261 747 320 ῄυονίῑ,’θυῐηᾶθίηιμιε
780 260 874 306 suis
914 260 1172 319 sumptibus
1209 259 1391 305 aluerit.
1437 256 1704 305 Triennium
1741 264 1900 305 v'er’um
1942 260 2010 305 in-

233 351 412 402 tegrum
449 349 496 389 et
528 344 807 402 completum
842 342 940 389 esse
972 339 1123 391 debet,
1157 346 1204 388 et
1234 341 1452 388 accedere
1485 334 1654 387 debent
1675 342 1856 388 litterae
1887 332 2012 388 testi·-

231 427 459 472 ⁷moniales
495 426 697 485 Episcopi
742 426 930 484 originis
961 423 1038 471 seu
1074 417 1307 470 domicilii.
1364 426 1503 470 Debet
1540 425 1725 484 insuper
1771 425 2014 484 Episcopus

234 509 508 554 beneficium
538 509 768 554 sufficiens
801 511 964 554 saltem
990 501 1034 553 in
1045 514 1110 553 tra
1136 522 1343 553 mensem
1366 522 1391 553 a
1415 508 1486 553 die
1511 500 1691 554 habitae
1712 502 2015 554 ordinationis

232 592 384 638 eidem
418 593 650 648 conferre,
685 607 740 637 ac
773 592 818 636 in
856 592 1119 637 testimonio
1151 590 1454 636 ordinationis
1485 582 1701 636 disertam
1728 591 2012 640 mentionem

235 677 387 720 facere
424 679 518 720 tam
553 676 607 720 ‹te
643 675 774 719 titulo
808 674 1148 728 familiaritatis,
1174 688 1312 733 quam
1348 674 1401 718 de
1434 671 1814 719 testimonialibus
1846 667 2014 732 proprii

239 756 445 804 praelati.
501 764 622 804 Haec
658 753 765 803 vero
798 758 1049 803 necessitas
1082 757 1356 803 beneticium
1391 750 1657 802 conferendi
1678 757 1874 815 {cessat,
1910 756 1946 801 si
1979 757 2017 801 is

228 841 359 886 aliud
395 842 670 887 beneficium
704 846 784 886 aut
818 842 1147 900 patrimonium
1195 841 1375 886 habeat.
1431 846 1478 886 [n
1513 841 1597 884 boc
1633 839 1831 885 triennio
1871 844 2017 898 potest

235 925 498 983 computari
537 931 731 984 tempus,
757 940 847 983 quo
879 940 983 969 cum
1024 925 1240 984 Episcopo
1264 930 1576 969 commoratus
1598 923 1668 968 est
1689 927 1937 982 antequam
1961 923 2017 968 ad

238 1009 551 1067 episcopatum
587 1014 706 1053 esset
739 1014 977 1067 promotus
1004 1009 1030 1053 ¹.
1073 1008 1326 1053 Familiaris
1361 1022 1470 1052 vero
1504 1007 1548 1051 in
1583 998 1688 1052 casu
1715 1013 1928 1052 censetur
1961 1007 2014 1063 is,

236 1093 314 1151 qui
354 1092 572 1151 Episcopo
598 1092 876 1147 insci-xit,'in
912 1092 1011 1137 eius
1033 1092 1144 1137 aede
1168 1095 1506 1145 commoratum
1543 1090 1730 1148 eiusque
1764 1090 2020 1149 sumptibus

234 1172 425 1228 alitur,
451 1175 560 1219 binc
593 1189 666 1219 ex.
704 1190 768 1230 gr.
807 1179 997 1232 nepotes
1041 1174 1269 1232 Episcopi,
1306 1174 1381 1233 qui
1424 1172 1612 1218 alterius
1644 1172 1862 1218 dioecesis
1894 1176 2017 1226 sunt,

237 1255 344 1300 licet
379 1271 483 1300 cum
521 1271 574 1301 co
609 1261 972 1312 commorentur,
999 1262 1045 1300 et:
1076 1256 1134 1300 ab
1166 1271 1220 1301 eo
1251 1257 1452 1310 alantur,
1489 1255 1575 1300 nisi
1609 1255 1741 1300 simul
1771 1255 1919 1300 eidem
1952 1255 2020 1299 in-

2149 1195 2176 1241 ti

2171 1250 2176 1265 Ι

238 1339 466 1394 serviant,
504 1353 595 1384 non
630 1343 821 1397 possunt
856 1339 986 1383 titulo
1031 1338 1355 1384 familiaritatis
1388 1338 1528 1383 sacris
1562 1336 1733 1382 initiari
1788 1337 2022 1382 ordinibus

236 1421 336 1466 sine
371 1422 637 1467 dimissoriis
671 1423 836 1481 proprii
877 1422 1079 1481 Episcopi
1104 1422 1133 1466 ².

264 1502 266 1505 ’
357 1506 459 1550 806.
502 1506 701 1565 Denique
741 1507 1024 1562 notandum,
1060 1497 1179 1565 quod
1222 1505 1298 1565 qui
1332 1505 1378 1549 in
1414 1518 1503 1550 una
1537 1504 1730 1549 dioecesi
1775 1509 1939 1559 natus,
1975 1503 2022 1547 in

239 1588 331 1633 alia
365 1588 647 1634 domicilium
683 1590 864 1644 habeat,
900 1590 947 1633 in
986 1590 1115 1634 tertia
1152 1588 1453 1644 beneficium,
1489 1602 1513 1632 a
1547 1587 1711 1647 quovis
1746 1587 1884 1631 trium
1917 1586 2021 1631 isto-

242 1667 344 1715 rum
388 1671 709 1730 Episcoporum
744 1672 911 1730 poterit
945 1672 1127 1718 ordines
1160 1671 1416 1731 susciperel,
1451 1671 1586 1730 idque
1619 1670 1704 1715 etsi
1736 1670 1793 1715 ab
1827 1683 1918 1714 uno
1951 1683 2023 1714 eo-

245 1766 365 1808 rum,
402 1754 599 1813 aliquem
635 1754 842 1800 ordinem
877 1755 1120 1813 acceperit.
1898 1744 1900 1746 ¹

362 1836 463 1881 807.
508 1839 715 1896 Regulari
749 1838 1015 1883 solemniter
1048 1840 1250 1896 professo
1285 1852 1403 1882 unus
1425 1843 1493 1882 est
1516 1836 1724 1895 proprius
1764 1828 2021 1894 Episcopus,
2171 1841 2176 1868 ¹

245 1919 422 1965 scilicet
454 1921 678 1975 coenobii,
708 1921 779 1965 ubi
815 1922 891 1981 qui
927 1922 1208 1966 ordinandus
1241 1926 1309 1966 est
1333 1907 1661 1965 commoratur.
1701 1919 1815 1964 Hinc
1839 1919 1853 1942 ‘⁹’
1888 1921 2026 1976 Supe-
2137 1929 2176 1972 z:

245 2003 386 2048 riores
418 2005 649 2062 regulares
682 2010 885 2063 possunt*
906 2019 984 2063 pro
1018 2005 1232 2060 arbitrio,
1273 2003 1506 2062 Regularil,
1543 2003 1619 2063 qui
1654 2002 1886 2062 praeditus
1917 2015 2027 2061 qua-

242 2086 445 2132 litatibus
477 2087 707 2146 requisitis
740 2087 922 2132 ordines
956 2088 1184 2146 suscipere
1223 2089 1447 2146 pastulet,
1483 2086 1658 2130 litteras
1685 2084 2028 2133 'tdimissoriales

244 2171 513 2226 concedere,
550 2171 605 2216 ad
644 2171 911 2229 Episcopum
948 2176 1104 2216 tamen
1138 2171 1482 2225 dioecesanum,
1518 2183 1683 2227 nempe
1718 2168 1836 2213 illius
1871 2174 2027 2212 mona-

245 2247 372 2298 sterii
406 2246 467 2297 in·
488 2254 617 2298 cuius
654 2245 824 2299 familia
858 2254 916 2299 ab
948 2254 1002 2298 iis
1033 2254 1090 2298 ad
1123 2268 1236 2313 quos
1270 2254 1497 2312 pertinet,
1532 2253 1569 2297 is
1601 2251 1822 2310 regutaris
1856 2250 2026 2308 positus

249 2337 400 2382 fuerit.
441 2337 481 2381 Si
510 2337 753 2396 Episcopus
775 2338 1229 2392 dioecesanus-absit,
1259 2337 1330 2382 vel
1353 2337 1690 2382 ordinationem
1726 2345 1819 2380 non
1845 2335 2026 2390 babeat,

248 2421 322 2465 vel
358 2422 492 2465 Sedes
529 2412 805 2479 episcopalis*
832 2426 980 2478 vacet,
1010 2411 1084 2466 'fas
1117 2421 1204 2466 erit
1240 2423 1444 2466 Praelato
1476 2419 1672 2478 regulari
1708 2412 1889 2464 m'i'ttere
1912 2406 2029 2463 o'rdiss

249 2504 455 2548 nandum
498 2505 553 2549 ad
596 2494 936 2564 quemcumque
972 2505 1113 2549 alium
1157 2494 1457 2563 Episcopum,
1492 2489 1740 2548 dummodo
1781 2501 2032 2547 'tamenab

248 2589 334 2633 hoc
372 2588 605 2646 Episcopo,
632 2588 710 2648 qui
730 2588 920 2633 ¹ordines
953 2588 1111 2633 eidem
1135 2588 1331 2643 confert,
1354 2582 1653 2632 examinetur
1683 2572 1831 2645 quoad
1864 2571 2030 2630 doct'r'iss

251 2683 378 2724 nam,
414 2675 461 2714 et
493 2670 742 2715 dummodo
771 2662 870 2728 ‘ipsi'
892 2666 1134 2728 regulares
1155 2674 1249 2713 non
1283 2657 1558 2714 distulerint
1581 2669 1634 2713 de
1668 2656 1890 2712 industria
1920 2660 2030 2711 'c'on-

246 2753 509 2799 cessionem
544 2744 912 2798 dimissorialium
947 2753 1003 2798 ad
1037 2752 1079 2796 id
1113 2757 1313 2810 tempus,
1339 2754 1428 2809 quo
1457 2745 1700 2810 Episcopus
1732 2738 2030 2796 dioecesanus

372 2885 379 2903 ¹
411 2885 446 2921 S
472 2885 604 2931 Congr.
631 2859 742 2920 Conc-
772 2884 807 2920 iu
837 2884 1019 2920 Crttmtir‘n.
1046 2884 1068 2919 9
1094 2893 1179 2919 nov.
1210 2882 1313 2919 1589.

371 2958 382 2974 ²
410 2957 460 2993 Cf.
487 2957 657 2993 ΖΑΜΒοΝι
685 2956 796 2992 verbo
826 2957 935 2992 Sacra
964 2955 1165 2997 Ordinatio,
1193 2960 1258 2990 art.
1285 2954 1373 2996 211.
1399 2954 1432 2989 9.

371 3028 384 3046 ³
411 3029 463 3064 Ex
492 3029 638 3064 decreto
664 3029 700 3066 s.
727 3029 762 3064 c,
790 3029 903 3063 conc.
932 3027 977 3063 24
1005 3028 1100 3072 Aug.
1130 3007 1229 3066 1619,
1256 3024 1303 3061 20
1330 3002 1412 3061 iuni
1442 3016 1542 3060 ¹675.
