2176 3386
785 190 913 219 Lmen
941 191 968 219 1.
1001 190 1056 217 DE
1086 188 1280 218 emmas
1579 224 1582 226 .
1847 174 1926 214 129

144 304 341 348 duorum
377 303 571 347 fratrum
605 298 848 345 strictioris
879 297 1218 352 observantiae,
1256 296 1412 354 Angeli
1437 311 1462 341 3
1485 300 1713 341 Lantusca
1731 301 1778 341 et
1801 296 1925 341 Pauli

144 400 169 430 a
209 389 364 430 Roma.
392 384 703 440 Hieronymus
728 381 950 426 Mainardi
980 385 1197 436 Magnum
1226 379 1469 424 Bullarium
1501 379 1924 438 in'quatuordecim

145 475 286 512 tomos
317 466 610 512 distributum
645 464 786 509 edidit
821 467 1008 519 Romae,
1044 463 1175 508 cuius
1207 467 1368 508 auctor
1405 467 1474 507 est
1505 462 1718 508 Cellinus.
1767 467 1927 509 Acces-

114 583 116 586 ψ
145 554 304 596 serunt
337 554 535 609 quatuor
566 548 678 593 tomi
715 547 861 592 Bullas
896 545 1124 590 Benedicti
1161 548 1273 590 XIV.
1311 545 1620 591 continentes.
1666 546 1927 591 Advocatus

149 633 350 679 Andreas
386 632 563 677 Barberi
600 630 886 688 (1845-1855)
924 630 1105 688 collegit
1130 634 1310 675 Breves.
1337 630 1572 688 epistolas,
1607 630 1924 686 allocutiones,

146 718 506 764 constitutiones
530 721 823 762 Summorum
840 715 1112 761 Pontificum
1132 716 1356 760 Clement.
1381 718 1494 768 XIII,
1511 717 1556 759 et
1569 715 1791 760 Clement.
1811 718 1924 769 XIV,

148 801 208 845 Pii
237 804 309 853 VI,
341 801 399 844 Pii
428 803 520 854 VII,
559 800 720 844 Leonis
743 802 837 853 XII,
875 798 937 842 Pii
962 801 1082 853 VIII,
1116 802 1162 842 et
1195 796 1396 855 Gregorii
1434 800 1546 841 XVI.
1583 802 1697 842 Item
1725 796 1928 856 quinque

149 884 461 929 voluminibus
494 883 684 928 collecta
719 886 827 926 sunt
859 885 962 926 acta
998 881 1060 925 Pii
1098 886 1169 935 IX,
1206 886 1251 925 et
1274 880 1395 925 edita
1418 885 1527 924 sunt
1549 895 1605 925 ex
1626 880 1927 938 typographia

148 969 371 1012 bonarum
407 966 576 1010 artium
611 980 686 1010 an.
728 952 856 1020 1854,
897 965 1024 1020 1858,
1065 964 1193 1019 1866,
1239 964 1360 1008 1871.

274 1052 364 1095 170.
404 1049 621 1094 Similiter
651 1050 840 1094 collecta
874 1053 982 1093 sunt
1020 1055 1127 1092 acta
1165 1048 1509 1101 Conciliorwn;
1554 1047 1676 1091 inter
1716 1047 1797 1091 has
1838 1047 1928 1090 col-

149 1134 367 1178 lectiones
400 1138 468 1178 est
501 1132 702 1177 notanda
734 1133 932 1176 collectio
967 1133 1180 1185 Martini,
1218 1131 1294 1190 qui
1330 1130 1503 1188 primus
1534 1134 1642 1174 ante
1675 1129 1928 1175 Concilium

150 1216 466 1261 Tridentinum
502 1214 820 1260 collectionem
856 1213 1038 1259 Parisiis
1070 1214 1245 1258 duobus
1279 1213 1592 1258 voluminibus
1625 1212 1779 1257 edidit.
1816 1217 1926 1257 Item

152 1299 349 1343 notanda
385 1304 453 1343 est
474 1299 672 1343 collectio
709 1300 897 1342 Venetiis
919 1298 1044 1341 edita
1066 1304 1266 1342 curante
1293 1297 1477 1341 Nicolao
1505 1296 1695 1349 Collecti,
1723 1295 1795 1340 cui
1827 1308 1930 1352 Sup-

152 1383 435 1440 plementum
470 1381 643 1426 addidit
678 1381 942 1426 Dominicus
978 1380 1122 1426 Mansi
1158 1395 1281 1425 anno
1320 1380 1456 1437 1748,
1491 1380 1603 1424 'item
1635 1383 1704 1424 est
1728 1378 1929 1423 notanda

150 1465 357 1511 collectio
400 1465 553 1523 (regia)
595 1465 804 1520 Labhaei,
830 1470 875 1509 et
908 1463 1147 1519 Harduini,
1184 1478 1268 1508 nec
1303 1478 1395 1508 non
1434 1477 1551 1522 quae
1585 1463 1753 1507 dicitur
1784 1466 1927 1506 Zatta.

151 1550 353 1594 Tandem
387 1548 680 1594 collectiones
715 1549 861 1592 factae
896 1553 1003 1592 sunt
1035 1547 1321 1592 decisionum
1347 1549 1589 1591 Sacrarum
1612 1544 1932 1602 Congregatio-

152 1647 281 1677 num.
307 1633 515 1678 Notanda
529 1636 598 1676 est
615 1633 814 1677 collectio
830 1633 1163 1676 resolutionem.
1188 1633 1229 1675 (Τ.
1263 1632 1392 1674 Cone.
1419 1644 1535 1689 quae
1561 1629 1748 1674 nomine
1779 1648 1797 1668 c<
1825 1628 1930 1672 The-

150 1730 324 1760 saurus
351 1735 369 1754 n
408 1715 688 1770 inscribitur,
724 1729 931 1774 quaeque
964 1714 1189 1772 originem
1225 1714 1382 1758 habuit
1416 1716 1472 1758 ab
1505 1712 1772 1757 annol718.
1811 1713 1932 1757 Cele-

154 1799 244 1844 bris
281 1804 349 1843 est
382 1798 589 1844 collectio
624 1798 793 1856 Aloysii
827 1798 1084 1843 CardelIini.
1125 1801 1257 1842 Anno
1295 1797 1405 1841 1882
1440 1796 1563 1841 hisce
1605 1795 1798 1841 accessit
1845 1795 1934 1839 col-

153 1883 280 1926 lectio
313 1883 603 1927 decretorum
639 1884 682 1926 S.
723 1883 997 1939 Cottgyi'eyat.
1038 1881 1455 1938 Indalyeiitt‘armn
1490 1879 1613 1924 iussu
1650 1878 1810 1924 LeoniS
1834 1882 1932 1923 XIII

153 1966 432 2010 concinnata
465 1966 522 2010 ab
554 1979 677 2010 anno
719 1965 826 2009 1768
860 1965 915 2009 ad
953 1964 1079 2008 18811.
1120 1968 1184 2008 Ex
1219 1963 1287 2008 liis
1329 1964 1543 2008 omnibus
1586 1962 1934 2007 collectionibus

153 2049 475 2095 auctoritatem
510 2049 821 2093 extrinsecam
854 2061 907 2092 ac
942 2048 1037 2092 vim
1071 2048 1261 2104 legalem
1307 2061 1398 2091 non
1440 2047 1611 2091 habent
1652 2045 1737 2090 nisi
1777 2045 1933 2088 Balla-

155 2136 280 2177 rietm
318 2133 552 2176 Benedicti
586 2135 703 2186 XIV,
739 2138 779 2176 et
811 2132 1009 2176 collectio
1050 2132 1340 2175 decretorum
1384 2132 1549 2187 Conqr.
1607 2129 1935 2185 lndtthentiae

157 2220 334 2274 praeter
366 2228 567 2260 canones
598 2214 785 2259 Concilii
820 2214 1071 2259 Tridentini
1105 2212 1419 2259 oecumenici.
1474 2216 1572 2257 Non
1608 2216 1677 2257 est
1716 2211 1934 2256 omitten-

154 2298 262 2341 dum
297 2297 428 2342 bodie
462 2296 631 2342 editam
664 2310 762 2341 6336
796 2310 967 2342 noxam
1001 2295 1321 2341 collectionem
1355 2293 1740 2340 constitutionum
1774 2296 1934 2336 Roma·

156 2393 321 2423 norum
357 2378 628 2423 Pontificum
664 2393 748 2424 nec
781 2393 873 2423 non
907 2378 1216 2433 decretorum,
1252 2376 1612 2422 instructionum
1647 2377 1689 2419 S.
1715 2378 1853 2431 Cong.
1880 2373 1935 2417 de

157 2465 286 2520 Prop.
317 2461 440 2517 Fide,
465 2476 581 2521 quae
616 2461 823 2519 regiones
860 2460 1109 2519 respiciunt
1140 2461 1290 2505 eidem
1325 2462 1365 2504 S.
1403 2451 1935 2516 Congregationi‘subie—

156 2549 268 2590 ctas.
316 2549 439 2590 Haec
471 2545 678 2590 collectio
712 2543 1008 2590 inscribitur:
1062 2547 1138 2588 Itis
1175 2543 1472 2602 Pontificium
1515 2543 1570 2586 de
1612 2539 1935 2597 Propayanda

159 2631 284 2674 Fide.
321 2629 436 2674 Huic
469 2628 646 2674 accedit
676 2627 763 2673 alia
796 2627 1003 2672 collectio
1038 2641 1225 2685 nempe:
1264 2627 1550 2671 Collectanea
1587 2628 1626 2670 S.
1651 2628 1697 2669 C.
1722 2625 1776 2668 de
1801 2627 1931 2681 Prop.

161 2712 278 2757 Fide.
321 2716 379 2756 De
415 2711 595 2769 Regulis
627 2709 927 2755 cancellariae
961 2709 1053 2754 iam
1085 2722 1220 2767 supra
1253 2708 1470 2753 diximus.
1512 2707 1595 2752 Hic
1630 2710 1844 2750 notamus
1868 2718 1934 2748 re-

158 2795 366 2853 gularum
399 2792 706 2839 Cancellariae
745 2791 944 2850 primum
983 2792 1279 2850 glossatorem
1311 2789 1449 2835 fuisse
1494 2789 1775 2847 Alphonsum
1811 2789 1933 2840 Soto,

159 2876 322 2921 deinde
345 2879 530 2931 Gomez‚
556 2875 762 2930 Rebuss'o,
784 2874 1064 2920 Molinaeum
1090 2877 1135 2918 et
1159 2872 1342 2931 Riganti
1366 2872 1497 2917 cuius
1520 2868 1934 2929 praeclarissimum

160 2971 272 3017 opus
303 2959 570 3004 inscribitur
605 2978 623 2999 a
655 2960 1002 3003 Commentaria
1034 2959 1086 3001 in
1120 2956 1347 3014 Requlas,
1387 2955 1760 3006 constitutiones,
1802 2951 1935 2994 Ordi-

162 3050 260 3090 nat.
301 3043 499 3088 Cancell.
536 3047 682 3099 Apost.
714 3060 751 3085 n.
790 3045 961 3086 Romae
993 3040 1121 3084 1744.

285 3126 598 3158 Zi'ri-:Lm-Sounm.
1794 3117 1813 3147 9
