2176 3386
490 0 931 32 Wfflw-
1032 0 1304 23 ··'·‘a“¹*“···‘·-
1339 0 1354 10 r

527 174 656 203 mum}
685 173 709 202 1.
740 173 797 201 DE
828 171 966 201 izi-:nus
995 171 1232 200 ECCLESIAE
1260 170 1586 199 SPIRITUALIBUS
1896 157 1945 197 41

286 280 350 325 Ad
383 292 618 324 summum
653 279 788 324 missa
824 278 1002 337 privata
1026 291 1131 322 cum
1166 275 1450 322 enumeratis
1478 274 1845 320 restrictionibus
1868 288 1951 332 pro

163 363 383 409 defuncto
413 362 669 408 acatholico
702 361 919 407 celebrari
954 365 1122 420 potest,
1156 360 1192 405 si
1227 359 1320 418 ipse
1353 373 1458 404 cum
1499 358 1758 403 manifestis
1792 357 1950 417 poeni-

164 445 337 491 tentiae
371 444 513 503 signis
546 459 630 490 nec
663 458 756 490 non
800 459 905 490 cum
940 444 1164 489 desiderio
1210 443 1543 489 catholicorum
1594 442 1729 487 iidem
1777 442 1951 500 ample·

163 529 319 575 ctendi
352 529 517 575 obierit
540 531 572 574 ¹.

284 616 368 658 Pro
401 611 748 658 catechumenis
782 626 892 657 vero
925 612 1156 657 defunctis
1194 610 1318 656 licite
1352 609 1627 656 sacrificium
1679 609 1845 654 missae
1883 610 1951 653 of·

165 695 272 740 ferri
306 701 469 755 potest.

899 881 974 909 Afl'i
987 879 1131 908 leubus
1163 880 1208 909 11.

509 1000 568 1042 De
601 999 916 1055 applicatione
949 999 1116 1042 Missae
1150 998 1334 1041 ratione
1364 995 1600 1053 stipendii.

282 1129 383 1173 690.
419 1130 531 1173 Cum
565 1142 763 1187 aequum
798 1127 857 1172 sit
888 1126 966 1186 qui
999 1126 1131 1171 altari
1167 1125 1362 1171 inserxit
1403 1125 1458 1170 de
1490 1124 1624 1170 altari
1658 1125 1845 1180 vivere,
1883 1126 1953 1170 sas

163 1215 233 1256 est
267 1215 317 1254 ut
350 1211 560 1255 sacerdos
592 1210 696 1270 qui,
735 1211 863 1255 iuxta
898 1209 1019 1268 piam
1057 1210 1345 1254 voluntatem
1378 1208 1568 1253 alterius
1609 1207 1836 1266 petentis,
1873 1211 1948 1253 Sa-

163 1293 385 1339 crificium
421 1293 570 1349 offert,
605 1293 949 1351 eleemosynam
984 1292 1195 1351 accipiat,
1232 1306 1325 1338 non
1360 1297 1597 1351 tamquam
1634 1291 1953 1338 retributionis

162 1378 441 1433 mercedem,
476 1391 615 1436 quam
650 1381 898 1436 expectare
930 1376 1065 1421 debet
1097 1390 1122 1420 a
1159 1375 1369 1431 Domino,
1396 1375 1473 1420 sed
1506 1379 1743 1434 tamquam
1778 1374 1949 1434 stipen-

162 1459 288 1505 dium
322 1458 673 1505 sustentationis
696 1459 726 1503 2.
769 1463 821 1503 Et
852 1460 1071 1519 quoniam
1109 1458 1314 1516 Episcopi
1354 1461 1423 1502 est
1457 1457 1675 1512 iudicare,
1711 1458 1820 1517 quid
1858 1460 1951 1504 sin·

162 1543 277 1602 gulis
311 1542 589 1601 presbyteris
628 1542 674 1586 in
708 1556 985 1602 unoquoque
1027 1542 1126 1587 loco
1169 1541 1227 1586 sit
1260 1541 1573 1586 necessarium
1608 1546 1658 1585 ut
1693 1541 1835 1586 vitam
1870 1542 1951 1587 ho·

164 1631 292 1672 neste
326 1626 588 1682 traducant,
625 1626 733 1670 hinc
765 1625 863 1670 eius
895 1625 984 1671 erit
1006 1625 1198 1670 delinire
1231 1625 1336 1684 quid
1373 1624 1480 1683 ipsis
1515 1639 1610 1670 rem
1641 1624 1847 1670 divinam
1885 1626 1951 1670 fa·

162 1708 391 1753 cientibus
423 1708 722 1753 tribuendum
756 1707 815 1752 sit
839 1709 869 1752 ³.

283 1793 383 1837 691.
423 1796 559 1836 Porro
610 1791 805 1849 plurima
853 1792 908 1836 de
951 1791 1195 1836 missarum
1245 1790 1554 1836 celebratione
1594 1790 1651 1835 ab
1690 1791 1950 1851 Apostolica

163 1875 273 1920 Sede
306 1879 415 1919 sunt
446 1874 696 1920 constituta
731 1889 784 1920 ac
816 1875 1022 1930 delinita,
1048 1889 1164 1934 quae
1189 1874 1414 1920 sacerdoti
1449 1874 1636 1918 cuilibet
1668 1877 1777 1919 sunt
1811 1875 1953 1933 probe

163 1959 507 2016 cognoscenda,
542 1964 641 2004 tum
691 1963 905 2004 accurate
954 1958 1278 2018 adimplenda,
1314 1973 1510 2019 quorum
1557 1959 1799 2016 praecipua
1849 1958 1951 2006 heic

162 2055 463 2100 exponemus.

282 2127 519 2170 Iamvero:
561 2126 606 2169 1⁰
641 2127 761 2171 Sacr.
796 2130 958 2184 Congr.
1002 2125 1189 2171 Concilii
1233 2127 1508 2172 auctoritate
1550 2126 1718 2171 Urbani
1755 2129 1852 2171 Vlll
1887 2126 1951 2172 illi

161 2209 420 2268 specialiter
458 2210 679 2255 attributa
722 2210 776 2255 ad
821 2212 1042 2270 quosdam
1077 2225 1214 2270 super
1245 2211 1553 2256 celebratione
1594 2210 1839 2256 missarum
1874 2211 1951 2256 ab·

162 2306 270 2339 usus
318 2294 677 2350 convellendos,
712 2295 784 2340 die
827 2295 877 2340 21
921 2294 1035 2340 iunii
1074 2296 1185 2340 1625
1210 2296 1223 2319 ‘³
1259 2294 1498 2354 sequentia
1547 2295 1731 2339 decreta
1780 2294 1947 2340 edidit:

166 2380 206 2437 1)
244 2377 453 2423 Districte
488 2378 695 2436 prohibet
718 2378 802 2422 sub
824 2392 971 2438 poena
1005 2378 1246 2435 nullitatis,
1275 2392 1331 2423 ne
1355 2377 1561 2436 Episcopi
1596 2378 1641 2422 in
1675 2378 1948 2424 dioecesana

164 2463 371 2521 Synodo,
407 2465 488 2506 aut
519 2461 766 2507 Generales
809 2461 854 2506 in
888 2461 1107 2521 Capitulis
1154 2462 1469 2520 generalibus,
1506 2462 1579 2507 vel
1612 2462 1725 2507 alias
1765 2476 1951 2523 quoquo

163 2545 299 2590 modo
331 2544 556 2588 reducant
582 2558 722 2589 onera
747 2545 835 2589 ulla
872 2544 1116 2589 missarum
1151 2545 1549 2605 celebrandarum,
1585 2549 1666 2590 aut
1698 2549 1800 2603 post
1833 2548 1948 2591 Con-

162 2627 318 2672 cilium
354 2626 676 2672 Tridentinum
700 2626 932 2686 imposita,
958 2632 1038 2672 aut
1071 2627 1116 2672 in
1143 2627 1302 2672 limine
1335 2627 1638 2683 fundationis,
1666 2627 1744 2672 sed
1780 2627 1953 2687 probis

161 2709 376 2755 omnibus
426 2709 698 2755 reducendis
731 2711 804 2755 vel
853 2711 1197 2756 commutandis
1228 2711 1284 2755 ad
1319 2711 1627 2769 Apostolicam
1674 2711 1834 2756 Sedem
1879 2726 1950 2756 re·

282 2835 292 2854 ¹
322 2835 373 2872 Cf.
400 2836 444 2872 cl.
472 2836 643 2874 Amnum*
669 2837 707 2873 in
734 2837 855 2884 Gomp.
883 2837 982 2874 Iuris
999 2838 1079 2874 eccl.

279 2907 292 2926 ’
319 2907 353 2944 S.
381 2908 538 2945 Tnomas
564 2909 615 2951 2³,
643 2909 711 2954 2³²,
739 2919 801 2956 qu.
832 2909 911 2952 100,
937 2915 1004 2946 art.
1030 2909 1063 2954 2,
1090 2909 1135 2945 ad
1162 2909 1195 2945 2.

282 2977 296 2998 ⁸
321 2979 456 3016 Bened.
485 2980 584 3023 XIV,
611 2981 654 3018 de
680 2982 808 3028 Synod-
836 2981 898 3018 lib.
923 2981 958 3024 δ,
985 2990 1064 3027 cap.
1090 2980 1123 3024 9,
1150 2985 1186 3017 et
1212 2981 1250 3017 in
1276 2981 1365 3018 Inet.
1393 2982 1491 3018 Eccl.
1518 2981 1576 3018 56.

281 3047 295 3069 ⁸
321 3049 470 3087 Collect.
496 3060 531 3088 n.
558 3050 638 3088 866.
