2176 3386
241 173 293 214 62
916 187 1026 215 PARS
1055 187 1095 215 11.
1126 187 1183 215 DE
1214 186 1352 216 REBUS
1376 188 1377 191 ¹

242 291 435 336 damnat
457 294 678 351 tanquam
704 293 1018 339 scandalosam
1038 298 1084 339 et
1105 294 1405 352 perniciosam
1425 307 1478 339 ac
1500 297 1595 339 tam
1621 294 1771 340 famae
1795 295 2026 353 proximo-

243 388 364 429 rum,
399 388 536 433 quam
572 373 655 433 ipsi
690 377 986 420 Sacramento
1020 375 1312 433 iniuriosam3
1353 380 1401 421 et
1432 375 1574 435 siquis
1605 390 1741 421 ausus
1771 376 1830 422 sit
1861 377 2026 423 docere

242 457 315 501 -vei
348 457 612 514 defendere,
636 462 716 502 aut
740 473 853 504 voce
885 463 966 503 aut
998 459 1392 517 scriptisslicitam
1417 473 1514 505 esse
1538 461 1716 518 praxim
1742 460 2023 516 huiusmodi,

243 540 287 585 id
320 545 391 586 est
422 545 467 585 et
503 544 748 599 eaequirere
796 555 965 586 nomen
998 542 1232 599 complicis
1263 548 1304 586 et
1335 545 1547 587 reticenti
1587 543 1916 588 absolutionem
1949 544 2022 588 (le-

244 636 437 680 negyare,
464 623 1000 669 excommunicationem
1026 623 1231 668 incurret
1254 624 1348 682 ipso
1374 624 1470 669 iure
1498 630 1625 671 Rom.
1651 625 1857 671 Pontifici
1882 640 2023 671 rescr-

244 712 400 752 x‘atam
426 707 457 751 ².
505 707 780 766 Complicem
816 722 927 752 vcro
959 708 1062 753 heic
1094 708 1301 766 accipere
1334 709 1553 754 debemus
1586 724 1679 755 non
1713 710 1759 754 in
1795 725 1841 755 re
1873 712 2022 769 turpi,

243 791 320 835 sed
355 791 398 835 in
433 791 599 850 quovis
635 796 837 850 peccato.
907 810 913 817 ·

363 874 463 918 722.
499 874 656 927 Quoad
689 874 1027 920 confessionem
1062 890 1141 933 per
1172 875 1471 933 interpretem
1505 876 1595 921 duo
1627 877 1783 936 quaeri
1810 882 2021 936 possunt:

249 960 285 1014 1)
323 973 381 1003 an
416 958 474 1003 sit
507 958 758 1015 exigenda3
795 959 836 1012 02)
873 973 930 1003 an
957 959 1015 1003 sit
1048 959 1371 1017 permittenda.
1408 959 1535 1005 Circa
1561 961 1759 1018 primum
1789 960 2024 1020 explorata

244 1056 316 1087 res
347 1047 432 1097 est,
470 1042 707 1087 neminem
743 1042 888 1087 teneri
921 1042 976 1087 ad
1000 1042 1314 1087 confitendum
1341 1057 1418 1101 per
1444 1045 1767 1102 interpretem;
1803 1058 1907 1089 cum
1942 1044 2023 1089 soii

244 1126 473 1172 Sacerdoti
511 1130 693 1184 peccata
730 1130 885 1170 nostra
926 1125 1103 1182 aperire
1137 1130 1403 1170 teneamur:
1454 1129 1616 1172 omnia
1656 1140 1744 1171 sua
1775 1127 1896 1171 solus
1925 1141 2025 1184 pec-

243 1216 350 1253 cata
382 1194 661 1267 confiteatur
680 1210 873 1264 proprio
898 1207 1149 1263 Sacerdoti,
1179 1207 1326 1266 inquit
1359 1211 1515 1253 Innoc.
1545 1208 1589 1252 in
1613 1222 1652 1252 c.
1680 1211 1831 1252 omnis
1853 1210 2023 1252 ‘utrius-

244 1309 330 1353 que
360 1308 525 1348 semus,
562 1293 632 1337 tit.
671 1293 725 1337 de
760 1291 1075 1350 poenitentia,
1115 1291 1328 1337 x·idelicet
1370 1293 1635 1350 insinuans,
1669 1294 1788 1353 quod
1831 1294 1866 1338 si
1905 1294 2027 1339 solus

244 1376 451 1422 confiteri
498 1376 682 1435 nequit',
719 1375 927 1420 confiteri
964 1389 1054 1420 non
1091 1380 1318 1420 teneatur.
1374 1379 1504 1421 Posse
1539 1391 1648 1421 vero
1690 1377 2022 1435 poenitentem,

245 1459 281 1504 si
320 1460 445 1515 velit,
474 1473 552 1517 per
586 1460 884 1517 interpretem
921 1458 1148 1514 confiteri,
1175 1473 1311 1503 nemo
1346 1464 1496 1517 negat.
1534 1464 1656 1504 Haec
1690 1459 1921 1516 responsio
1952 1462 2025 1504 Sa-

246 1556 429 1587 crarum
466 1542 593 1585 Urbis
625 1540 1039 1599 Congregationum
1076 1542 1273 1586 decretis
1294 1546 1602 1586 consentanea
1628 1546 1711 1586 cst.
1750 1547 1798 1587 In
1832 1545 2024 1599 Congre-

246 1625 428 1683 gatione
452 1623 577 1669 enim
602 1624 866 1682 particulari
896 1630 1022 1683 Prop.
1052 1624 1144 1669 Fid.
1166 1625 1179 1647 ²
1208 1625 1443 1670 decretum
1469 1626 1579 1670 fuit:
1605 1629 1818 1684 quamvis
1839 1626 2027 1670 docente

250 1707 446 1750 Concilio
477 1707 760 1762 Tridentino,
788 1707 918 1751 nullo
939 1710 995 1751 sit
1022 1708 1181 1751 divino
1200 1715 1446 1765 praecepto
1476 1709 1773 1765 mandatum,
1800 1724 1883 1754 nec
1914 1713 2027 1755 satis

244 1789 449 1832 consulto
483 1789 580 1846 le9c
603 1789 766 1847 aliqua
790 1789 1006 1834 humana
1037 1792 1252 1847 praecipi
1279 1793 1433 1848 possit,
1460 1797 1509 1835 ut
1540 1791 1723 1846 delicta,
1746 1795 2024 1848 praesertim

242 1878 433 1927 secreta,
467 1873 653 1929 publica
687 1872 975 1930 confessione
1009 1877 1294 1930 aperiantur
1313 1894 1327 1927 ,·
1364 1881 1520 1920 tamen
1546 1880 1692 1918 visum
1722 1881 1785 1919 est
1809 1876 2029 1920 Patribus

244 1958 490 2015 deputatis,
516 1958 663 2002 eidem
685 1972 851 2002 sacrae
873 1959 1055 2015 Synodo
1079 1957 1445 2013 inhaerentibus,
1471 1972 1556 2013 eos,
1582 1961 1662 2016 qui
1681 1959 1849 2002 vellent
1868 1965 2028 2015 sponte

240 2055 329 2098 per
373 2044 674 2098 interpretem
718 2042 959 2099 confiteri,
996 2055 1091 2084 non
1129 2041 1289 2085 debere
1327 2055 1413 2098 per
1458 2044 1689 2086 Vicariuni
1724 2042 2025 2099 Apostolicum

249 2124 816 2179 Constantinopolitanuin
847 2123 1104 2180 prohiberi,
1141 2138 1246 2168 cuin
1279 2123 1489 2182 sufficiat
1517 2137 1804 2181 praecavere
1837 2125 2022 2176 abusus,

244 2214 285 2252 et
315 2207 563 2262 scandala,
599 2213 640 2251 et
671 2220 858 2262 curare,
886 2214 935 2251 ut
968 2210 1242 2264 interpretes
1274 2208 1626 2252 admoneantur
1648 2209 1703 2252 de
1730 2209 2023 2266 obliyatione,

245 2303 387 2349 quain
422 2290 593 2335 liabent
633 2291 859 2335 servandi
896 2291 1137 2335 naturalis
1176 2293 1352 2335 secreti.
1408 2295 1461 2335 Et
1495 2291 1723 2350 proposito
1763 2306 1872 2336 ann.
1914 2293 2026 2337 ‘1655

245 2372 455 2433 sequenti
488 2372 651 2417 dubio:
692 2376 794 2427 Qua
827 2376 1012 2418 ratione
1032 2388 1078 2417 se
1099 2387 1263 2431 perere
1294 2374 1454 2418 debent
1488 2377 1779 2420 Missionarii
1798 2388 1903 2418 cum
1924 2389 2026 2431 poe—

246 2458 511 2512 nitentibus,
545 2471 744 2516 quorum
778 2457 952 2502 idioma
989 2459 1244 2514 i9norant?
1277 2460 1318 2502 S.
1356 2462 1517 2515 Congr.
1553 2457 1640 2502 diei
1679 2458 1731 2502 10
1763 2457 1873 2502 febr.
1915 2456 2027 2502 1668

246 2539 506 2597 respondit:
543 2542 835 2585 Missionarii
865 2539 1113 2585 hortentur
1131 2526 1414 2597 poenitentes
1446 2543 1641 2598 iynaros
1663 2541 1898 2585 idiomatis
1919 2542 2025 2585 Mis-

243 2625 566 2667 sionariorum
601 2622 664 2667 ad
696 2622 1014 2667 adhibendum
1055 2625 1380 2680 interpretem,
1412 2638 1499 2681 per
1539 2638 1672 2683 quem
1711 2625 2028 2682 confiteantur

245 2707 408 2750 omnia
435 2711 661 2762 peccata:
698 2705 818 2764 quod
848 2707 888 2749 si
919 2705 1000 2750 hoc
1023 2706 1188 2761 nolint,
1212 2707 1377 2750 saltem
1409 2707 1726 2766 confiteantur
1758 2707 1921 2765 aliqua
1939 2720 2026 2763 per

248 2790 563 2846 interpretem,
598 2795 640 2833 et
672 2789 855 2847 reliqua
885 2803 972 2846 per
1005 2796 1148 2834 nutus
1169 2797 1210 2834 et
1230 2792 1371 2848 siyna
1403 2796 1635 2849 quantum
1668 2796 1871 2846 possunt,
1905 2789 2026 2848 quod

366 2963 374 2982 ¹
403 2964 492 3001 Pius
521 2964 582 3009 ΙΧ,
609 2964 732 3001 Const.
762 2963 986 3011 Apostolicae
1012 2966 1121 3003 Sedis.

365 3034 378 3053 ’
405 3035 552 3072 Collect.
580 3045 615 3072 n.
641 3035 721 3072 951.
