2176 3386
834 206 964 246 LIBER
993 218 1018 246 1.
1033 216 1035 218 ·
1053 218 1110 246 DE
1139 215 1333 247 cmmcls
1787 259 1789 261 ,
1897 208 1978 262 349

187 333 296 372 rum
322 327 603 372 saecularem
638 326 805 385 suscipi
840 341 931 372 non
970 328 1134 384 potest,
1170 326 1351 372 etiamsi
1385 327 1421 371 si
1454 331 1617 385 agatur
1648 327 1703 371 de
1737 327 1878 372 tutela
1915 328 1975 373 le-

183 408 344 469 gitima
377 394 430 454 ac
464 408 794 454 miserabilium
829 423 1128 468 personarum
1163 409 1342 469 quoties
1377 409 1543 455 iudicio
1579 410 1636 454 ob
1679 409 1834 455 dolum
1881 409 1974 455 iam

182 495 447 538 conventus
480 491 632 537 fuerit.
672 496 719 536 ln
754 485 929 538 clerum
971 497 1127 537 autem
1169 494 1425 551 regularem
1467 492 1650 537 admitti
1698 493 1875 552 nequit·
1902 491 1976 538 ille

186 575 262 635 qui
297 575 551 620 rationibus
584 575 824 620 reddendis
857 575 916 620 sit
947 575 1191 631 obnoxius,
1229 575 1320 620 imo
1356 588 1440 620 nec
1468 575 1540 619 ille
1574 574 1653 634 qui·
1683 589 1788 619 aere
1821 576 1976 620 alieno

184 672 322 717 supra
359 659 480 703 vires
512 663 731 716 gravatus
762 663 862 715 est;
901 658 1034 718 idque
1067 658 1151 703 sub
1200 672 1346 716 poena
1380 657 1654 717 privationis
1701 657 1974 715 officiorum,

185 740 411 799 graduum
445 755 498 786 ac
535 740 658 786 vocis
690 742 871 786 activae
904 755 957 786 ac
993 741 1200 799 passivae
1236 756 1319 787 nec
1352 755 1446 786 non
1481 741 1782 786 inhabilitatis
1814 741 1870 786 ad
1904 755 1977 786 ea·

187 825 293 868 dem
328 824 473 869 officia
508 824 564 868 ab
598 823 704 882 ipsis
736 823 1045 882 superioribus
1079 823 1356 869 incurrenda
1389 824 1466 883 qui
1495 824 1622 869 illum
1647 824 1920 869 admiserint
1945 826 1974 870 ².

307 909 547 951 Caeterum
583 906 815 962 Praelatis,
861 906 1038 953 clericis
1080 907 1178 952 sive
1212 908 1523 953 saecularibus
1561 907 1659 952 sive
1695 908 1976 965 regularibus

184 992 366 1035 licitam
401 996 464 1035 esc
497 992 696 1050 officiam
729 993 984 1035 emecacor‘es
1016 994 1361 1036 testamentarii
1396 994 1630 1048 suscipere
1673 990 1764 1036 nisi*
1806 991 1980 1049 legibus

186 1073 361 1118 ordinis
395 1074 480 1118 hoc
516 1072 823 1131 prohibeatur.
863 1077 1078 1118 Attamen
1130 1075 1335 1119 Praelato
1370 1074 1572 1119 rationes
1612 1078 1823 1133 peractae
1871 1089 1977 1119 exe-

185 1158 386 1202 cutionis
420 1157 676 1201 reddendae
710 1161 848 1201 erunt
871 1157 902 1202 ².
946 1161 1115 1203 Contra
1149 1158 1339 1202 clericos
1371 1157 1446 1216 qui
1484 1157 1686 1202 indebite
1710 1162 1790 1201 aut
1815 1157 1980 1202 tutelas

186 1240 442 1299 suscipiant
465 1245 544 1285 aut
570 1242 796 1286 bonorum
821 1242 1264 1296 administrationes,
1294 1241 1497 1299 Episcopi
1522 1241 1711 1286 arbitrio
1734 1241 1980 1299 procedere

187 1328 394 1382 possunt,
431 1324 590 1368 contra
625 1337 702 1368 cos
742 1325 819 1383 qui
870 1330 1023 1368 tamen
1070 1325 1262 1368 tutelam
1301 1323 1509 1368 dativam
1551 1329 1631 1368 aut
1679 1328 1976 1369 testamenta-

191 1408 307 1453 riam
342 1408 542 1453 indebite
575 1409 877 1467 susceperint,
913 1410 968 1454 ad
1002 1409 1186 1455 ordines
1220 1410 1482 1468 promoveri
1531 1410 1830 1468 prohibentur
1871 1424 1981 1470 quo·

191 1504 332 1550 usque
368 1494 529 1536 tutoris
561 1507 614 1537 ac
648 1493 873 1538 curatoris
907 1494 1108 1538 officium
1141 1494 1453 1552 deposuerint,
1480 1508 1625 1554 eaque
1648 1508 1765 1553 quae
1789 1494 1846 1538 ab
1868 1493 1977 1551 ipsis

184 1579 314 1631 gesta
348 1581 455 1619 sunt
490 1575 552 1618 uti
590 1575 718 1620 irrita
754 1577 982 1620 habentur
1008 1577 1039 1620 ³.

309 1659 410 1703 445.
438 1659 621 1704 Clericis
638 1659 778 1704 etiam
802 1661 956 1717 leyum
978 1674 1295 1705 romanarum
1311 1661 1641 1706 inordinatum
1657 1661 1982 1717 stadiumpro-

191 1742 385 1786 hibicmn
419 1743 524 1800 falc.
563 1747 679 1789 Sane
724 1758 829 1789 cum
864 1745 1046 1789 saeculo
1084 1749 1138 1789 Ix'l
1173 1745 1441 1803 praesertim
1477 1745 1598 1789 inter
1622 1745 1851 1803 regulares
1876 1743 1984 1788 iuris

193 1828 370 1872 romani
405 1828 607 1872 studium
645 1829 888 1873 instaurari
925 1829 1158 1887 coeperit,
1195 1829 1374 1874 occasio
1408 1829 1496 1873 fuit
1536 1834 1585 1873 ut
1619 1829 1680 1873 illi
1713 1828 1982 1873 divinarum

190 1924 344 1954 rerum
378 1911 524 1955 studia
563 1911 871 1970 negligerent,
910 1912 1001 1957 imo
1044 1918 1175 1958 extra
1217 1914 1415 1958 claustra
1456 1914 1674 1971 degentes
1717 1926 1880 1958 causas
1921 1913 1983 1957 ci-

192 1993 307 2038 viles
338 2009 392 2039 ac
424 1994 687 2039 criminales
719 1986 1034 2041 defenderent.
1072 2002 1221 2051 Quare
1254 1996 1309 2041 ad
1346 1998 1427 2041 hos
1459 1997 1627 2041 abusus
1676 1996 1899 2041 tollendos
1935 1996 1982 2040 in

186 2076 390 2121 Concilio
428 2078 722 2122 Lateranensi
760 2083 794 2124 [l
828 2092 950 2123 anno
989 2080 1098 2123 1159
1136 2085 1430 2137 praeceptum
1464 2085 1533 2124 est
1573 2084 1622 2123 ut
1668 2080 1883 2125 mOnachi
1931 2093 1984 2124 ac

190 2159 402 2204 canonici
441 2162 667 2218 regulares
702 2161 972 2220 'theologiae
1005 2162 1155 2207 studio
1193 2169 1413 2207 vacarent
1452 2163 1671 2220 neglectis
1713 2163 1874 2207 studiis
1924 2164 1984 2208 le-

190 2256 302 2300 gum
336 2244 640 2289 saecularium
674 2259 727 2290 ac
759 2231 1004 2290 causarum
1040 2245 1319 2303 patrociniis.
1372 2252 1498 2300 Quae
1532 2246 1766 2304 dispositio
1810 2245 1872 2290 ita
1916 2248 1983 2290 in·

190 2328 442 2384 -terpretata
476 2331 545 2371 est
578 2332 627 2371 ut
663 2332 822 2372 tamen
861 2329 1099 2374 monachis
1128 2329 1284 2374 liceret
1307 2344 1493 2388 operam
1518 2330 1625 2375 dare
1649 2329 1810 2374 studiis
1834 2330 1985 2387 legum

195 2424 488 2455 romanarum
523 2411 578 2455 ad
618 2412 910 2457 illustrandas
947 2427 1000 2458 ac
1045 2412 1294 2458 firmandas
1340 2414 1589 2458 canonicas
1639 2413 1975 2471 dispositiones.

188 2496 286 2537 Hoc
321 2493 517 2550 primum
552 2495 674 2539 facto
707 2495 1003 2541 confirmavit
1036 2498 1283 2542 Gratianus
1315 2497 1392 2556 qui
1428 2496 1474 2540 in
1508 2511 1590 2542 suo
1623 2497 1808 2542 decreto
1842 2497 1983 2542 etiam

198 2576 455 2634 fragmenta
489 2578 637 2635 legum
673 2592 972 2624 romanarum
1008 2579 1172 2637 posuit.
1213 2581 1375 2624 Lucius
1406 2585 1562 2624 autem
1599 2584 1656 2626 [ll
1689 2580 1702 2603 ⁴
1736 2584 1893 2638 aperte
1922 2579 1988 2625 ait

186 2686 218 2693 -
249 2663 366 2706 sicut
401 2662 630 2708 humanae
666 2664 784 2721 leges
820 2677 911 2707 non
945 2663 1253 2721 dedignantur
1285 2677 1438 2709 sacros
1471 2678 1673 2709 canones
1695 2664 1885 2720 imitari,
1914 2664 1976 2709 ita

314 2876 322 2894 ²
351 2876 520 2913 Clemens
550 2878 645 2920 VIIl,
666 2879 793 2916 Consi.
813 2880 849 2915 in
877 2881 1056 2925 Suprema
1082 2878 1103 2914 2
1126 2880 1212 2924 Apr.
1234 2879 1340 2915 1602.

312 2947 325 2965 ³
353 2947 635 2985 umrrmsrum
664 2949 686 2984 l.
718 2950 734 2985 1
757 2949 803 2986 de
825 2951 1069 2987 testamentis.
1091 2971 1110 2976 -
1131 2952 1334 2987 Faciamus
1360 2952 1398 2987 in
1424 2950 1511 2997 Cap.
1538 2952 1617 2988 Tua
1641 2953 1743 2988 nobis
1768 2952 1812 2988 de
1841 2955 1986 2988 testam.

316 3018 328 3038 ¹⁵
357 3019 567 3057 Thesaurus
586 3020 630 3056 'de
649 3030 774 3066 poen„
796 3021 911 3058 verbo
931 3023 1059 3065 tutela,
1078 3031 1160 3068 cap.
1184 3022 1216 3057 1.

313 3089 330 3110 ¹*
348 3091 436 3137 Cap.
460 3092 491 3134 1,
510 3092 579 3128 Tit.
597 3091 654 3136 52,
671 3092 737 3129 lib.
756 3093 793 3129 5.
