2176 3386
317 429 369 468 18
990 439 1100 468 PARS
1130 441 1170 468 11.
1206 441 1262 468 DE
1293 440 1431 468 REBUS

435 548 535 592 659.
573 547 651 592 His
682 546 936 591 universim
971 546 1250 602 observatis,
1285 546 1340 590 ad
1383 547 1699 592 caeremonias
1732 548 1775 591 in
1811 548 1960 606 specie
1993 562 2093 607 pro-

315 629 561 687 gredImur.

437 717 490 757 Et
527 714 569 756 1⁰
601 713 655 756 ad
691 713 861 768 locum,
886 712 931 757 in
967 727 1056 772 quo
1090 712 1344 770 baptismus
1377 713 1575 757 conferri
1599 713 1748 758 debet.
1785 717 1995 758 Iamvero
2017 714 2099 758 ba*

315 794 525 852 ptismus,
561 794 647 839 nisi
681 794 814 839 aliter
847 794 1096 839 necessitas
1130 795 1342 853 postulet,
1368 799 1436 839 est
1467 794 1859 839 administrandus
1882 796 2096 841 solemni-

315 881 401 933 ter,
429 892 576 937 neque
600 878 705 922 alibi
730 892 866 937 quam
893 878 938 921 in
965 877 1155 922 ccclesia
1177 878 1205 921 ¹.
1233 877 1542 922 Nihilominus
1565 876 1670 922 licet
1689 877 1920 935 baptizare
1942 878 2097 926 domi:

318 960 355 1014 1)
394 958 507 1004 lilios
556 974 743 1017 regum,
779 965 823 1004 et
859 974 1128 1016 magnorum
1175 959 1463 1018 principum,
1500 959 1593 1004 imo
1635 964 1680 1004 et
1715 974 1980 1018 procerum,
2017 962 2095 1006 ubi.

313 1054 421 1085 usus
454 1041 670 1097 obtinuit,
707 1042 784 1086 sed
817 1041 861 1085 in
898 1055 1057 1086 eorum
1092 1041 1326 1098 oratoriis,
1364 1044 1405 1097 2)
1443 1055 1520 1086 eos
1552 1042 1627 1101 qui
1662 1042 1841 1101 publice
1874 1042 2097 1101 baptizari

314 1129 567 1183 nequeunt,
603 1125 702 1169 sine
737 1125 896 1169 matris
931 1125 1152 1181 infamia,
1189 1126 1230 1182 5)
1268 1125 1520 1182 baptizatos
1554 1126 1598 1169 in
1634 1125 1843 1180 ecclesia,
1869 1124 1904 1170 si
1941 1130 2095 1184 postca

314 1220 499 1252 necesse
532 1207 590 1251 sit
623 1206 790 1252 iterare
823 1208 1117 1266 baptismum.
1156 1211 1313 1267 Neque
1347 1207 1467 1262 licet,
1503 1207 1717 1267 baptismi
1751 1213 2096 1253 sacramentum

312 1291 581 1335 solemniter
613 1290 934 1335 administrare
971 1291 1016 1335 in
1052 1290 1266 1336 Sacristia
1300 1290 1597 1346 Cathedralis,
1626 1290 1712 1334 nisi
1745 1290 1863 1334 adsit
1896 1291 2099 1335 rationu*

312 1374 412 1419 bilis
445 1389 581 1420 causa
614 1375 671 1419 ab
701 1375 943 1420 Ordinario
976 1375 1267 1434 approbanda
1292 1376 1322 1419 ².

431 1459 532 1502 640.
568 1459 696 1513 Quod
729 1458 765 1502 si
798 1463 960 1516 agatur
991 1459 1046 1503 de
1081 1459 1214 1514 locis,
1250 1458 1295 1502 in
1331 1459 1495 1518 quibus
1541 1473 1630 1503 non
1670 1463 1739 1503 est
1772 1458 1977 1514 ecclesia,
2014 1473 2096 1503 scu·

311 1541 562 1586 oratorium
598 1556 862 1598 commune,
898 1543 1033 1586 debet
1064 1542 1275 1587 sacerdos
1298 1541 1566 1586 solemniter
1599 1542 1762 1586 liberos
1794 1542 2024 1600 baptizare
2048 1542 2095 1586 in

310 1636 469 1667 eornm
503 1623 726 1667 domibus.
766 1623 881 1676 Quid
919 1637 1027 1668 vero
1070 1622 1105 1667 si
1139 1626 1302 1680 agatur
1334 1625 1388 1668 dc
1422 1623 1557 1679 locis,
1595 1623 1668 1668 ubi
1702 1623 1885 1683 quidem
1920 1630 1990 1668 est
2021 1638 2092 1668 ec-

310 1705 463 1761 clesia,
499 1706 573 1750 sed
610 1706 670 1750 ita
704 1706 896 1762 distans,
933 1712 983 1750 ut
1014 1707 1068 1751 ad
1103 1721 1205 1751 eam
1242 1708 1443 1752 infantes
1475 1707 1641 1752 deferri
1676 1707 1827 1752 nolint
1861 1713 2094 1765 parentes,

311 1803 368 1832 ne
401 1789 507 1848 quid
542 1789 648 1846 ipsis
671 1804 727 1834 ex
763 1790 880 1834 aeris
915 1789 1190 1849 intemperie
1222 1790 1400 1835 accidat
1435 1790 1572 1835 mali?
1616 1791 1729 1835 Huic
1762 1791 1898 1835 dubio
1931 1806 1955 1836 a
1990 1791 2087 1835 Vic.

312 1875 461 1930 Apost.
505 1873 703 1917 Tunkini
746 1863 1053 1918 Occidentalis
1097 1874 1350 1932 proposito,
1387 1877 1485 1919 Sac.
1521 1878 1683 1931 Congr.
1723 1874 1814 1919 Fid.
1854 1879 1982 1932 Prop.
2019 1875 2097 1920 die

314 1957 363 2000 16
386 1955 474 1999 ian.
504 1956 611 2000 1789
636 1956 870 2014 respondit
894 1956 927 2012 ⁸,
962 1958 1081 2016 quod
1116 1971 1173 2001 ne
1209 1956 1252 2000 in
1289 1959 1373 2002 hac
1410 1972 1502 2001 rea
1527 1957 1829 2002 sanctissimis
1866 1958 2092 2003 Ecclesiae

309 2037 532 2082 institutis
568 2039 822 2094 recedatur,
858 2053 1046 2083 omnem
1082 2052 1240 2085 curam
1276 2038 1492 2083 adbibere
1525 2039 1660 2083 debet
1682 2039 2012 2095 missionarius,
2041 2045 2091 2084 ut

309 2126 522 2179 parentes
553 2121 610 2166 ab
642 2122 725 2166 hac
760 2122 1059 2166 irrationabili
1095 2136 1174 2167 sua
1209 2122 1576 2166 contradictione
1610 2123 1841 2167 recedant.
1892 2123 2019 2177 Quod
2053 2122 2091 2166 si

307 2205 399 2248 suis
435 2203 803 2262 persuasionibus
836 2209 882 2248 et
916 2204 1107 2248 monitis
1140 2204 1251 2249 nibil
1288 2205 1510 2263 proficiat,
1545 2209 1660 2249 tunc
1694 2203 1776 2248 sibi
1818 2205 2093 2262 persuadere·

309 2288 473 2347 poterit
509 2303 603 2331 rem
639 2301 735 2332 esse
758 2287 1004 2332 deductam
1038 2287 1093 2331 ad
1128 2300 1285 2332 casum
1322 2287 1626 2342 necessitatis,
1653 2287 1929 2345 impossibile
1962 2287 2088 2331 enim

307 2372 392 2415 erit
437 2371 516 2414 bos
549 2372 751 2414 infantes
794 2371 1023 2428 baptizare
1071 2370 1434 2428 repugnantibus
1482 2370 1768 2428 parentibus,
1804 2369 1850 2413 in
1893 2383 2086 2428 quorum

306 2460 414 2499 sunt
449 2458 689 2512 potestate,
726 2454 915 2511 proinde
948 2453 1124 2498 licitum
1161 2453 1247 2498 erit
1282 2454 1335 2498 iis
1368 2453 1622 2498 infantibus
1655 2453 1930 2511 baptismum
1979 2465 2091 2497 con-⁷

306 2539 425 2582 ferre
459 2541 589 2581 extra
632 2535 892 2591 ecclesiam,
927 2540 972 2580 et
1006 2536 1051 2580 in
1089 2535 1280 2594 privatis
1313 2535 1540 2590 domibus,
1568 2535 1640 2579 vel
1668 2535 1741 2578 ubi
1772 2550 1795 2578 a
1820 2533 2092 2592 parentibus

307 2619 579 2678 permissum
614 2618 716 2674 erit,
753 2618 932 2663 omissis
961 2618 1102 2663 sacris
1125 2618 1287 2663 ritibus
1320 2624 1366 2662 et
1398 2616 1718 2672 caeremoniis,
1744 2616 1899 2662 animo
1925 2620 2086 2661 tamen

306 2716 382 2747 eas
415 2702 653 2761 ¹supplendi
688 2701 731 2745 in
757 2701 948 2748 ecclesia
971 2701 1314 2761 quamprimum
1339 2701 1435 2746 fieri
1460 2700 1732 2760 permissum
1768 2700 1870 2744 erit.
1906 2698 1949 2745 Si
1976 2712 2090 2744 xero
2157 2694 2166 2697 ’

305 2786 629 2845 praevideatur
670 2787 766 2830 fore
800 2790 849 2829 ut
883 2789 1096 2844 parentes
1137 2776 1386 2829 infantium
1438 2798 1586 2843 neque
1633 2783 1825 2828 decursu
1867 2782 2090 2841 temporis
2151 2769 2171 2812 ss

303 2869 507 2914 infantes
533 2882 638 2913 suos
669 2869 725 2913 ad
758 2868 998 2913 ecclesiam
1036 2882 1115 2926 pro
1147 2869 1413 2926 supplendis
1444 2866 1749 2912 caeremoniis
1780 2865 1947 2910 deferri
1984 2877 2082 2925 per·
2113 2902 2133 2927 ἶ
2162 2852 2176 2895 Ϊ

306 2952 509 3007 mittant,
536 2957 648 2996 tunc
681 2951 832 3010 potius
863 2951 968 3007 erit,
1005 2955 1057 2995 ut
1087 2950 1133 2995 in
1168 2950 1279 3009 ipsis
1312 2950 1504 3010 privatis
1526 2949 1736 2994 domibus
1769 2948 1884 2993 ritus
1905 2961 1958 2992 ac
1981 2961 2087 2992 cae·
2117 2955 2129 2994 i
2153 2952 2167 2982 ἓ

303 3033 538 3079 remoniae
570 3048 595 3078 a
633 3033 796 3079 Rituali
821 3048 1014 3079 romano
1039 3033 1346 3092 praescriptae
1368 3033 1415 3078 in
1438 3036 1542 3078 actu
1577 3032 1835 3077 collationis
1866 3029 2086 3089 baptismi
2104 3003 2164 3088 ἐξ

421 3155 429 3174 ¹
459 3156 573 3192 Clem.
603 3165 662 3193 un.
689 3156 731 3193 de
755 3156 920 3202 baptism.

420 3227 432 3245 ⁹
459 3227 504 3264 Ut
529 3227 728 3264 declaravit
753 3227 788 3264 S.
808 3227 880 3263 Rit.
905 3227 1038 3272 Congr.
1066 3226 1124 3264 die
1153 3226 1196 3262 16
1222 3226 1344 3262 martii
1372 3225 1460 3262 1861
1489 3226 1526 3262 in
1551 3234 1664 3262 causa
1692 3225 1727 3261 S.
1746 3223 1870 3260 Iacobi
1897 3223 1942 3260 de
1961 3221 2086 3259 Chilo„-

396 3337 397 3340 ,
420 3298 433 3317 ³
458 3298 606 3335 Collect.
634 3309 669 3335 n.
695 3298 774 3335 611.
