2176 3386
784 201 916 243 Lmen
943 213 970 243 1.
1006 213 1065 243 DE
1091 213 1286 251 cummis

885 434 1119 466 ARTlcULUS
1152 437 1180 466 1.

547 563 611 605 De
644 562 686 604 S.
725 563 778 604 R.
818 563 869 604 E.
912 560 1242 605 Car-dinatium
1274 562 1524 606 creatione.

263 733 365 776 472.
407 735 466 776 De
498 730 733 776 creatione
776 743 854 775 seu
899 729 1187 788 promotione
1228 730 1283 774 ad
1326 730 1669 776 cardinalatum
1704 730 1788 775 tria
1823 736 1933 776 sunt

146 815 434 874 quaerenda:
475 816 513 872 1)
550 813 778 874 quomodo
801 827 853 858 ea
877 812 982 870 fiat3
1019 814 1060 869 ⁹2)
1097 813 1173 872 qui
1197 813 1399 858 eiusdem
1424 814 1517 858 sint
1542 813 1681 871 ritus;
1717 815 1759 871 5)
1790 814 1931 874 quod·

147 915 255 946 nam
289 899 388 943 eius
419 901 628 956 oporteat
659 909 756 941 esse
789 895 1063 940 subiectum.
1105 900 1240 940 Porro
1268 896 1440 941 creatio
1462 897 1610 956 quoad
1637 897 1698 941 rei
1722 896 1932 941 substan·

149 982 261 1027 tiam
296 980 347 1024 lit
378 981 469 1025 sola
498 978 736 1023 voluntate
763 977 955 1022 Romani
984 978 1215 1024 pontificis
1238 979 1520 1023 sufficienter
1542 968 1789 1036 declarata;
1815 993 1932 1039 quae

146 1064 331 1125 quidem
360 1064 414 1108 de
440 1062 724 1121 plenitudine
749 1062 986 1120 potestatis
1004 1062 1098 1107 solo
1119 1063 1330 1122 nudoque
1351 1066 1490 1108 verbo
1509 1063 1705 1121 exprimi
1732 1068 1879 1121 potest
1899 1065 1929 1108 ¹.

154 1153 213 1193 Dc
247 1147 343 1192 iure
377 1152 531 1191 autem
566 1146 797 1190 ordinario
840 1146 1110 1191 denunciari
1145 1148 1260 1191 solet
1294 1147 1338 1192 in
1373 1147 1678 1203 Consistorio,
1713 1162 1791 1193 seu
1826 1162 1933 1193 con-

150 1237 293 1276 ventu
327 1231 663 1285 cardinalium,
699 1236 875 1275 secreto
918 1231 1135 1290 requisito
1176 1231 1444 1277 eorumdem
1486 1232 1676 1276 consilio
1716 1246 1796 1290 per
1827 1246 1935 1277 con-

150 1317 278 1358 sueta
316 1312 453 1357 verba
498 1313 618 1366 Quid
650 1313 771 1357 vobis
802 1313 1022 1357 vitietur?
1069 1312 1328 1372 Deindeque
1373 1315 1492 1358 facto
1526 1314 1829 1372 promotionis
1860 1316 1934 1358 de-

150 1400 276 1440 creto
299 1395 330 1438 2.
369 1395 495 1440 Unde
527 1395 757 1455 sequitur:
783 1417 786 1419 Δ

268 1479 314 1535 α)
349 1478 634 1523 Cardinalem
672 1478 731 1522 ita
767 1479 1090 1524 renunciatum
1128 1494 1289 1524 verum
1323 1494 1420 1524 esse
1452 1468 1767 1537 Cardinalem,
1803 1480 1934 1525 adeo-

149 1578 236 1624 que
269 1564 305 1608 si
340 1564 595 1622 Apostolica
631 1564 765 1607 Sedes
813 1564 996 1608 interim
1034 1569 1195 1616 vacet,
1237 1578 1364 1622 posse
1399 1565 1445 1609 in
1479 1565 1704 1610 electione
1743 1564 1936 1611 Romani

152 1647 385 1692 Pontificis
417 1647 683 1704 suffragium
728 1649 872 1702 ferre,
908 1647 1089 1692 etiamsi
1131 1647 1448 1693 Cardinalatus
1490 1647 1684 1706 insignia
1730 1649 1934 1694 nondum

151 1730 380 1789 acceperit
403 1731 435 1773 ³.

269 1815 309 1871 b)
348 1814 576 1859 Eiusmodi
611 1814 918 1860 Cardinalium
958 1814 1208 1860 offensores
1256 1815 1457 1860 incidere
1500 1816 1545 1860 in
1593 1829 1784 1873 poenas,
1820 1830 1937 1875 quae

152 1897 371 1942 adversus
403 1896 651 1941 offensores
683 1896 994 1942 Cardinalium
1028 1898 1145 1941 latae
1179 1901 1288 1941 sunt
1320 1898 1350 1940 4.

271 1981 395 2026 Licet
425 1985 579 2025 autem
614 1980 670 2024 ad
702 1980 1007 2025 substantiam
1041 1985 1171 2026 actus
1205 1995 1297 2025 non
1330 1981 1609 2038 pertineant,
1636 1986 1793 2026 tamen
1827 1980 1936 2026 adii·

151 2063 339 2108 ciuntur
369 2063 590 2108 creationi
624 2063 810 2122 quidam
844 2063 975 2119 ritus,
1010 2077 1205 2123 quorum
1242 2064 1471 2122 praecipui
1506 2067 1640 2108 sunt:

272 2147 319 2203 a)
356 2145 585 2202 lmpositio
618 2145 774 2190 birreti
814 2145 954 2201 rubri,
989 2146 1108 2205 quod
1141 2145 1326 2205 quidem
1371 2146 1415 2190 in
1458 2146 1583 2190 curia
1621 2145 1937 2204 praesentibus

153 2226 210 2271 ab
243 2226 337 2285 ipso
374 2231 578 2272 Romano
613 2226 830 2272 Pontifice
864 2228 1032 2286 absque
1075 2228 1164 2272 ulla
1204 2227 1498 2272 solemnitate
1532 2227 1810 2285 imponitur;
1862 2228 1937 2272 ab·

154 2309 359 2354 sentibus
392 2309 593 2354 mittitur
627 2325 705 2368 per
737 2310 937 2368 aliquem
974 2310 1167 2355 Romani
1202 2310 1434 2356 Pontilicis
1468 2310 1743 2356 familiarem
1779 2311 1810 2369 ⁵3
1846 2325 1936 2371 quo

155 2396 358 2451 tempore
391 2394 542 2438 iurare
575 2392 711 2437 iidem
746 2393 931 2449 debent,
966 2407 1013 2438 se
1049 2394 1169 2439 intra
1201 2408 1377 2438 annum
1401 2394 1454 2438 ad
1481 2395 1641 2439 urbem
1676 2408 1940 2440 accessuros

155 2475 239 2520 sub
271 2490 416 2534 poena
450 2476 724 2536 privationis
746 2476 967 2522 eiusmodi
1002 2477 1237 2535 dignitatis
1261 2477 1356 2537 ipso
1390 2479 1512 2522 facto
1542 2477 1818 2523 incurrenda
1844 2477 1874 2522 ⁶.

274 2645 284 2665 ¹
314 2645 416 2682 Card.
444 2646 570 2682 PETRA
598 2646 794 2683 Comment.
822 2647 859 2682 in
885 2647 1160 2683 constitutiones
1187 2648 1411 2693 Apostolicas
1444 2647 1489 2683 ad
1528 2648 1681 2684 Constit.
1711 2649 1789 2684 1am
1821 2649 1941 2685 Eue-n-

157 2725 209 2752 nn
235 2717 297 2761 IV,
324 2726 358 2753 n.
383 2717 415 2754 4.

277 2789 288 2807 ²
315 2789 417 2825 card.
445 2789 575 2825 Perna
601 2789 622 2825 l.
648 2789 720 2831 cit„
748 2800 783 2826 n.
814 2789 868 2825 13.

277 2859 290 2878 ³
313 2861 400 2897 Pius
426 2859 469 2902 V,
496 2860 621 2897 Consi.
649 2861 741 2904 Quia
766 2861 973 2907 aliquando,
1001 2860 1046 2897 26
1071 2861 1148 2898 lan.
1179 2861 1280 2897 1571.

277 2930 290 2951 ”·
315 2932 420 2968 Card.
446 2933 572 2969 Perna
599 2932 622 2968 l.
649 2942 680 2968 c.

277 3002 291 3023 ⁸
316 3003 444 3040 Pss'rm„
467 3003 490 3040 l.
519 3013 563 3048 c.,
591 3013 626 3039 n.
655 3003 708 3039 19.
733 3009 738 3014 ’

279 3073 292 3094 ⁶
317 3074 446 3110 Xistus
472 3074 516 3117 V,
543 3074 666 3111 const.
692 3076 901 3122 Postquam,
927 3079 942 3116 s
969 3075 1023 3118 19,
1048 3075 1070 3112 5
1096 3076 1180 3112 Dec.
1208 3074 1309 3111 1586.

281 3161 593 3194 erELu-Sounm.
1777 3165 1818 3196 24
