2176 3386
573 20 582 29 .
692 0 1227 31 ὅΝῑτᾙπΓᾌΓ-τω
1243 0 1486 27 ,τῦ-ΜΨ
1514 0 1624 20 Ἦ-ᾚ-
1637 0 1689 21 ν’·
1738 0 1846 22 ⁷-
1894 0 1969 27 1⁷3·-
1991 0 2066 26 ,·“·-“
2080 0 2092 10 ·

776 207 906 236 mar-:n
935 208 958 236 1.
995 207 1052 235 DE
1081 206 1274 236 eLEmffls
1843 194 1920 234 145

137 315 300 373 vilegia
324 314 372 358 in
394 314 450 358 iis
470 313 789 358 extenduntur
809 325 926 371 quae
955 310 1011 355 ad
1041 323 1226 356 causam
1258 309 1378 368 piam
1405 310 1476 354 vel
1500 310 1557 354 ad
1575 310 1811 379 publicum
1843 313 1919 355 bo·

65 428 71 437 ·
138 411 249 450 num
274 409 489 441 concessa
513 398 622 440 sunt
641 396 671 439 ².
698 393 743 451 f)
775 392 1010 450 Privilegia
1037 391 1402 437 remuneratoria
1426 392 1545 436 latae
1567 396 1677 437 sunt
1699 393 1920 451 interpre-

137 479 341 536 tationis,
366 491 556 524 onerosa
584 491 695 523 vero
717 476 903 522 strictae
927 475 1324 534 interpretationis
1347 475 1362 499 ²
1395 475 1481 520 nisi
1500 476 1618 519 forte
1641 480 1687 519 et
1710 490 1920 520 remune-

140 561 331 608 rationis
363 574 548 606 causam
584 559 800 604 habeant.
836 560 882 616 9)
920 563 966 604 [n
1001 558 1148 603 dubiis
1182 559 1317 603 Sedes
1351 558 1608 617 Apostolica
1641 559 1922 604 consulenda

138 650 208 690 est
230 645 262 689 ³.
298 644 343 699 h>
371 645 411 688 Si
437 643 526 688 duo
549 641 824 701 privilegiati
847 641 1078 687 contraria
1101 642 1301 686 habeant
1324 641 1562 700 privilegia
1587 642 1659 686 ille
1683 642 1834 700 potior
1855 646 1924 686 est

139 727 215 786 qui
259 726 346 771 fuit
386 726 534 771 laesus
558 726 572 751 '⁴
608 725 681 770 vel
724 725 840 769 ratio
881 724 1022 769 aetati
1067 724 1274 769 habenda
1318 724 1404 768 erit
1429 725 1443 748 ⁵
1479 724 1550 768 vel
1591 724 1862 782 possessioni
1888 724 1919 769 ⁶.

138 813 170 867 i)
212 809 447 867 Privilegia
482 809 757 866 generaliter
789 809 855 852 uti
891 822 1038 867 neque
1071 808 1363 852 extensivam
1390 810 1402 831 ⁷
1440 808 1500 852 ita
1536 822 1684 867 neque
1709 808 1924 865 regulari·

142 898 212 938 ter
235 893 545 938 restrictivam
572 891 1000 950 interpretationem
1025 891 1279 936 admittunt
1302 891 1335 947 ⁸,
1370 892 1447 936 sed
1470 890 1799 936 declarativam
1824 897 1924 935 tan-

141 981 238 1021 tum
265 977 296 1020 ⁹.
334 976 376 1032 Ιε)
417 980 553 1020 Extra
589 974 885 1019 concedentis
918 974 1204 1018 territorium
1240 975 1475 1033 privilegia
1502 988 1593 1019 non
1629 974 1787 1018 valent
1812 974 1861 1018 ¹⁰.

568 1113 597 1154 f)
626 1135 665 1138 —
696 1114 754 1149 De
780 1113 1141 1160 dispensationibus
1169 1113 1492 1159 interpretandis.

266 1225 360 1270 186.
399 1229 448 1269 In
483 1239 648 1282 genere
682 1225 934 1269 tenendum
970 1229 1039 1269 est
1070 1227 1116 1281 a)
1154 1226 1421 1269 facultatem
1444 1225 1735 1283 dispensandi
1770 1230 1927 1285 utpote

144 1309 349 1353 favorem
384 1309 503 1352 latae
536 1321 633 1352 esse
658 1307 1052 1366 interpretationis
1077 1309 1108 1331 ¹¹
1144 1307 1230 1352 nisi
1256 1308 1301 1352 in
1327 1307 1450 1352 tertii
1476 1308 1804 1366 praeiudicium
1831 1324 1928 1354 vcr-

145 1396 234 1448 gat.
257 1391 296 1447 b)
333 1393 471 1434 Actus
503 1404 526 1434 e
560 1394 720 1435 contra
754 1390 1109 1448 dispensationis
1142 1404 1247 1434 eum
1282 1390 1393 1448 legis
1437 1391 1605 1457 vulnus
1647 1391 1705 1435 sit
1738 1391 1928 1451 ideoque

142 1474 310 1534 aliquid
345 1474 551 1519 odiosum
585 1474 770 1519 strictae
795 1478 863 1518 est
889 1473 1282 1532 interpretationis
1309 1474 1357 1517 ¹².
1395 1475 1431 1530 e)
1470 1474 1838 1532 Superioretiam
1864 1476 1928 1520 in·
1962 1497 1965 1500 ·

147 1555 261 1600 iusta
296 1556 350 1600 de
383 1569 519 1600 causa
555 1556 703 1600 valide
736 1556 985 1614 dispensat,
1020 1571 1044 1600 6
1078 1560 1239 1601 contra
1274 1556 1464 1601 inferior
1496 1556 1571 1616 qui
1605 1557 1810 1615 delegata
1850 1564 1930 1603 aut

145 1639 375 1684 ordinaria
410 1643 633 1697 potestate
667 1640 765 1684 sine
800 1640 916 1684 iusta
950 1653 1086 1684 causa
1111 1654 1135 1684 a
1159 1640 1333 1698 legibus
1366 1641 1616 1698 Superioris
1651 1641 1850 1686 invalide
1876 1643 1925 1687 ¹3.

147 1726 266 1767 Haec
300 1722 527 1767 sufficiant
549 1723 603 1766 de
636 1722 989 1781 dispensationis
1013 1723 1393 1780 interpretatione
1417 1723 1462 1766 in
1486 1737 1679 1780 gcnere3
1711 1724 1758 1768 in
1782 1724 1931 1782 specie

146 1804 251 1849 dein
285 1805 338 1849 de
371 1805 562 1863 singulis
594 1806 990 1864 dispensationum
1024 1805 1258 1863 speciebus
1291 1805 1356 1849 uti
1382 1819 1426 1849 v.
1454 1820 1518 1863 gr.
1555 1806 1610 1850 de
1633 1806 1931 1864 dispensatio-

149 1887 282 1932 nibus
315 1888 730 1932 matrimonialibus
764 1889 808 1932 in
846 1887 1197 1946 particularibus
1230 1888 1503 1932 tractatibus
1524 1889 1751 1945 agendum
1777 1893 1846 1933 cst
1879 1889 1928 1933 Ν.

267 2052 275 2070 ¹
305 2053 343 2088 L.
362 2052 407 2087 44
425 2051 460 2087 ff.
478 2052 522 2089 de
542 2052 644 2097 relig.

268 2123 280 2141 ²
306 2123 392 2169 Arg.
413 2132 491 2169 cap.
510 2123 543 2166 6,
562 2123 605 2159 de
625 2124 746 2159 donat.
914 2171 920 2177 .

269 2194 281 2213 ³
309 2195 420 2231 Clcm.
441 2196 485 2239 X,
504 2196 649 2231 constit.
668 2206 847 2241 supernae
867 2195 910 2230 21
932 2195 1009 2231 lun.
1031 2194 1131 2231 1670.
1153 2195 1204 2231 Gt.
1223 2176 1373 2231 Zirsnm
1393 2196 1437 2231 de
1457 2196 1618 2241 dispens.
1641 2202 1744 2232 matr.

271 2265 283 2285 '⁸
310 2267 349 2302 L.
371 2266 424 2309 12,
443 2266 500 2311 55,
518 2267 561 2304 de
581 2267 711 2303 minor.
731 2266 765 2302 ff.

270 2338 282 2357 ⁵
310 2339 348 2375 L.
370 2338 413 2374 15
431 2339 474 2375 (16
493 2340 623 2375 minor.

272 2410 285 2430 ⁶
311 2411 349 2446 L.
372 2411 414 2446 15
432 2411 575 2448 eodem.

273 2481 285 2501 ⁷
312 2483 353 2519 L.
373 2483 403 2527 1,
421 2487 435 2523 S
456 2483 530 2526 ult„
552 2484 596 2521 de
615 2490 731 2520 const.
752 2485 883 2526 Princ..
903 2494 934 2520 c.
952 2483 986 2526 9,
1005 2485 1049 2521 (16
1070 2485 1158 2530 priv.
1182 2485 1219 2519 in
1237 2484 1286 2520 6⁰.

273 2555 286 2574 ⁸
312 2555 349 2591 C.
370 2555 423 2590 16.
444 2555 488 2591 (16
508 2556 608 2592 verb.
628 2556 723 2601 sign.
744 2556 795 2592 Cf.
816 2556 993 2592 D’Asmss.
1013 2557 1113 2592 Sum.
1132 2556 1175 2591 de
1195 2556 1314 2601 privil.

273 2626 286 2645 ⁹
312 2625 348 2662 C.
370 2626 388 2660 7
407 2626 451 2663 de
470 2627 560 2672 priv.

263 2696 290 2715 ¹⁰
317 2698 366 2733 Ct'.
388 2697 532 2734 SUARzz
551 2698 572 2735 l.
591 2698 624 2741 8,
644 2708 723 2744 cap.
743 2698 799 2734 26.

261 2767 287 2786 ¹¹
317 2768 485 2804 FAGNAN.
505 2778 584 2815 cap.
603 2769 763 2806 dilectus
786 2771 839 2813 16,
859 2771 904 2807 (16
925 2775 1036 2816 temp.
1055 2771 1144 2813 ord,
1166 2780 1200 2805 n.
1221 2769 1282 2806 ΞΟ.

263 2838 290 2857 ¹²
319 2840 485 2876 FAGNAN.
505 2850 585 2886 cap.
605 2841 775 2878 Mandato
793 2842 837 2878 de
857 2842 939 2886 sin„
958 2852 992 2878 n.
1012 2841 1068 2879 59.

265 2910 293 2929 ¹³
319 2911 369 2947 Cf.
396 2911 541 2948 Planum
561 2913 765 2949 GORRADUM
784 2913 828 2949 de
849 2913 1013 2959 dispens.
1030 2918 1116 2949 mat.
1138 2913 1175 2949 L.
1196 2913 1226 2955 1,
1247 2922 1278 2948 c.
1301 2913 1330 2955 1,
1352 2912 1406 2948 12.

264 2980 293 3000 ¹¹*
319 2982 448 3026 Quoad
475 2984 621 3029 regulas
652 2984 898 3021 Cancellariae
931 2984 1225 3030 interpretandas
1251 2983 1296 3019 cf.
1323 2984 1397 3020 DD.
1416 2983 1631 3029 praesertim
1659 2991 1751 3028 opus
1783 2981 1941 3026 praecla-

162 3052 241 3089 riss.
261 3054 430 3091 Riomn.

286 3125 598 3158 erssLu-Soussm.
1780 3124 1818 3154 10
