2176 3386
525 187 655 216 mni-:n
683 187 724 215 11.
754 186 811 215 DE
841 185 979 214 uenus
1009 183 1343 213 TEMPORALfflus
1372 183 1427 212 Ac
1457 183 1604 212 mxris
1878 173 1957 213 305

170 301 333 343 auctor
365 295 476 340 iuris
507 298 777 354 patronatus
809 293 918 338 illud
951 292 1260 338 reservaverit
1281 292 1495 338 familiae
1526 298 1607 338 aut
1638 294 1875 352 agnationi
1909 295 1955 340 in

173 380 320 440 globo,
357 380 482 424 nullo
514 378 737 437 graduum
770 376 1038 422 discrimine
1063 376 1092 421 ¹.
1583 374 1594 387 ⁸

293 463 341 507 2ο
375 466 424 507 In
459 475 566 507 casu
600 459 901 505 successionis
923 460 1124 515 linearis,
1149 458 1187 504 si
1209 459 1265 504 ad
1288 460 1400 504 duas
1423 459 1567 504 lineas
1596 459 1666 504 ius
1691 464 1959 518 patronatus

173 545 444 600 devenerit,-
477 543 704 589 successio
737 542 787 587 fit
821 545 871 587 in
902 545 1091 600 stirpes,
1129 542 1188 586 ita
1223 547 1274 586 ut
1309 547 1497 598 nepotes
1539 549 1820 588 concurrant
1851 557 1958 589 cum

177 633 340 688 patruo
377 626 761 686 repraesentando
795 631 969 683 patrem
1005 639 1138 670 suum
1173 624 1462 680 defunctum,
1500 639 1732 685 unamque
1771 627 1959 684 proinde

176 727 340 757 vocem
388 710 638 756 obtinendo
662 709 704 766 ²;
750 708 953 767 itemque
986 708 1020 752 si
1057 709 1146 752 iam
1180 708 1237 752 ab
1269 708 1401 753 initio
1451 709 1703 754 reservatio
1741 709 1852 755 iuris
1886 725 1959 768 pa-

176 798 386 838 tronatus
419 794 578 837 favore
611 791 807 849 plurium
844 792 963 835 facta
998 791 1132 835 fuerit
1160 791 1190 835 ³.

298 879 342 922 3⁰
380 877 594 921 Extincta
628 875 819 930 familia,
856 875 925 919 ius
962 879 1228 933 patronatus
1262 875 1428 920 transit
1459 877 1514 921 ad
1539 877 1728 922 heredes
1750 877 1856 922 licet
1883 891 1960 922 ex·

176 965 391 1017 traneoss‚
428 959 514 1004 nisi
550 959 766 1004 fundator
797 971 1011 1017 expresse
1044 964 1090 1004 et
1122 959 1329 1004 taxalive
1363 960 1417 1004 iis
1454 965 1665 1017 tantum,
1700 961 1775 1020 qui
1810 962 1865 1006 de
1899 963 1960 1006 fa—

178 1044 300 1089 milia
335 1047 519 1098 essent⁷
558 1043 664 1087 illud
709 1042 955 1087 reservarit
979 1043 1008 1086 ⁴.
1063 1046 1173 1086 [tem
1208 1043 1243 1088 si
1279 1044 1430 1102 plures
1467 1044 1524 1087 ab
1557 1044 1690 1090 initio
1722 1046 1961 1089 constituti

177 1128 348 1171 fuerint
383 1125 577 1184 patroni,
613 1125 805 1170 alicuius
840 1126 957 1170 linea
990 1125 1248 1181 deficiente,
1280 1126 1348 1170 ius
1382 1131 1651 1184 patronatus
1684 1126 1730 1171 in
1766 1142 1816 1172 ea
1842 1128 1961 1173 linea

179 1209 346 1253 transit
378 1208 424 1252 in
459 1209 648 1253 heredes
691 1213 938 1253 extraneos
970 1213 1015 1252 et
1049 1208 1098 1253 lit
1141 1209 1497 1265 hereditarium,
1534 1209 1641 1254 licet
1679 1210 1722 1253 in
1767 1210 1961 1254 aliorum

178 1292 310 1337 lineis
346 1297 530 1336 maneat
564 1291 842 1349 gentilitium
878 1305 955 1336 scu
993 1291 1216 1335 familiare
1242 1292 1270 1335 5.
1307 1293 1596 1337 Contrarium
1622 1298 1777 1337 autem
1803 1297 1961 1337 tenen-

178 1377 286 1421 dum
321 1380 415 1431 est,
452 1376 486 1420 si
524 1375 583 1420 ita
619 1376 832 1420 statuerit
876 1376 1159 1431 fundator⁶3
1208 1377 1280 1420 vel
1314 1376 1347 1420 si
1384 1391 1502 1421 unus
1535 1379 1591 1421 ab
1624 1376 1756 1421 initio
1795 1378 1962 1422 consti-

179 1464 306 1503 tutus
331 1459 469 1503 fuerit
503 1464 724 1518 patronus
749 1461 777 1502 ⁷.

298 1544 343 1587 4⁰
379 1545 592 1597 flia-tam,
628 1543 747 1602 quod
781 1542 956 1587 scilicet
987 1543 1188 1588 delatum
1225 1548 1292 1588 est
1325 1542 1378 1587 iis
1410 1543 1486 1602 qui
1520 1543 1655 1588 simul
1690 1543 1782 1588 sint
1814 1548 1861 1587 et
1888 1543 1962 1587 lie-

179 1625 308 1669 redes
341 1630 386 1669 et
418 1640 475 1670 ex
510 1626 699 1681 familia,
734 1627 1004 1685 qualitatem
1040 1626 1364 1671 hereditariam
1399 1626 1543 1684 exigit
1585 1631 1766 1671 tantum
1802 1625 1847 1669 in
1888 1640 1963 1684 po-

180 1708 342 1763 tentia,
382 1723 470 1753 uon
506 1714 660 1754 autem
698 1710 741 1753 in
777 1714 900 1762 actu,
929 1710 969 1754 id
993 1715 1062 1753 est
1086 1715 1292 1768 respectu
1329 1709 1482 1754 habito
1506 1710 1560 1754 ad
1596 1710 1666 1754 ius
1690 1710 1809 1769 quod
1843 1710 1963 1769 quis-

179 1805 316 1850 quam
353 1791 541 1836 haberet
572 1792 606 1836 si
642 1792 698 1836 ab
734 1792 950 1837 intestato
983 1792 1208 1837 successio
1242 1793 1400 1841 lieret.
1442 1807 1533 1837 non
1568 1798 1723 1837 autem
1757 1794 1812 1837 ad
1849 1793 1962 1851 posi-

183 1874 325 1917 tiiam
372 1879 644 1919 testatorum
685 1876 974 1920 voluntalem
1002 1876 1033 1919 ⁸.
1079 1880 1292 1920 Ceterum
1321 1876 1479 1920 iisdem
1532 1876 1696 1934 regulis
1735 1875 1880 1919 utitur
1911 1889 1964 1919 ac

181 1956 250 2001 ius
284 1962 552 2015 patronatus
587 1958 810 2003 familiare
843 1959 875 2003 ⁹.

303 2042 503 2100 Denique
537 2041 1003 2088 animadvertendum
1038 2049 1122 2098 est,
1151 2044 1269 2088 idem
1296 2045 1449 2088 valere
1483 2045 1538 2088 de
1566 2043 1661 2087 iure
1696 2048 1965 2101 patronatus

183 2125 396 2169 familiari
430 2139 482 2169 ac
516 2126 663 2170 mixto
696 2127 814 2185 quod
849 2140 982 2185 supra
1017 2128 1071 2171 (le
1106 2128 1391 2172 hereditariis
1424 2128 1598 2173 dictum
1633 2133 1717 2172 est.

303 2269 310 2287 ¹
341 2269 516 2305 Pmomns
545 2270 818 2306 Controversiae
844 2270 991 2306 Patron.
1019 2270 1243 2316 allegatione
1272 2271 1326 2313 10,
1354 2282 1388 2306 n.
1407 2269 1428 2306 9
1456 2281 1570 2317 seqq,
1589 2275 1623 2307 et
1643 2275 1725 2316 post
1743 2270 1888 2315 allegat.
1911 2270 1964 2312 10,

184 2349 218 2375 n.
245 2339 289 2375 26
316 2349 440 2385 seqq.;
478 2340 582 2376 Rom
610 2341 646 2375 in
665 2340 799 2376 Pisana
825 2341 925 2377 Iuris
950 2342 1172 2377 Patronatus
1207 2340 1252 2377 26
1293 2342 1384 2378 iunii
1411 2351 1510 2377 anno
1545 2341 1635 2377 1709
1674 2351 1798 2377 coram
1826 2341 1964 2377 Ρῐιιοιο

183 2414 196 2450 ἓ
215 2410 440 2447 Procea'emlo
458 2421 559 2456 seqq.

304 2482 316 2499 ²
341 2483 519 2519 P1T0N1us
548 2482 713 2519 Controv.
740 2484 884 2520 Patron.
912 2484 1019 2529 alleg.
1047 2484 1103 2526 66,
1125 2494 1158 2519 n.
1177 2485 1222 2520 55
1242 2485 1286 2520 ad
1305 2485 1361 2520 57.

305 2553 317 2571 ³
344 2554 519 2590 Prromus
547 2565 605 2600 op.
633 2555 692 2590 cit.
720 2555 827 2600 alleg.
856 2555 912 2597 66,
940 2565 975 2591 n.
1005 2555 1058 2591 15.

302 2623 316 2643 ⁵
343 2624 544 2661 FAGNANus
571 2625 609 2660 in
636 2635 714 2670 cap.
743 2626 926 2661 Perlatum
953 2626 996 2661 dc
1018 2627 1085 2662 iur.
1107 2631 1247 2672 patron.
1268 2635 1303 2662 n.
1325 2627 1368 2662 10
1387 2636 1487 2672 seqq.

304 2696 316 2714 ⁵
344 2696 519 2733 Piromus
547 2696 654 2741 alleg.
683 2696 737 2739 76,
764 2707 798 2732 n.
819 2697 863 2732 16
882 2707 983 2743 seqq.

304 2768 317 2787 ⁶
342 2768 519 2805 Pnomus
547 2769 633 2805 ibid.
660 2779 696 2805 n.
722 2769 778 2805 22.

304 2839 316 2857 ⁷
344 2840 520 2877 Pnomus
548 2840 635 2876 ibid.
661 2850 695 2876 n.
724 2841 764 2876 11
794 2844 829 2876 et
855 2840 911 2876 25.

304 2911 317 2931 ⁸
341 2912 520 2948 Piromus
545 2911 654 2957 alleg.
681 2911 736 2953 57,
764 2921 799 2948 n.
823 2912 865 2948 16
884 2917 919 2948 et
940 2912 993 2956 18,
1012 2917 1047 2948 et
1073 2912 1181 2958 alleg.
1211 2912 1289 2955 100,
1308 2922 1342 2948 n.
1362 2911 1441 2948 272.

303 2983 315 2999 ‘'
343 2983 520 3020 Prroruus
545 2984 643 3020 dicta
669 2985 776 3029 alleg.
807 2985 884 3027 100,
911 2994 946 3021 n.
966 2983 1047 3028 272,
1073 2989 1107 3020 et
1137 2984 1245 3030 alleg.
1274 2984 1329 3027 76,
1357 2993 1391 3020 n.
1418 2985 1439 3020 5
1466 2983 1600 3020 collato
1628 2984 1670 3020 11
1696 2993 1821 3030 seqq.;
1862 2983 1965 3020 Ro'rA

186 3056 283 3103 apud
309 3056 479 3093 eumdem
506 3057 694 3094 Pitonium
723 3063 805 3103 nost
831 3057 938 3102 alleg.
968 3057 1020 3100 10,
1050 3067 1083 3092 n.
1111 3057 1168 3093 25.

309 3139 623 3171 eri-:Lu-Somssm.
650 3158 684 3162 —
710 3140 757 3172 11.
1801 3139 1843 3170 20
