2176 3386
1350 0 1353 2 .
1383 0 1415 21 ζ...
1436 0 1508 20 'JV-⁵
1518 0 1645 29 ςῇ·ψ,·,ν,.
1653 0 1895 42 ῨΨἭ-ὟΜ
1908 21 1926 37 'e
1939 28 1941 34 A
1955 27 1958 29 .
1989 24 2003 35 q
2025 19 2037 26 ’-

227 166 280 206 54
897 175 1005 204 rans
1035 175 1075 202 ιι.
1112 174 1167 202 nr:
1198 173 1335 203 nauus

229 299 423 331 munere
456 285 702 342 fungentes
735 283 835 328 ideo
869 297 948 342 pro
982 282 1127 341 prima
1162 280 1298 326 missa
1332 285 1569 341 nequeunt
1600 281 1878 338 stipendium
1909 297 2007 341 per-

229 354 398 426 cipere,
433 367 539 427 quia
573 381 674 411 earn
706 380 793 424 pro
823 366 993 423 populo
1025 364 1251 424 applicare
1288 368 1521 409 tenentur.
1562 364 1651 409 Etsi
1678 378 1787 410 vero
1810 365 2009 409 volut-rit

230 457 282 497 ut
316 453 426 496 haec
460 464 621 496 norma
657 449 910 508 generatim
946 453 1156 493 servetur
1190 448 1234 492 in
1270 447 1427 506 praxi,
1464 461 1568 492 cum
1607 452 1760 492 tamen
1795 448 2006 506 specialia

230 534 383 579 adsint
418 534 461 578 in
500 533 732 579 nonnullis
767 532 1059 577 missionibus
1095 545 1243 575 rerum
1279 545 1332 575 ac
1367 543 1664 589 personarum
1698 531 1931 585 adiuncta,
1964 533 2010 574 et

231 633 336 663 cuin
371 618 662 662 difficultates
698 631 786 661 non
823 630 993 675 paucae
1026 615 1133 660 oriri
1170 620 1353 673 possent
1375 613 1411 659 si
1436 614 1587 672 regula
1624 613 1718 672 ipsa
1754 613 1900 659 nullas
1932 628 2009 658 cx-

231 701 466 759 ceptiones
500 704 764 758 pateretur,
804 699 905 742 Pius
939 702 994 742 lx
1030 698 1297 742 facultatem
1332 695 1588 754 impertivit
1619 695 1872 741 ordinariis
1906 695 2012 740 niis-

232 783 413 828 sionum
438 788 504 837 ut,
532 782 647 827 iusta
674 786 719 826 et
742 781 869 839 gravi
905 795 1040 825 causa
1078 780 1408 835 intercedente,
1444 779 1704 823 sacerdotes
1735 778 1819 823 sibi
1843 779 2010 824 subditi

232 867 372 911 etiam
409 880 486 924 pro
521 866 722 910 secunda
748 865 882 910 missa
918 864 964 908 in
998 865 1156 908 eadem
1190 863 1262 908 die
1294 861 1583 917 celebranda,
1608 861 1887 920 stipendium
1914 877 2010 919 per-

234 950 383 1008 cipere
420 950 592 1008 possint
623 963 676 994 ac
711 949 897 993 valeant
921 949 949 991 ².

961 1152 1192 1181 AR'NCULUS
1225 1153 1281 1180 lv.

691 1258 755 1300 De
788 1256 880 1299 loco
913 1262 953 1299 et
987 1262 1189 1312 tempore
1221 1256 1557 1299 celebrationis.

355 1377 455 1420 702.
495 1375 659 1420 Missae
693 1375 912 1420 celebrari
955 1380 1143 1433 possunt
1176 1374 1221 1418 in
1260 1373 1458 1419 Ecclesia
1491 1379 1537 1417 et
1568 1373 1790 1419 oratoriis
1838 1372 2013 1431 publica

236 1461 511 1506 auctoritate
553 1459 783 1505 Ordinarii
822 1459 1076 1517 deputatis,
1111 1458 1391 1503 consecratis
1424 1457 1495 1502 vel
1538 1458 1700 1501 saltem
1744 1456 2012 1511 benedictis,

239 1544 323 1589 nisi
358 1558 490 1590 casus
524 1557 716 1601 magnac
751 1542 1037 1587 necessitatis
1071 1540 1353 1585 interveniat
1375 1541 1406 1584 ².

357 1628 458 1672 705.
500 1627 562 1670 Ad
596 1627 782 1670 missam
819 1624 1066 1684 requiritur
1098 1625 1273 1678 altare,
1309 1623 1439 1667 cuius
1485 1622 1652 1680 duplex
1699 1627 1767 1667 est
1814 1622 2012 1680 species3

238 1712 323 1756 alia
358 1712 482 1756 enim
517 1715 625 1755 sunt
657 1709 817 1754 altaria
851 1710 964 1768 fixa,
1000 1708 1087 1753 alia
1122 1708 1325 1752 mobilia.
1363 1707 1472 1751 Fixa
1495 1720 1547 1751 ea
1570 1706 1788 1751 dicuntur
1820 1719 2016 1765 quorum

238 1800 466 1839 structura
505 1793 677 1838 moveri
715 1792 894 1852 nequit;
934 1791 1115 1836 mobilia
1148 1795 1257 1835 sunt
1288 1804 1426 1850 quae,
1463 1790 1589 1834 salva
1635 1789 1926 1848 integritate,
1961 1790 2015 1834 de

240 1892 331 1923 uno
364 1877 410 1921 in
445 1877 585 1921 alium
621 1877 771 1921 locum
806 1875 1042 1920 transferri
1079 1879 1283 1932 possunt.
1323 1874 1387 1919 Ab
1409 1872 1542 1918 altari
1568 1873 1721 1918 mobili
1754 1873 1906 1918 differt
1930 1873 2016 1931 pri-

242 1960 459 2018 vilegium
494 1959 651 2004 altaris
686 1958 926 2018 portatilis,
961 1958 1079 2017 quod
1115 1957 1160 2001 in
1186 1971 1239 2002 eo
1261 1956 1471 2002 consistit
1503 1962 1554 2001 ut
1586 1957 1686 2016 quis
1719 1970 1853 2015 super
1885 1957 2016 2001 altari

240 2043 412 2087 viatico
446 2042 596 2087 ubivis
629 2042 813 2087 missam
850 2042 989 2100 possit
1021 2041 1265 2086 celebrare.

362 2127 461 2172 704.
502 2129 639 2170 Porro
663 2125 854 2170 materia
880 2125 1060 2169 tabulae
1083 2125 1241 2169 altaris
1272 2124 1407 2168 debet
1438 2137 1535 2168 esse
1571 2121 1743 2181 lapidea
1768 2123 1801 2178 ³,
1837 2137 2020 2182 unoque

243 2210 420 2268 integro
454 2209 601 2267 lapide
634 2213 846 2254 constare
871 2209 903 2264 '‘‚
939 2213 984 2252 et
1016 2209 1162 2253 forma
1196 2206 1588 2267 quadrangularis.
1640 2210 1752 2251 ltem
1788 2206 1833 2250 in
1871 2205 2018 2250 media

243 2299 371 2353 parte
404 2294 537 2338 debet
570 2293 821 2338 cavitatem
873 2292 1038 2337 habere
1072 2292 1118 2336 in
1151 2305 1238 2351 qua
1275 2293 1561 2349 reponuntur
1593 2290 1638 2334 in
1672 2290 2020 2334 consecratione

243 2378 462 2437 reliquiae
495 2381 779 2432 sanctorum,
816 2376 913 2421 sine
947 2376 1111 2436 quibus
1142 2374 1398 2420 consecrari
1443 2388 1534 2419 non
1571 2378 1761 2433 possunt
1784 2374 1813 2418 ⁵.
1868 2374 2020 2418 Altare

243 2466 422 2520 oportet
458 2462 600 2506 tribus
622 2461 753 2506 lineis
788 2459 964 2520 mappis
987 2473 1083 2504 esse
1116 2463 1401 2514 contectum,
1427 2462 1564 2517 atque
1596 2457 1717 2502 inter
1749 2457 2021 2502 candelabra

243 2546 378 2591 debet
418 2549 536 2592 Crux
571 2550 618 2590 et
649 2544 812 2591 Christi
866 2543 1044 2588 Domini
1078 2558 1135 2587 ex
1168 2557 1221 2588 ea
1258 2542 1499 2602 pendentis
1546 2543 1695 2600 imago
1742 2539 2016 2599 prominere.

246 2635 299 2676 Et
333 2630 516 2690 quidem
552 2643 764 2688 suprema
798 2633 867 2673 est
898 2627 1173 2672 auctoritate
1206 2631 1449 2682 statutum,
1486 2639 1576 2670 uon
1613 2637 1742 2684 posse
1776 2637 1871 2668 rem
1904 2622 2017 2667 divi-

366 2771 374 2790 ¹
405 2771 440 2807 S.
467 2770 600 2816 Congr.
628 2770 706 2806 Fid.
733 2769 839 2814 Prop.
869 2768 912 2804 15
938 2771 1008 2805 oct,
1036 2767 1138 2804 1863.

365 2843 377 2861 ²
404 2842 512 2878 Conc.
540 2842 636 2878 Trid.
663 2842 760 2878 Sess.
787 2841 892 2877 XXII
919 2841 961 2877 de
986 2841 1058 2876 obs.
1084 2840 1120 2875 in
1145 2840 1270 2876 celebr.
1295 2839 1436 2875 missae.

366 2913 379 2933 ³
406 2913 553 2950 Collect.
572 2923 608 2949 n.
626 2912 707 2949 826.

366 2985 379 3005 ¹·
406 2987 441 3023 S.
468 2986 538 3022 Rit.
565 2985 698 3031 Congr.
727 2985 768 3021 17
795 2985 886 3022 iunii
915 2984 1017 3021 1845.

365 3058 376 3077 ⁵
403 3059 551 3095 Collect.
578 3069 612 3095 u.
639 3057 720 3100 824,
746 3055 827 3093 825.
