2176 3386
233 151 312 191 296
877 162 987 191 PARS
1017 162 1041 191 1.
1076 162 1133 190 DE
1161 161 1374 192 Pensoms

235 282 306 313 res
332 268 441 324 sint,
477 268 530 313 ad
565 267 817 313 catholicae
837 267 1048 313 veritatis
1071 281 1281 313 normam
1307 270 1466 313 cdntra
1489 268 1788 315 lansenianos
1807 273 2012 316 statuen-

234 353 342 397 dum
377 356 465 408 est;
505 351 679 396 etenim
715 356 918 410 pastores
950 356 1058 416 sunt
1092 365 1184 395 non
1217 349 1420 406 divinae,
1456 351 1533 396 sed
1566 351 1900 397 ecclesiasticae
1943 353 2011 398 in-

234 435 504 489 stitutionis,
541 449 632 479 non
669 432 874 492 perfecti,
909 433 986 478 sed
1018 434 1132 478 tales
1164 433 1327 492 quibus
1359 437 1484 478 certa
1517 437 1700 479 tantum
1738 447 1792 479 ac
1831 434 2009 480 minora

236 517 391 562 munia
425 517 669 563 commissa
703 522 826 572 sunt,
862 515 1115 575 quibusque
1138 515 1409 560 exercendis
1434 530 1523 561 non
1548 516 1899 574 independendi‚
1933 518 2035 563 sed·

233 600 435 645 subiecta
478 600 732 645 Ordinariis
766 603 991 657 potestate
1030 599 1200 658 pollent
1233 603 1369 658 atque
1402 600 1458 644 ad
1492 601 1639 645 solum
1674 601 1823 646 forum
1870 601 2012 647 inter-

235 698 346 729 num
379 684 593 728 limitata.

339 767 452 822 Q.
492 772 537 812 ln
573 771 772 810 tractatu
806 766 860 810 de
897 766 992 810 iure
1035 764 1211 823 publico
1245 765 1554 810 ecclesiastico
1599 768 1860 823 expositum
1909 770 2010 813 est*

233 864 460 909 quaenam
487 849 787 907 parochorum
814 848 938 906 origo
961 847 1019 892 sit
1037 848 1268 893 historica.
1298 849 1525 894 Parochus
1546 849 1786 895 definitur:
1810 864 2011 907 persona

233 935 435 991 leye'time
473 948 528 978 ac·
570 932 935 976 irrevocabiliter
980 932 1204 988 deputata
1248 932 1311 975 ad
1349 932 1787 977 administrandum
1821 936 2015 991 proprio

235 1020 423 1061 nomine
456 1023 497 1060 et
523 1019 570 1061 vi
590 1015 737 1075 officii
765 1017 963 1072 suseepti
989 1015 1179 1059 verbum
1221 1018 1300 1059 Dei
1331 1021 1372 1059 et
1401 1023 1705 1061 sacramenta
1738 1023 1858 1061 certo
1895 1018 2013 1062 dioe-

234 1113 510 1144 cesanorum
547 1112 741 1142 »minero
783 1101 832 1142 in
867 1099 1176 1143 determinato
1223 1101 1456 1142 territorio
1491 1101 1785 1143 existentiam
1809 1099 1841 1144 ².
1882 1103 2013 1144 quta

233 1197 369 1242 quam
403 1181 719 1226 definitionem
753 1186 933 1226 constat
967 1182 1216 1239 parochum
1250 1181 1296 1226 in
1331 1181 1637 1226 determinato
1679 1182 1926 1237 territorio,
1962 1196 2015 1228 ac

235 1267 278 1311 in
333 1271 509 1311 certum
561 1265 761 1309 fidelium
811 1278 1057 1308 numerum
1107 1264 1469 1309 iurisdictionem
1523 1279 1739 1310 exercere
1786 1269 2011 1324 oportere.

234 1358 382 1405 Quare
417 1351 502 1394 hoc
539 1363 629 1392 non
667 1347 856 1405 impedit
878 1347 1126 1406 quominus
1148 1347 1194 1391 in
1219 1347 1379 1392 eodem
1405 1347 1634 1391 territorio
1668 1347 1783 1392 duae
1818 1349 1890 1392 vel
1922 1353 2015 1392 tres

235 1434 476 1492 parochiae
510 1432 767 1478 habeantur
799 1446 843 1475 v.
881 1446 945 1488 gr.
980 1457 1011 1464 -
1044 1431 1255 1488 parochia
1293 1445 1371 1490 pro
1406 1429 1576 1488 Anglis,
1612 1435 1657 1475 et
1690 1430 1902 1488 parochia
1937 1445 2016 1489 pro

235 1517 387 1564 Gallis.
425 1543 451 1549 -
487 1516 715 1561 Parochus
748 1515 792 1558 vi
827 1514 966 1559 officii
989 1528 1042 1559 ac
1067 1513 1254 1559 nomine
1278 1513 1457 1572 proprio
1491 1512 1855 1559 iurisdictionem
1886 1528 2014 1558 exer-

235 1606 321 1646 cet.
363 1606 549 1659 Insuper
583 1599 769 1645 Parochi
805 1598 1075 1657 regulariter
1097 1598 1418 1643 inamovibiles
1450 1601 1558 1642 sunt
1580 1603 1807 1657 quatenus
1832 1598 2014 1643 nonnisi

234 1698 291 1728 ex
325 1697 461 1728 causa
496 1682 542 1726 in
577 1682 674 1726 iure
707 1694 921 1740 expressa
953 1695 1006 1726 ac
1028 1680 1226 1725 iudiciali
1263 1693 1474 1738 processu
1508 1680 1754 1738 praemisso
1788 1680 2015 1728 removeri

236 1772 439 1827 possunt.
476 1771 715 1813 Caeterum
742 1766 1044 1824 parochorum
1071 1764 1431 1809 inamovibilitas
1463 1778 1521 1808 ex
1554 1763 1721 1820 duplici
1745 1764 1893 1822 capite
1917 1778 2016 1822 pro-

236 1853 396 1898 cedere
432 1856 579 1910 potest
612 1865 776 1908 nempe
803 1849 873 1893 vel
897 1848 1002 1908 quia
1037 1849 1262 1906 parochus
1285 1854 1353 1892 est
1384 1848 1525 1892 etiam
1559 1847 1877 1892 beneficiarius
1909 1863 2017 1907 qua-

234 1941 368 1981 tenus
411 1935 495 1980 iuri
543 1939 759 1992 perpetuo
795 1931 1072 1991 percipiendi
1107 1933 1283 1977 fructus
1323 1946 1379 1976 ex
1414 1930 1545 1976 bonis
1582 1931 1903 1976 ecclesiasticis
1940 1945 2017 1976 au-

236 2020 448 2064 ctoritate
480 2017 788 2063 ecclesiastica
822 2031 930 2061 cura
964 2016 1224 2061 animarum
1258 2015 1437 2060 adnexa
1472 2019 1555 2071 est,
1593 2015 1666 2059 vel
1704 2015 1809 2074 quia
1842 2015 2016 2060 inamo-

237 2103 437 2147 vibilitas
470 2117 493 2146 a
528 2102 622 2159 lege
656 2113 869 2158 expresse
913 2099 1088 2144 sancita
1124 2104 1206 2144 est.
1255 2102 1366 2144 Cum
1395 2097 1714 2142 Tridentinum
1763 2097 2016 2143 Concilium

235 2187 449 2231 statuerit
481 2190 531 2229 ut
563 2200 652 2244 quo
688 2185 830 2241 magis
863 2183 958 2228 fieri
1002 2183 1142 2241 possit
1180 2182 1364 2240 parochi
1404 2181 1496 2225 sint
1538 2181 1880 2236 inamovibiles‚
1921 2180 2017 2239 Epi-

237 2283 398 2328 scopus
434 2268 669 2327 parochias
701 2267 873 2325 erigere
916 2281 1008 2312 non
1046 2271 1196 2325 posset
1238 2266 1322 2310 hoc
1362 2264 1496 2309 modo
1538 2268 1589 2308 ut
1623 2263 1804 2321 parochi
1838 2264 1931 2309 sint
1961 2263 2016 2308 ad

237 2360 402 2400 nutum
437 2353 708 2398 amovibiles
741 2352 825 2396 nisi
873 2352 997 2396 Sedis
1031 2351 1314 2410 Apostolicae
1356 2349 1639 2394 interveniat
1669 2348 1932 2394 auctoritas,
1966 2351 2015 2393 In

237 2437 437 2485 Concilio
462 2437 596 2482 tertio
619 2435 948 2481 Baltimorense
975 2449 1052 2493 pro
1077 2434 1271 2479 statibus
1295 2432 1553 2478 Foederatis
1579 2432 1814 2478 Amet-icae
1837 2436 2017 2490 septen-

236 2521 443 2567 trionalis
476 2525 701 2566 statutum
741 2523 809 2564 est
847 2519 967 2578 quod
991 2532 1095 2561 eum
1136 2517 1315 2562 illarum
1354 2516 1656 2562 Ecclesiarum
1689 2515 1891 2560 conditio
1925 2528 2017 2559 non

237 2605 359 2650 sinat
390 2608 441 2647 ut
473 2603 529 2648 ad
551 2602 760 2647 tramites
797 2600 1049 2646 Tridentini
1084 2598 1272 2645 Concilii
1312 2611 1473 2643 omnes
1515 2597 1786 2643 missionum
1820 2601 2020 2641 rectores

238 2701 317 2733 seu
350 2686 535 2746 parochi
570 2686 663 2730 sint
691 2683 1029 2739 inamovibiles‚
1055 2683 1383 2728 Baltimorense
1415 2681 1662 2726 concilium
1696 2680 1936 2726 constituit
1967 2683 2019 2724 ut

238 2771 428 2831 quisque
477 2770 681 2815 decimus
720 2767 1031 2813 inamovibilis
1074 2766 1159 2821 sit,
1195 2765 1573 2824 conditionesque
1615 2763 1777 2809 statuit
1817 2767 1916 2808 tum
1959 2776 2017 2808 ex

360 2951 366 2969 ¹
397 2950 467 2986 cfr.
491 2949 676 2986 Elementa
701 2948 794 2984 iuris
823 2947 978 2993 pubblici
1004 2945 1241 2983 ecclesiastici.
1269 2945 1430 2985 Somem,
1459 2943 1501 2980 de
1529 2943 1710 2979 Ecclesiae
1734 2941 2017 2988 organizatione.

360 3023 372 3042 ¹
399 3022 468 3059 Cir.
495 3020 591 3056 Trid.
618 3018 755 3056 Concil.
783 3017 879 3055 Sess.
905 3016 964 3060 24,
992 3026 1022 3053 c.
1052 3016 1105 3058 13,
1133 3015 1364 3060 deReform.
