2176 3386
1743 7 1745 10 ⁴
1756 8 1760 18 ν,
1772 0 1800 25 ⁵⁷5.
1812 0 1917 33 wvsuy
1925 0 2030 22 »mr-,vsv-
2071 27 2087 37 ν

247 155 300 194 98
890 166 999 195 PARS
1027 166 1052 195 1.
1088 167 1144 195 DE
1172 166 1383 195 Pl-:Rsoms

247 274 360 319 stica
384 273 546 318 statuit
568 279 619 318 ut
641 278 688 318 et
709 273 1142 320 excommunicatus
1166 274 1436 332 rescriptum
1461 273 1669 319 obtinere
1692 274 1833 332 possit
1855 276 1901 331 a)
1927 275 2024 319 sive

249 357 294 401 in
330 358 422 416 ipsa
458 371 594 402 causa
627 357 1126 403 excommunicationis
1161 359 1174 381 ¹
1207 358 1248 415 b)
1282 357 1381 402 sive
1414 357 1460 401 in
1495 356 1645 402 causis
1667 357 1882 402 civilibus
1903 357 1918 381 2
1946 362 2026 402 aut

247 440 562 485 criminalibus
595 444 779 485 ratione
812 441 1141 498 appellationis
1169 439 1336 499 'quibus
1368 453 1415 484 se
1448 439 1617 485 iniuste
1649 445 1892 498 gravatum
1927 454 2024 499 per-

247 523 431 569 sentiat.
488 525 621 569 Hisce
654 524 860 582 exccptis
911 523 1182 581 rescriptum
1223 525 1280 567 ab
1321 522 1729 567 excommunicato
1783 523 2023 568 obtentum

246 611 316 652 est
348 610 443 664 ipso
477 610 580 651 iure
613 608 789 651 nullum
825 607 856 651 ³.
898 612 1007 653 [tem
1042 607 1097 650 de
1141 605 1386 650 haereticis
1419 620 1524 650 cum
1573 605 1666 650 sint
1707 604 2024 650 excommuni-

247 691 337 736 cati
371 691 403 733 ¹⁴.
441 690 659 734 Similiter
694 695 876 749 propter
911 689 1082 734 fraudis
1117 689 1368 747 periculum
1402 688 1502 748 quis
1535 702 1627 733 non
1653 692 1802 747 potest
1826 701 1904 745 pro
1926 687 2026 732 aliis

248 776 474 830 rescripta
508 775 710 818 matildae
743 772 966 827 obtinere,
1003 772 1039 816 si
1074 786 1167 817 non
1201 772 1367 816 habeat
1399 771 1593 830 speciale
1630 771 1916 827 mandatum,
1951 772 2025 815 vel

246 857 407 901 sallem
442 856 718 901 coniunctus
752 870 842 900 non
878 855 937 900 sit
973 854 1157 900 xinculo
1179 855 1432 913 sanguinis,
1468 869 1554 900 nec
1577 859 1758 899 constet
1789 855 1843 899 de
1865 869 2024 899 eorum

247 940 477 984 contraria
514 941 750 984 voluntate
786 940 815 983 5.
854 943 991 983 Secus
1023 939 1269 983 dicendum
1303 939 1357 982 de
1390 941 1625 995 rescriptis
1656 940 1843 995 qratiae
1870 939 1886 963 ⁶
1919 951 2024 981 con-

249 1027 314 1066 tra
352 1022 730 1067 panormitanum
766 1024 795 1066 ⁷.
834 1026 949 1067 Sunt
981 1026 1138 1066 tamen
1172 1021 1248 1081 qui
1282 1021 1402 1065 idem
1446 1021 1606 1065 dicunt
1651 1020 1890 1064 inductum
1929 1033 2025 1065 esse

247 1106 393 1165 quoad
428 1106 646 1163 rescripta
680 1105 897 1161 iustitiae,
933 1110 980 1149 at
1002 1119 1161 1150 eorum
1186 1104 1430 1149 affirmatio
1453 1103 1641 1161 probata
1666 1117 1759 1147 non
1784 1102 1968 1147 videtur
1990 1101 2021 1145 ⁸.

739 1244 779 1287 (ly)
878 1244 935 1279 De
962 1244 1000 1279 υἱ
1028 1243 1201 1279 iuridicu
1227 1242 1525 1289 rescriptorum.

370 1356 465 1399 151.
505 1355 581 1399 Vis
614 1353 938 1411 rescriptorum
973 1356 1039 1397 esl
1075 1351 1406 1397 consideranda
1443 1351 1480 1406 l)
1509 1350 1649 1394 relate
1673 1332 1729 1394 ad
1750 1355 1907 1406 partes
1928 1347 2025 1407 qui-

247 1438 329 1482 bus
364 1437 634 1495 rescriptum
669 1440 866 1490 constat,
905 1438 946 1491 2)
984 1435 1125 1479 relate
1159 1435 1213 1479 ad
1254 1437 1327 1479 ius
1369 1434 1487 1494 quod
1537 1433 1663 1489 dicit,
1709 1433 1750 1488 5)
1788 1433 1929 1477 relate
1963 1432 2026 1477 ad

247 1528 425 1578 tempus
457 1535 545 1579 quo
578 1521 792 1565 effectum
827 1519 979 1564 habet.
1037 1523 1089 1563 Et
1130 1519 1278 1575 quoad
1322 1518 1522 1575 primum
1563 1517 1780 1575 probatur
1822 1516 1919 1559 vim
1958 1529 2025 1559 re-

246 1604 401 1662 scripti
436 1604 482 1648 in
518 1608 644 1662 parte
683 1603 950 1662 dispositiva
986 1602 1296 1660 reponendam
1330 1615 1454 1657 esse;
1500 1601 1622 1660 quod
1655 1600 1844 1644 iuridice
1882 1603 1929 1643 et
1962 1598 2026 1642 hi-

247 1690 412 1734 storice
445 1689 676 1747 probatur.
716 1687 949 1741 Iuridice;
984 1685 1175 1740 etenim,
1212 1684 1485 1744 rescriptum
1518 1698 1575 1728 ex
1600 1682 1832 1728 Pontificis
1864 1682 2025 1727 volun-

246 1779 340 1819 tate
377 1774 469 1817 iim
505 1774 658 1826 habet,
696 1771 844 1830 prouti
877 1771 932 1815 de
965 1769 1179 1815 omnibus
1211 1768 1384 1825 legibus
1417 1771 1486 1812 est
1508 1766 1771 1821 dicendum,
1797 1763 1922 1823 atqui
1947 1777 2025 1808 vo-

246 1859 400 1902 luntas
434 1856 666 1902 Pontiticis
700 1870 792 1900 non
818 1854 1143 1900 manifestatur
1166 1852 1252 1897 nisi
1277 1852 1322 1896 in
1351 1857 1476 1910 parte
1502 1851 1785 1908 dispositiva.
1823 1853 1873 1893 In
1898 1852 2025 1906 parte

247 1940 371 1986 enim
406 1942 662 1985 narrativa
697 1939 911 1997 Princeps
945 1951 1042 1982 sese
1076 1936 1263 1995 praebet
1282 1937 1347 1979 uti
1375 1933 1663 1986 historicum,
1701 1931 1747 1976 in
1774 1935 1900 1989 parte
1920 1944 2025 1987 per-

246 2026 435 2069 suasz'va
469 2037 566 2067 sese
601 2023 785 2081 praebet
817 2021 881 2065 uti
919 2021 1069 2065 virum
1104 1996 1420 2064 doctissimum
1453 2016 1529 2076 qui
1575 2015 1686 2060 iuris
1719 2013 2025 2072 dispositioni-

247 2106 329 2150 bus
366 2105 568 2163 rescripti
603 2104 824 2149 iustitiam
859 2104 1034 2148 suadet.
1071 2101 1295 2147 Historice
1329 2114 1433 2144 cum
1469 2099 1525 2143 ad
1550 2097 1737 2142 modum
1759 2095 2026 2140 attendatur

247 2203 335 2247 quo
371 2202 511 2247 usque
544 2187 601 2231 ab
633 2186 910 2245 antiquitate
944 2185 1165 2243 rescripta
1199 2186 1466 2228 exarantur.
1518 2178 1782 2239 Antiquitus
1820 2183 1866 2222 et
1899 2191 2024 2236 prae-

248 2273 404 2318 sertim
442 2271 589 2317 media
623 2275 773 2316 aetate
798 2270 843 2314 in
880 2283 1005 2314 more
1039 2268 1237 2326 positum
1270 2270 1369 2311 erat
1401 2269 1452 2309 ut
1499 2278 1591 2308 non
1635 2262 1770 2307 modo
1813 2265 2026 2306 Summus

251 2355 477 2410 Pontifex,
514 2354 591 2399 sed
616 2358 660 2398 et
689 2351 891 2410 Episcopi
926 2357 971 2396 et
1006 2352 1217 2406 Abbates,
1246 2350 1336 2394 imo
1361 2353 1407 2393 et
1428 2347 1661 2404 Principes
1685 2344 1888 2404 proprios
1917 2346 2026 2401 Cap·

369 2529 376 2547 ¹
406 2529 493 2574 Cap.
521 2527 563 2563 [il
592 2527 636 2563 dc
662 2525 881 2570 Praescripl.
910 2524 946 2558 in
974 2523 1156 2558 Decretal.

367 2600 380 2618 ²
407 2599 460 2635 Cf.
487 2599 779 2638 REIFFENSTUEL,
807 2596 827 2631 l.
856 2596 882 2637 I,
911 2600 933 2630 t.
962 2594 1022 2636 III,
1050 2598 1063 2634 ἓ
1092 2593 1134 2636 11,
1164 2603 1222 2639 op.
1251 2594 1307 2629 ius
1335 2601 1470 2628 canon.
1499 2591 1659 2628 univers.

369 2672 380 2690 ³
408 2672 494 2716 Gap.
524 2671 539 2706 l
570 2670 614 2706 de
641 2669 809 2714 rescript.
837 2668 874 2703 in
897 2667 944 2702 6⁰.

367 2743 381 2762 ¹*
407 2744 445 2779 L.
472 2743 493 2779 2
520 2742 606 2778 Cod.
633 2741 678 2777 de
705 2741 803 2777 Sum.
832 2739 960 2774 Trinil.

369 2815 381 2834 ³
408 2815 444 2852 C.
472 2813 599 2855 28-55,
627 2812 662 2848 h.
689 2818 724 2856 t.;
751 2811 773 2846 l.
799 2810 844 2845 24
871 2809 957 2846 Cod.
985 2809 1029 2845 de
1057 2811 1255 2853 procurat.;
1283 2807 1305 2842 l.
1333 2806 1389 2848 55,
1418 2805 1439 2841 l.
1466 2804 1512 2841 ῐιΟ
1537 2804 1580 2840 de
1607 2806 1792 2848 procurat.
1822 2799 1858 2835 fl.

369 2886 383 2907 ⁶
410 2887 449 2922 L.
475 2885 497 2921 6
524 2885 568 2921 de
596 2893 705 2920 rcscr.
732 2886 767 2918 et
793 2891 872 2927 cap.
900 2880 945 2916 24
973 2880 1017 2916 de
1036 2879 1166 2915 Praeb.

368 2958 381 2977 ⁷
410 2958 495 3003 Cap.
522 2956 578 3000 20,
606 2955 658 2991 tit.
684 2953 728 2998 V,
754 2954 776 2990 l.
804 2954 830 2990 Ι.

369 3029 383 3050 ⁸
409 3031 559 3066 Zl'rssLLl
586 3028 629 3064 de
656 3027 854 3072 dispensat.
881 3028 987 3060 malr.
1016 3032 1046 3058 e.
1072 3022 1105 3065 2,
1131 3032 1163 3058 a.
1190 3021 1211 3057 Ξ
1237 3020 1381 3065 Proleg.
