2176 3386
518 161 648 191 Lmen
675 162 699 190 1.
735 161 792 190 οε
822 160 960 189 REBUS
989 159 1225 188 ficcfflsmss
1254 159 1582 189 smni‘rUALlssus
1863 149 1943 189 289

159 270 311 316 emitti
343 270 479 315 debet
509 271 594 314 sub
625 282 771 328 poena
804 267 1045 313 eiectionis
1075 281 1101 312 a
1134 267 1360 325 Collegio,
1399 280 1483 312 nec
1515 267 1624 311 iilud
1662 266 1844 312 differre
1877 267 1943 313 eis

160 354 268 398 lieet
308 353 424 397 ultra
468 357 669 397 aetatem
704 351 750 395 in
783 351 967 396 decreto
1003 350 1110 395 Urb.
1144 352 1242 395 VIII
1284 350 1627 408 praescriptam.
1680 351 1944 410 Superiores

164 451 274 481 xero
295 437 379 481 sub
402 450 545 493 poena
569 434 882 493 suspensionis
915 434 1087 478 nullam
1113 434 1198 478 hac
1223 433 1268 478 in
1297 448 1341 478 re
1371 433 1639 478 dilationem
1677 435 1942 493 permittere

165 524 368 577 possunt,
406 518 491 563 nisi
525 532 583 562 ex
617 518 744 575 gravi
778 531 914 563 causa
965 532 1042 576 per
1091 517 1233 575 ipsam
1285 519 1468 562 Sacram
1508 521 1726 576 Congreg.
1764 519 1945 577 scriptis

164 602 411 660 probanda.
465 606 548 646 Leo
583 605 681 646 xm
721 601 765 644 in
800 601 903 645 aud.
941 602 990 645 51
1030 600 1225 645 ianuarii
1264 601 1374 645 1886
1410 601 1553 646 firmis
1595 602 1946 648 remanentibus

163 684 359 729 decretis
390 685 558 740 citatis,
597 684 783 728 indulsit
818 684 927 728 Eme
960 684 1089 728 Card.
1131 685 1362 727 Praefecto
1385 684 1544 728 Ioanni
1571 685 1771 729 Simeoni
1808 686 1944 730 Iacui-

164 770 307 810 tatem
356 766 593 811 differendi
637 766 883 810 iuramenti
935 767 1309 824 praestationem,
1345 767 1595 812 dummodo
1643 768 1761 812 adsit
1808 783 1944 814 eausa

165 848 318 906 gravis
350 849 406 892 ab
438 849 595 892 eodem
631 849 945 906 cognoscenda
981 854 1027 892 et
1061 849 1319 893 iudicanda.

290 933 412 976 1269.
450 931 702 985 Qualitates
735 931 899 991 quibus
935 931 1124 990 praediti
1159 946 1256 977 esse
1289 932 1459 978 debent
1494 934 1687 979 iuvenes
1721 935 1764 979 in
1806 935 1946 981 Colle-

165 1015 288 1072 gium
324 1014 583 1073 cooptandi,
620 1020 753 1060 sunt:
798 1018 831 1070 1)
860 1021 910 1060 111
945 1016 1145 1061 minores
1179 1031 1270 1062 non
1306 1017 1398 1061 sint
1430 1023 1582 1063 aetate
1612 1021 1662 1063 15
1686 1035 1943 1078 ann‹›ru1n;

165 1099 207 1153 2)
244 1102 295 1142 ut
327 1098 479 1156 lingua
514 1098 655 1142 latina
679 1098 772 1143 sint
796 1099 987 1156 initiati3
1025 1101 1065 1155 5)
1094 1105 1144 1145 ut
1177 1101 1406 1158 gaudeant
1437 1102 1552 1146 bona
1582 1104 1845 1148 valetudine
1870 1119 1948 1162 per

165 1181 536 1228 testificationem
573 1183 736 1227 medici
772 1184 1137 1241 comprobanda;
1189 1187 1232 1237 4)
1272 1190 1320 1229 111
1353 1186 1640 1243 sponsalibus
1674 1189 1745 1232 vel
1792 1189 1947 1233 matri-

170 1265 324 1309 monio
360 1266 484 1324 ligati
520 1281 611 1311 non
646 1267 760 1323 sint;
805 1268 845 1323 5)
874 1274 923 1312 ut
959 1269 1251 1314 vocationem
1286 1270 1342 1314 ad
1375 1275 1548 1315 statum
1584 1272 1945 1317 ecclesiasticum

174 1348 400 1406 habeant,
454 1352 494 1398 6)
533 1355 583 1393 ut
608 1350 806 1408 suscepti
842 1351 1128 1408 baptismatis
1159 1357 1205 1396 et
1238 1353 1603 1399 confirmationis
1626 1356 1950 1403 testificatione

166 1431 378 1476 instructi
413 1432 530 1489 sint;
567 1434 608 1490 7)
637 1438 687 1477 ut
723 1439 900 1478 tantam
946 1435 1166 1493 pecuniae
1209 1449 1440 1482 summam
1475 1438 1740 1497 deponant,
1775 1446 1948 1499 quanta

169 1514 426 1559 necessaria
460 1519 530 1559 est
562 1530 640 1573 pro
674 1516 822 1560 reditu
860 1517 903 1561 in
940 1518 1150 1575 patriam.

288 1695 329 1730 In
355 1694 651 1740 Congregatione
678 1696 842 1740 generali
871 1696 893 1731 5
922 1696 998 1732 iulii
1029 1697 1120 1733 1855
1146 1698 1335 1735 decretum
1368 1700 1436 1735 fuit
1469 1701 1662 1737 formulam
1701 1703 1949 1746 iurisiurandi,

167 1776 263 1812 quae
290 1766 449 1803 alumnis
478 1767 714 1813 proponitur,
741 1768 887 1803 extendi
915 1769 963 1804 ad
989 1769 1159 1814 quamvis
1193 1771 1384 1815 regionem
1412 1771 1468 1807 vel
1495 1772 1729 1815 missionem,
1758 1778 1866 1819 prout
1899 1775 1949 1811 iu-

169 1836 307 1867 rantem
335 1832 520 1868 destinare
548 1832 835 1878 congregationi
865 1834 1040 1880 placuerit
1050 1846 1060 1878 3
1087 1845 1203 1882 eaque
1232 1836 1391 1873 formula
1418 1839 1636 1883 proponitur
1660 1839 1820 1876 alumnis
1848 1850 1952 1886 prae-

168 1905 292 1940 sertim
321 1904 364 1940 de
391 1914 487 1941 novo
527 1906 900 1950 supervenientibus,
927 1913 989 1944 aut
1026 1908 1168 1944 admitti
1206 1910 1415 1954 petentibus
1451 1920 1494 1946 eo
1523 1912 1652 1947 maiori
1685 1921 1850 1956 numero,
1877 1922 1951 1958 quo

170 1977 247 2013 fieri
275 1978 419 2023 poterit.

288 2051 343 2086 Ex
370 2050 461 2086 decl.
489 2050 586 2087 Seor.
614 2050 651 2087 Si
678 2060 752 2087 non
779 2052 974 2088 mittuntur
999 2052 1044 2088 ab
1064 2053 1272 2099 Episcopis,
1299 2059 1498 2100 antequam
1518 2056 1565 2091 ab
1585 2056 1675 2101 ipsis
1703 2056 1952 2099 admittantur,

171 2122 381 2167 petendum,
408 2127 446 2158 ut
473 2123 588 2168 parati
609 2123 679 2159 sint
706 2124 875 2169 quamvis
893 2125 996 2161 adire
1024 2126 1232 2170 regionem:
1262 2127 1441 2163 hactenus
1470 2133 1591 2163 tamen
1612 2128 1768 2164 formula
1788 2129 1952 2165 nondum

170 2193 238 2230 fuit
263 2198 426 2230 extensa.

290 2264 505 2308 Quaesitum
534 2265 600 2302 suit
625 2275 646 2301 a
673 2266 713 2301 R.
740 2266 778 2302 P.
806 2266 846 2302 D.
874 2267 1018 2312 Ignatio
1045 2268 1237 2304 Cadolinio
1265 2278 1391 2305 sacrae
1420 2270 1726 2315 Cong1·egati0nis
1753 2270 1797 2305 de
1816 2270 1955 2316 Propa-

172 2335 293 2381 ganda
318 2336 406 2372 Fide
433 2346 454 2373 a
481 2337 643 2379 seeretis,
672 2341 709 2374 ut
736 2339 1054 2376 eminentissimus
1073 2340 1284 2377 Praefectus
1303 2351 1368 2386 pro
1388 2345 1553 2386 tempore
1580 2341 1743 2377 existens
1763 2341 1954 2378 decretum

171 2407 462 2453 suprascriptum
491 2408 650 2454 benigne
677 2410 910 2456 interpretari
939 2411 1056 2456 possit
1083 2412 1304 2448 coarctando
1335 2412 1416 2458 pius
1444 2412 1499 2448 vel
1528 2413 1650 2449 minus
1678 2413 1778 2449 vocis
1806 2414 1955 2459 provin-

171 2479 249 2514 ciae
277 2489 438 2522 sensum,
467 2485 574 2525 prout
598 2480 678 2516 sive
704 2480 774 2517 loci
802 2482 880 2517 sive
908 2491 1087 2527 personae
1125 2483 1301 2520 adiuncta
1339 2484 1525 2529 postulare
1554 2483 1771 2520 viderentur.
1807 2484 1862 2520 Ex
1889 2493 1957 2520 au-

171 2548 309 2585 dientia
333 2550 459 2586 habita
483 2551 542 2587 die
567 2551 589 2587 4
616 2551 822 2588 decembris
848 2562 906 2588 an.
935 2552 1026 2589 1842
1054 2553 1190 2590 SSffius
1217 2555 1347 2590 annuit
1373 2564 1438 2600 pro
1465 2555 1582 2599 gratia
1610 2554 1713 2591 iuxta
1739 2555 1862 2600 petita.

298 3095 618 3129 Zi'ri-:Lu-Soussnt.
645 3116 680 3120 —
705 3098 746 3130 ΙΙ
747 3123 755 3130 .
1793 3102 1832 3132 19
