2176 3386
1118 19 1122 22 .
1151 0 1523 28 uxnwvwmw
1546 7 1563 14 -=
1583 1 1612 21 r.
1673 16 1686 24 ,
1719 23 1723 30 ,
1809 11 1814 20 v

211 175 290 215 446
851 185 961 214 PARS
990 185 1015 213 1.
1051 185 1106 213 DE
1136 183 1346 213 Pensoms

333 296 432 341 579.
453 296 582 350 Quod
604 295 640 343 si
666 297 899 354 Regularis
921 295 1095 341 eiectus
1116 295 1171 340 ad
1196 294 1433 340 meliorem
1456 295 1635 352 frugem
1657 293 1892 350 deveniat,
1916 292 1985 341 in·

214 381 356 424 vento
383 378 599 438 Episcopo
633 379 854 424 benevolo
881 382 1128 437 Receptore
1162 378 1219 423 ab
1241 379 1326 423 hoc
1359 377 1711 423 commendatus
1731 377 1788 423 ad
1811 379 1851 424 S.
1874 381 1988 423 Con-

214 460 525 520 gregationem
562 466 644 507 EE.
671 467 718 506 et
752 466 840 507 RR.
869 465 1076 507 recurrat
1106 475 1223 521 quae
1254 460 1496 506 Ordinario
1530 460 1809 506 necessarias
1839 465 1886 506 et
1912 475 1988 519 op-

214 551 434 605 portunas
486 547 728 592 facultates
775 545 950 590 tribuit.
1002 549 1191 603 Insuper
1241 543 1471 602 Regularis
1518 543 1851 589 Patrimonium
1903 542 1985 588 sibi

215 628 495 675 constituere
527 629 662 674 debet
693 643 746 675 ac
781 628 1050 687 Episcopum
1099 627 1374 674 benevolum
1408 627 1483 687 qui
1519 626 1645 672 illum
1690 627 1890 686 excipiat
1922 627 1990 672 in-

215 713 374 758 venire
407 713 533 758 illum
568 716 762 772 oportet.

943 895 1173 925 ARTlCULUS
1206 896 1261 924 VI.

830 1000 892 1041 De
925 998 1374 1043 Saecularizatione.

334 1129 433 1174 580.
474 1129 647 1173 Dicitur
694 1127 926 1186 Regularis
967 1126 1284 1172 saecularizari
1326 1126 1508 1185 quando
1541 1124 1815 1170 auctoritate
1850 1128 1901 1169 R.
1942 1127 1987 1168 P.

215 1213 333 1258 iusta
356 1213 410 1257 de
443 1226 579 1258 causa
615 1212 805 1257 facultas
828 1211 869 1255 ei
895 1210 1164 1256 conceditur
1197 1208 1458 1254 revertendi
1491 1208 1546 1253 ad
1579 1207 1831 1263 saeculum,
1857 1206 1990 1251 firmo

217 1300 435 1342 manente
467 1297 615 1356 quoad
648 1295 953 1341 substantiam
987 1299 1107 1339 statu
1143 1293 1352 1352 regulari.

336 1379 685 1425 saecularizatio
718 1383 787 1422 est
818 1382 1134 1437 temporanea,
1163 1376 1233 1421 xel
1267 1380 1497 1435 perpetua.
1533 1375 1595 1421 Ad
1629 1373 1992 1420 saecularizatio-

217 1477 298 1508 nes
330 1467 651 1521 temporaneas
700 1462 898 1521 pertinet
945 1460 1288 1506 saecularizatio
1320 1460 1373 1504 ad
1408 1474 1601 1514 annum,
1637 1459 1691 1504 ad
1735 1459 1991 1512 biennium,

216 1547 270 1591 ad
313 1545 700 1605 quinquennium,
735 1546 931 1590 durante
979 1544 1247 1589 infirmitate
1296 1544 1503 1599 oratoris,
1538 1543 1733 1588 durante
1782 1556 1988 1597 munere,

216 1629 411 1674 durante
446 1628 719 1673 necessitate
756 1631 1019 1683 Parentum,
1054 1628 1109 1672 ad
1143 1631 1307 1672 nutum
1342 1630 1382 1671 S.
1411 1627 1534 1672 Sedis
1565 1631 1653 1671 etc.
1694 1626 1869 1671 lndulta
1902 1639 1994 1670 sae-

217 1711 543 1756 cularizatione
597 1710 829 1768 Regularis
874 1711 1069 1755 solvitur
1110 1710 1166 1754 oh
1207 1710 1557 1768 obligationibus
1597 1723 1709 1769 quas
1752 1723 1830 1768 per
1881 1709 1992 1754 sole-

218 1807 375 1838 mnem
424 1793 753 1852 professionem
798 1793 1027 1850 suscepit,
1067 1792 1201 1837 sicuti
1234 1792 1354 1837 Ordo
1402 1793 1459 1837 ab
1490 1792 1840 1850 obligationibus
1888 1805 1992 1849 erga

219 1879 472 1936 regularem
522 1878 752 1923 liberatur.
793 1880 1006 1923 Attamen
1044 1877 1274 1935 Regularis
1321 1877 1461 1922 etiam
1494 1877 1539 1921 in
1574 1877 1753 1922 saeculo
1791 1875 1836 1920 in
1871 1880 1991 1921 statu

219 1960 426 2018 religioso
460 1966 633 2016 manet,
660 1960 721 2005 ita
755 1966 805 2005 ut
838 1964 1053 2005 teneatur
1084 1960 1327 2005 observare
1361 1964 1462 2004 vota
1497 1959 1644 2019 quoad
1677 1958 1992 2004 substantialia

218 2048 445 2103 quatenus
462 2057 567 2088 cum
594 2043 688 2088 vita
710 2044 893 2088 noviter
912 2047 1122 2101 suscepta
1146 2042 1455 2102 compatibilia
1473 2042 1580 2087 sint.
1603 2047 1751 2096 Quare
1770 2041 1815 2086 in
1835 2041 1992 2087 habitu

219 2125 416 2171 clericali
465 2125 636 2171 incedit
667 2127 846 2171 etiamsi
896 2126 1090 2171 interius
1121 2126 1301 2186 aliquod
1333 2125 1514 2183 signum
1560 2125 1777 2182 regularis
1814 2123 1997 2168 habitus

220 2209 419 2254 retinere
446 2213 676 2254 teneatur,
705 2209 947 2254 Ordinario
974 2209 1279 2254 obedientiam
1308 2213 1536 2268 praestare
1559 2211 1758 2253 tenetur.
1797 2211 1994 2266 lncapax

220 2297 288 2336 est
307 2291 517 2347 dominii,
542 2291 720 2336 etiamsi
755 2306 826 2336 res
859 2293 1132 2350 temporales
1164 2292 1362 2336 retinere
1395 2306 1448 2336 ac
1479 2290 1799 2336 administrare
1842 2291 1995 2335 valeat

220 2380 457 2434 tamquam
481 2374 827 2420 administrator
859 2375 1126 2420 earumdem
1150 2374 1478 2420 consideratur.
1515 2377 1859 2418 Testamentum
1887 2387 1994 2418 con-

220 2459 326 2503 dere
345 2472 437 2504 non
463 2463 626 2517 potest,
652 2457 838 2518 eiusque
855 2459 975 2504 bona
994 2458 1094 2503 Sedi
1113 2459 1366 2516 Apstolicae
1383 2458 1568 2504 cedunt.
1592 2457 1815 2503 Beneficia
1841 2471 1997 2503 saecu-

221 2541 331 2587 laria
367 2556 456 2586 non
482 2541 528 2586 in
564 2541 747 2586 titulum
772 2542 850 2587 sed
882 2542 1029 2587 solum
1054 2542 1099 2586 in
1133 2541 1579 2586 administrationem
1604 2541 1805 2599 recipere
1828 2543 1991 2599 potest.

222 2627 289 2671 Ab
309 2626 478 2672 Ordine
512 2625 638 2671 exire
671 2639 762 2671 non
797 2630 946 2684 potest
978 2625 1064 2670 nisi
1101 2626 1370 2684 Episcopum
1402 2625 1679 2670 benevolum
1713 2627 1994 2682 receptorem

220 2709 448 2764 inveniat,
483 2723 536 2754 ac
568 2709 623 2753 de
656 2708 963 2754 ecclesiastico
1010 2708 1287 2766 patrimonio
1319 2707 1400 2753 sibi
1436 2706 1700 2766 providerit,
1736 2719 1865 2774 secus
1901 2718 1995 2750 sus-

222 2806 390 2852 pensus
421 2793 478 2838 ab
509 2792 720 2838 ordinum
753 2792 975 2837 exercitio
1007 2797 1193 2837 maneat
1216 2793 1246 2837 ¹.
1740 2771 1744 2777 ¹

344 2983 353 3002 ¹
382 2984 579 3020 Decretum
606 2985 639 3021 S.
667 2984 704 3021 C.
730 2984 803 3020 EE.
830 2988 865 3020 et
891 2984 964 3020 RR.
991 2984 1012 3020 4
1038 2993 1121 3019 nov.
1150 2982 1250 3026 1892,
1277 2993 1311 3019 n.
1339 2984 1382 3020 V.
1408 2983 1572 3020 Praestat
1601 2983 1683 3019 heic
1710 2982 1849 3027 aliquid
1884 2991 1996 3027 expo·

224 3062 313 3089 nere
339 3053 383 3090 de
410 3053 608 3090 Tertiariis.
633 3054 799 3090 Tertiarii
825 3060 911 3091 sunt
936 3054 1011 3100 qui,
1033 3054 1213 3100 promissa
1237 3063 1360 3090 coram
1380 3053 1574 3100 superiore
1597 3052 1747 3099 regulae
1773 3051 1913 3098 proprii
1930 3050 1998 3087 Or-
