2176 3386
241 1033 282 1068 4.
311 1030 543 1068 Universum
591 1027 797 1074 Imperium
849 1026 1077 1063 Russiaeum

367 1079 408 1133 et
429 1079 610 1161 tRegnum
636 1075 816 1112 Poloniae
841 1074 969 1111 eidem
995 1074 1080 1110 sub-

368 1136 426 1162 ieo
448 1135 472 1161 u
515 1153 523 1161 .

243 1353 284 1389 5.
310 1350 539 1388 Provinciae
576 1349 786 1386 Rhenanae
825 1348 896 1384 sub
935 1347 1082 1384 ditione

370 1398 588 1435 Borussiea.

246 1497 287 1534 6.
311 1494 491 1540 Georgia.

370 382 603 425 NOMINA
634 376 919 423 LOCORUM
1105 325 1113 478 Ι
1430 377 1713 420 NOTANDA
1871 357 1874 359 ’
2098 351 2102 364 ‘

1183 524 1362 554 liditatem
1394 523 1707 554 matrimoniorum
1741 523 1932 553 mixtorum
1963 523 2002 552 in

1184 560 1351 590 Hibernia
1362 559 1541 598 proposito
1553 559 1598 588 ab
1612 558 1879 600 Archiepiseopo
1889 557 2003 588 dubli-

1184 595 1780 668 322532522955233319025552
1792 593 2002 659 fflaessii’

1186 675 1223 696 re
1241 667 1409 704 dignetur
1432 665 1661 696 matrimonia
1691 666 1804 695 mixta
1831 665 1903 694 sive
1925 671 2002 694 eon-

1185 706 1301 732 tracta
1319 702 1391 732 sive
1420 702 1657 732 contrahenda
1678 703 1713 730 in
1733 701 1911 737 Hibernia,
1931 707 2002 730 non

1184 741 1325 780 servata
1354 738 1466 768 forma
1497 737 1643 767 concilii
1668 737 1782 772 'ri-id,
1803 737 1833 766 si
1862 735 2002 765 nullum

1183 774 1282 804 aliud
1318 774 1434 803 obstet
1464 773 1672 803 canonicum
1710 772 2002 809 impedimentum

1184 818 1260 840 esse
1279 809 1407 849 illicite.
1426 809 1567 846 quidem
1582 808 1643 838 sed
1662 807 1790 843 valida,
1810 808 1883 837 sive
1900 807 1937 836 in
1957 806 2003 836 iis

1184 846 1270 875 locis
1286 846 1322 874 in
1341 845 1468 887 quibus
1482 847 1592 882 Caput
1610 846 1760 874 Tametsi
1773 843 2002 884 publicatum,

1185 882 1258 911 sive
1279 881 1315 910 in
1336 881 1379 910 iis
1402 881 1486 910 locis
1500 880 1535 909 in
1550 879 1677 917 quibus
1693 879 1913 916 publicatum
1933 885 2002 907 non

1185 918 1263 947 fuit.
1285 916 1537 946 sanctissimus
1558 922 1640 944 vero
1668 915 1789 944 eodem
1818 915 1875 944 die
1894 914 1928 943 id
1947 921 2004 943 ex·

1186 961 1306 991 presse
1324 952 1528 982 declaravit.

1151 1026 1199 1053 Ex
1213 1026 1338 1060 congr.
1353 1025 1435 1060 Neg.
1452 1024 1548 1052 Extr.
1565 1021 1653 1051 Eocl.
1667 1021 1851 1050 decretum
1871 1022 1925 1049 est
1944 1026 2002 1049 an.

1189 1061 1275 1101 1344:
1294 1069 1310 1086 «
1324 1058 1616 1096 Respondendum
1637 1060 1805 1086 oretenus
1827 1055 2006 1085 matrimo-

1189 1102 1247 1125 nia
1267 1098 1384 1124 mioeta
1403 1101 1494 1132 quae
1509 1094 1544 1122 in
1559 1095 1731 1122 Russiaco
1751 1095 1906 1126 Imperio
1919 1094 1954 1120 et
1968 1091 2004 1119 in

1188 1133 1309 1165 Reono
1324 1133 1493 1160 Poloniae
1505 1129 1595 1158 inita
1607 1129 1679 1158 sint
1693 1130 1834 1164 praeter
1854 1127 2005 1156 formam

1188 1174 1210 1196 a
1228 1166 1320 1196 Trid.
1343 1168 1443 1195 Cone,
1463 1165 1738 1202 praescriptam,
1759 1170 1835 1192 esse
1857 1163 2004 1199 pruden-

1190 1206 1246 1232 ter
1265 1201 1534 1236 dissimulanda.
1555 1203 1591 1240 et
1609 1199 1771 1237 quamvis
1797 1198 1924 1227 illicita
1943 1204 2006 1234 pro

1190 1237 1314 1268 validis
1335 1237 1506 1271 habenda.
1527 1236 1594 1265 nis1
1618 1240 1736 1264 tamen
1766 1234 1864 1264 aliud
1890 1234 2006 1263 obstet
2042 1235 2045 1238 ’

1189 1274 1396 1304 canonicum
1417 1272 1586 1301 dirimens
1606 1271 1900 1308 impedimentum
1914 1279 1941 1297 ».

1155 1341 1203 1367 Ex
1224 1338 1325 1367 Brevi
1346 1337 1397 1366 Pii
1417 1338 1490 1366 vm
1509 1336 1553 1365 ad
1573 1334 1683 1372 Episc.
1703 1333 1890 1364 Borussiae
1920 1333 2008 1362 Rhe·

1191 1381 1304 1403 nanae
1317 1380 1373 1403 an.
1396 1374 1475 1402 1830.

1155 1483 1203 1510 Ex
1224 1483 1350 1516 congr.
1370 1481 1402 1507 S.
1417 1480 1453 1507 Ο.
1467 1485 1522 1507 an.
1545 1479 1623 1506 1845.
1643 1475 1754 1505 Dubio
1767 1475 1942 1512 siquidem
1955 1482 2009 1503 ex-

1191 1517 1321 1551 citato;
1342 1522 1427 1544 num
1447 1521 1516 1543 non
1537 1512 1637 1542 modo
1657 1514 1838 1551 tamquam
1865 1510 2009 1551 illicita,

1191 1552 1251 1582 sed
1280 1554 1465 1589 praeterea
1493 1551 1676 1589 tamquam
1702 1547 1857 1576 invalida
1884 1547 2008 1576 haberi

1191 1588 1360 1618 deberent
1391 1585 1621 1615 matrimomo,
1651 1586 1835 1612 contracta
1866 1590 1908 1612 ex
1938 1588 2009 1611 una

1192 1626 1292 1661 parte
1311 1621 1497 1656 catholica,
1517 1628 1558 1649 ex
1575 1620 1693 1659 altera
1712 1621 1833 1648 autem
1861 1617 2007 1653 russina,

1193 1666 1312 1689 coram
1334 1657 1501 1687 ministro
1521 1656 1709 1691 haeretico,
1723 1655 1783 1683 ubi
1803 1653 2011 1684 contrahen-

1193 1701 1245 1725 tes
1268 1694 1300 1723 vi
1319 1695 1438 1731 legum
1459 1692 1608 1722 educare
1627 1690 1758 1720 liberos
1783 1693 1952 1719 tenentur
1972 1689 2009 1718 in

1192 1731 1364 1768 religione
1393 1727 1630 1768 schismaticum,
1653 1726 1836 1766 respondi-t
1861 1725 2011 1765 «Matri-

1193 1767 1311 1797 monia
1331 1766 1372 1795 de
1392 1765 1520 1802 quibus
1540 1771 1560 1793 a
1587 1766 1662 1791 itur
1682 1764 1827 1791 tametm
1847 1762 1918 1790 sint
1941 1761 2012 1790 ilh-

1192 1804 1274 1838 cita‚
1297 1806 1413 1832 tamen
1435 1803 1474 1830 ut
1496 1800 1564 1828 vali
1590 1806 1611 1828 a
1631 1798 1790 1828 habenda
1810 1805 1885 1827 esse
1901 1806 1926 1826 ».
