2176 3386
482 198 611 227 LIBER
639 199 668 226 1.
699 198 756 226 DE
786 198 924 227 REBUS
953 198 1190 228 ECCLESIAE
1219 198 1545 228 SPIRITUALIBUS
1797 181 1804 192 Ι
1827 187 1908 228 143

119 307 192 353 die
225 309 250 352 6
285 306 392 352 maii
430 306 539 351 1886
564 306 578 331 ¹
611 306 836 361 decrevit,
871 306 1074 351 Concilio
1110 306 1426 351 Baltimorensi
1468 299 1754 364 postulante,
1798 320 1900 365 sup·

123 391 383 451 plicandum
418 390 716 436 Sanctissimo
748 394 799 434 ut
830 390 1079 435 decernere
1111 389 1327 448 dignetur
1358 389 1406 434 in
1435 375 1637 436 Statibus
1661 391 1901 436 Americae

122 474 381 520 Foederatis
403 474 418 497 ²
451 487 499 519 se
531 475 864 519 transferentes
895 488 920 518 e
952 475 1051 519 loco
1079 474 1155 518 ubi
1183 473 1308 531 viget
1330 476 1435 532 Cap.
1467 477 1667 519 Tametsi
1690 476 1735 519 in
1759 475 1901 520 alium

119 558 288 612 locum,
323 557 573 601 dummodo
608 556 665 600 ibi
701 556 924 601 continuo
956 555 1230 602 commorati
1265 556 1439 601 fuerint
1472 571 1552 615 per
1583 556 1785 615 spatium
1814 557 1898 603 sal-

118 646 213 686 tem
248 640 384 686 unius
417 640 582 698 integri
617 641 788 685 mensis
820 646 866 685 et
897 645 1045 685 status
1077 639 1145 684 sui
1172 641 1429 685 libertatem
1457 640 1522 685 uti
1547 640 1658 686 iuris
1680 645 1750 686 est
1775 655 1903 687 com·

120 725 449 783 probaverint,
499 725 754 769 censendos
800 737 898 769 esse
943 724 1112 769 ibidem
1157 724 1324 769 babere
1366 725 1493 783 quasi
1533 725 1817 770 domicilium
1853 727 1899 771 in

116 809 277 854 ordine
309 809 365 854 ad
400 808 768 863 matrimonium,
803 808 914 868 quin
950 808 1185 868 inquisitio
1218 808 1427 854 facienda
1461 810 1519 854 sit
1550 810 1605 855 de
1638 809 1796 855 animo
1839 810 1901 855 ibi

119 891 418 950 permanendi
453 906 532 950 per
565 891 786 937 maiorem
821 892 932 937 anni
969 896 1161 950 partem.
1198 892 1522 938 Sanctissimus
1558 907 1667 938 vero
1702 895 1783 939 fer.
1822 898 1899 950 IV,

121 977 173 1021 12
206 976 292 1020 dic.
331 975 614 1033 praedictum
651 979 734 1020 EE.
775 979 853 1020 PP.
891 976 1128 1021 decretum
1162 989 1375 1034 suprema
1409 990 1491 1022 sua
1523 978 1800 1023 auctoritate
1831 993 1898 1023 ra»

117 1064 214 1104 tum
250 1060 417 1104 babere
450 1064 496 1104 et
529 1059 803 1104 confirmare
837 1059 1052 1117 dignatus
1089 1063 1189 1115 est,
1241 1060 1485 1105 contrariis
1532 1061 1902 1121 quibuscumque

118 1157 210 1188 non
245 1142 545 1188 obstantibus.

237 1227 336 1271 9⁶25.
375 1226 522 1285 Siquis
554 1227 730 1272 duobus
764 1227 808 1271 in
844 1228 954 1272 locis
986 1227 1297 1283 domicilium,
1343 1230 1414 1273 vel
1450 1229 1496 1273 in
1532 1243 1624 1274 uno
1657 1231 1785 1289 quasi
1819 1231 1897 1275 do-

117 1308 357 1364 micilium,
395 1309 438 1353 iu
474 1309 562 1354 alio
594 1310 880 1355 domicilium
914 1311 1068 1366 habet,
1096 1310 1139 1355 in
1167 1315 1389 1369 potestate
1413 1325 1493 1356 sua
1518 1316 1586 1356 est
1611 1317 1712 1356 utro
1736 1327 1898 1358 eorum

118 1393 262 1448 malit,
299 1393 648 1438 matrimonium
683 1397 972 1439 contrahere.
1014 1396 1240 1440 parochus
1272 1400 1427 1440 autem
1464 1396 1643 1451 ruralis,
1692 1396 1766 1441 ubi
1803 1412 1899 1442 mo·

117 1482 282 1521 rantur
315 1477 489 1521 nobiles
523 1477 835 1523 rusticationis
866 1492 1029 1534 causa,
1075 1493 1167 1523 non
1212 1483 1359 1537 potest
1403 1479 1551 1524 valide
1600 1481 1901 1525 matrimonio

115 1576 274 1606 eorum
309 1563 535 1607 assistere.

235 1645 335 1689 926.
374 1645 531 1699 Quoad
569 1646 851 1691 domicilium
895 1647 1199 1706 quarumdam
1245 1661 1570 1706 personarum,
1617 1649 1899 1708 praestiterit

116 1727 217 1772 heic
251 1733 434 1772 notare:
486 1730 524 1785 l)
561 1729 680 1788 quod
713 1729 789 1788 qui
823 1729 892 1774 sui
928 1730 1037 1775 iuris
1072 1745 1163 1774 non
1198 1736 1283 1786 est,
1321 1732 1462 1789 patris
1496 1733 1567 1776 vel
1609 1732 1775 1777 tutoris
1820 1732 1896 1777 do-

117 1810 338 1855 micilium
375 1812 560 1867 retinet,
595 1826 831 1871 quousque
865 1813 1012 1858 eidem
1050 1828 1139 1858 non
1176 1814 1439 1871 renuntiet;
1476 1816 1518 1870 2)
1544 1828 1662 1860 uxor
1689 1814 1897 1859 defuncti

116 1895 268 1939 mariti
303 1895 584 1940 domicilium
621 1897 758 1941 habet
789 1898 935 1942 donec
968 1898 1008 1942 ei
1043 1912 1135 1942 non
1181 1898 1443 1955 renuntiet;
1489 1899 1530 1951 5)
1569 1898 1784 1944 officiales
1819 1913 1896 1957 pu-

114 1978 235 2034 blici,
272 1980 550 2038 professores
582 1979 774 2024 alicuius
814 1981 1047 2026 facultatis
1081 1982 1152 2026 vel
1186 1981 1393 2040 discipuli
1428 1987 1472 2026 et
1507 1982 1580 2027 alii
1610 1981 1686 2041 qui
1714 1996 1897 2027 moran-

115 2067 191 2107 tur
223 2064 269 2108 in
303 2063 454 2123 aliquo
488 2064 586 2109 loco
620 2069 804 2123 propter
836 2065 1035 2110 officium
1074 2079 1163 2110 non
1201 2071 1504 2124 perpetuum,
1550 2067 1723 2111 habent
1767 2067 1896 2125 quasi

114 2146 395 2192 domicilium
431 2147 477 2192 in
511 2162 562 2192 ea
597 2148 806 2207 paroecia
840 2148 885 2192 in
919 2162 1007 2208 qua
1043 2149 1268 2205 incolunt,
1308 2152 1377 2206 (ac
1410 2149 1542 2194 simul
1578 2149 1784 2194 retinent
1819 2163 1896 2194 ve-

117 2245 216 2275 rum
250 2231 533 2277 domicilium
567 2231 690 2287 alibi)
727 2232 762 2276 si
798 2246 876 2290 per
907 2231 1088 2291 aliquod
1123 2231 1343 2292 temporis
1376 2231 1576 2291 spatium
1611 2231 1671 2276 ibi
1707 2245 1894 2277 versen-

115 2319 205 2370 tur,
231 2314 529 2374 animumque
563 2315 763 2360 habeant
795 2315 854 2359 ibi
878 2331 956 2375 per
978 2316 1210 2374 integrum
1234 2317 1397 2361 saltem
1421 2320 1642 2361 semestre
1666 2316 1893 2373 morandi;

113 2398 155 2454 4)
184 2397 367 2442 Alumni
402 2398 762 2443 Seminariorum
798 2400 870 2444 vel
904 2399 1223 2458 collegiorum,
1261 2400 1436 2457 puellae
1469 2399 1514 2443 in
1539 2399 1896 2444 Conservatorio

115 2481 188 2524 vel
211 2480 490 2525 Monasterio
513 2481 799 2526 educationis
822 2495 957 2527 causa
981 2483 1200 2540 degentes
1221 2487 1353 2527 extra
1377 2482 1617 2527 civitatem
1645 2483 1893 2541 propriam,

112 2564 240 2624 quasi
274 2564 559 2618 domicilium
594 2565 766 2610 habent
798 2565 845 2610 in
881 2566 1087 2624 paroecia
1121 2566 1168 2610 in
1202 2580 1290 2626 qua
1333 2567 1473 2611 situm
1516 2571 1586 2611 est
1623 2566 1896 2633 Collegium,

114 2648 439 2703 Seminarium,
459 2650 882 2705 Conservatorium,
909 2663 994 2694 nec
1018 2663 1180 2694 verum
1204 2649 1488 2694 domicilium
1512 2650 1751 2705 amittunt,
1773 2649 1893 2709 quod

233 2781 241 2800 ¹
270 2781 418 2818 Collect.
446 2792 483 2818 n.
514 2782 615 2819 1415.

234 2854 246 2871 ²
271 2853 508 2890 Domicilium
534 2854 591 2891 vel
617 2855 721 2901 quasi
748 2854 976 2891 domicilium
1004 2855 1085 2891 heic
1123 2854 1396 2892 aestimandum
1423 2859 1479 2891 est
1504 2864 1580 2891 non
1605 2865 1651 2892 ex
1679 2856 1755 2892 iure
1794 2857 1894 2902 quod

114 2924 213 2970 viget
239 2925 277 2960 in
302 2934 347 2961 eo
374 2924 454 2961 loco
479 2925 516 2961 in
543 2935 616 2971 quo
642 2926 920 2963 matrimonium
946 2927 1188 2969 contrahitur,
1215 2937 1272 2964 ex.
1300 2936 1354 2972 gr.
1382 2927 1420 2963 in
1440 2927 1586 2973 Anglia‚
1615 2927 1677 2964 ubi
1705 2928 1811 2973 quasi
1830 2927 1897 2964 do-

113 2994 295 3031 micilium
323 3004 461 3031 moram
487 2995 604 3041 exigit
630 2995 674 3032 15
700 2996 852 3039 dierum,
878 2997 942 3034 sed
967 3007 1012 3034 ex
1031 2997 1109 3034 iure
1128 2997 1320 3034 canonico.
1345 2997 1473 3043 Neque
1499 2997 1662 3048 suppleri
1691 3002 1810 3044 potest
1829 3007 1897 3044 per

113 3064 321 3111 simplicem
347 3065 632 3112 adscriptionem
662 3066 756 3102 inter
781 3066 998 3120 municipes.
1024 3067 1059 3119 S.
1087 3067 1123 3104 C.
1150 3067 1261 3105 Cone.
1287 3067 1334 3104 28
1358 3077 1445 3114 aug.
1474 3068 1576 3105 1864.
