2176 3386
226 187 306 227 380
864 198 974 228 PARS
1003 199 1028 228 1.
1066 199 1124 227 DE
1151 198 1363 227 pnnsoms

227 309 380 354 tutum
414 305 729 363 capitulariter
759 320 812 351 ac
843 305 1046 363 legitime
1079 306 1271 361 factum,
1309 305 1463 350 addito
1486 309 1641 350 tamen
1669 305 1874 364 Episcopi
1896 319 2005 352 con-

227 402 381 444 sensu,
406 389 442 433 si
467 391 583 434 forte
606 394 768 448 agatur
788 389 843 434 de
865 389 1126 447 abrogando
1149 392 1338 444 statuto,
1358 389 1478 447 quod
1503 389 1707 447 Episcopi
1730 390 2004 436 auctoritate

228 472 462 517 firmatum
489 474 626 517 fuerit
649 474 680 527 ¹,
718 473 790 517 vel
813 473 848 517 si
870 478 1032 531 agatur
1053 473 1108 517 de
1131 476 1304 516 statuto
1325 472 1446 531 quod
1468 476 1592 517 certe
1610 471 1707 517 eius
1728 474 2004 519 auctoritate

227 555 399 601 firmari
435 557 658 611 debuerit,
695 555 949 601 cuiusmodi
984 560 1052 601 est
1084 559 1311 600 statutum
1352 556 1472 615 quod
1516 560 1676 614 tangat
1718 560 1892 601 statum
1927 560 2006 602 Ec-

226 639 390 684 clesiae
424 640 497 684 vel
530 641 786 697 Capitulum
822 640 957 684 simul
991 645 1037 684 et
1074 638 1361 698 Episcopum.
1402 638 1603 698 Denique
1636 638 1868 697 abrogatio
1906 639 2003 684 fieri

228 728 378 782 potest
410 724 727 778 desuetudine,
763 737 879 782 qnae
914 723 1116 781 legitima
1149 727 1308 767 tamen
1343 723 1573 781 probanda
1606 726 1689 767 est.

346 807 474 860 Quod
508 811 663 851 autem
697 806 866 851 attinet
887 806 942 850 ad
966 810 1245 851 statutorum
1271 804 1718 863 interpretationem,
1749 805 1815 850 ait
1836 804 2007 849 citatus

228 893 405 944 auctor,
440 904 542 934 eam
580 889 834 934 faciendam
869 902 966 934 esse
998 890 1056 933 ab
1091 888 1324 947 Episcopo,
1360 888 1479 948 quod
1514 893 1564 932 ut
1596 892 1776 933 constet
1803 902 1909 934 eum
1935 887 2006 932 his

228 987 344 1032 quae
377 973 497 1017 dicta
531 978 654 1026 sunt,
690 972 935 1017 dicendum
973 972 1153 1017 videtur
1188 972 1230 1016 id
1263 971 1402 1016 asseri
1424 972 1479 1016 de
1502 971 1687 1016 statutis
1709 985 1825 1030 quae
1848 975 2004 1016 aucto-

230 1055 365 1100 ritate
401 1056 604 1115 Episcopi
640 1056 818 1100 firmata
854 1055 1042 1111 fuerint,
1079 1054 1357 1100 vel'lirmari
1391 1053 1647 1099 debuerint.

610 1190 627 1234 ξ
653 1190 685 1224 2.
713 1208 757 1214 ——
784 1189 842 1224 De
868 1188 1044 1235 Capituli
1070 1188 1210 1235 officiis
1237 1199 1284 1223 ac
1309 1186 1629 1233 obligJationibus.

347 1307 449 1352 484.
502 1307 633 1351 Hisce
671 1307 726 1350 de
760 1306 951 1364 Capituli
987 1305 1317 1350 constitutione
1353 1305 1635 1364 praemissis,
1672 1319 1724 1349 ea
1757 1305 2011 1348 succedunt

229 1404 345 1451 quae
371 1390 604 1448 pertinent
626 1390 680 1434 ad
705 1389 908 1433 eiusdem
933 1389 1078 1433 officia
1103 1394 1149 1433 et
1171 1388 1485 1446 obligationes.
1513 1392 1561 1432 In
1587 1386 1656 1432 his
1678 1392 1831 1431 autem
1853 1401 2007 1431 recen—

230 1472 382 1517 sendis
418 1473 767 1517 memorandum
813 1477 881 1517 est
921 1472 1041 1531 quod
1085 1471 1215 1516 initio
1260 1470 1663 1529 praemonuimus,
1707 1468 2007 1527 obligationes

229 1562 365 1616 atque
400 1557 563 1613 officia,
599 1571 714 1616 quae
750 1561 1007 1615 respectum
1043 1556 1214 1601 liabent
1245 1556 1298 1599 ad
1338 1555 1605 1613 Episcopum
1643 1554 1714 1598 vel
1746 1553 1802 1598 ad
1845 1553 2004 1597 Sedem

228 1640 530 1698 episcopalem
567 1645 830 1695 vacantem,
870 1640 913 1685 in
950 1639 1190 1698 postremis
1224 1639 1358 1683 huius
1390 1637 1575 1696 capituli
1603 1636 1804 1695 partibus
1826 1650 1851 1681 a
1878 1635 2007 1680 nobis

228 1724 487 1781 expositum
526 1724 595 1779 iri,
631 1724 834 1783 adeoque
869 1724 941 1768 llic
973 1724 1043 1781 agi
1077 1727 1259 1768 tantum
1293 1722 1346 1766 de
1382 1722 1482 1776 illis,
1518 1734 1634 1780 quae
1666 1719 1721 1764 ad
1756 1720 1903 1778 ipsum
1926 1721 2005 1764 Ca-

231 1807 423 1865 pitulum
467 1809 510 1851 in
555 1821 601 1852 se
645 1807 984 1852 consideratum
1020 1806 1266 1865 pertinent.
1313 1811 1520 1851 Iamvero
1562 1817 1794 1848 summum
1840 1801 2010 1859 praeci-

228 1905 459 1951 puumque
492 1892 708 1946 ollicium,
744 1892 873 1936 cuius
905 1905 1040 1936 causa
1075 1890 1291 1935 Canonici
1326 1903 1461 1947 supra
1495 1892 1671 1932 ceteros
1702 1887 1891 1932 clericos
1913 1885 2001 1930 ele-

229 1980 414 2030 vantur,
451 1975 634 2034 suisque
670 1975 937 2033 praebendis
969 1979 1212 2032 augentur,
1251 1973 1357 2017 illud
1381 1977 1466 2028 est,
1493 1977 1543 2016 ut
1564 1971 1775 2029 exemplo
1799 1984 1880 2016 suo
1903 1969 2003 2014 aliis

230 2058 538 2115 praeluceant,
575 2064 620 2102 et
654 2072 732 2115 per
762 2057 1036 2102 exercitium
1071 2059 1220 2102 cultus
1258 2056 1429 2111 divini,
1478 2055 1625 2114 populi
1673 2054 1890 2113 pietatem
1939 2054 2003 2098 fo-

230 2147 385 2187 veant.
426 2142 550 2186 [nde
585 2156 662 2200 pro
698 2141 954 2187 necessario
987 2155 1092 2185 eum
1137 2141 1222 2185 hoc
1262 2141 1409 2185 officio
1456 2155 1577 2185 nexu
1619 2143 1712 2183 tres
1761 2138 2000 2196 praecipue

229 2225 560 2271 canonicorum
603 2223 902 2282 obligationes
945 2225 1177 2268 numerari
1220 2225 1392 2279 solent,
1440 2223 1637 2268 scilicet:
1683 2222 1814 2268 Chori
1861 2221 2001 2266 servi-

227 2311 370 2367 tium3
409 2310 679 2366 residentia3
717 2309 934 2367 professio
969 2308 1069 2353 fidei
1103 2308 1234 2352 initio
1268 2308 1418 2366 adepti
1458 2307 1758 2353 canonicatus
1797 2306 2000 2364 legitime

231 2394 499 2439 emittenda.

348 2477 448 2521 485.
488 2480 546 2521 De
580 2475 711 2521 Chori
751 2474 941 2520 servitio
987 2474 1239 2519 videndum
1282 2478 1374 2519 est:
1430 2475 1467 2525 1)
1508 2473 1613 2533 quid
1654 2473 2007 2531 complectatur,
2133 2532 2136 2534 v

232 2560 274 2615 2)
301 2559 530 2618 quomodo
564 2561 871 2618 peragendum
905 2557 983 2615 sit;
1020 2558 1061 2611 5)
1094 2571 1180 2617 qua
1216 2557 1393 2602 ratione
1433 2556 1530 2601 eius
1563 2555 1747 2600 omissio
1781 2553 2011 2613 punienda
2119 2551 2176 2651 Ξ).

230 2641 311 2698 sit;
348 2642 392 2698 4)
420 2655 537 2700 quae
570 2642 663 2686 sint
695 2641 900 2687 eiusdem
935 2640 1178 2686 omittendi
1213 2640 1359 2685 iustae
1393 2639 1730 2684 excusationes.

352 2729 559 2770 [amvero
600 2725 733 2770 Chori
775 2724 1018 2770 servitium
1061 2723 1383 2782 complectitur
1425 2721 1743 2767 recitationem
1781 2718 2007 2779 quotidia-

232 2822 341 2853 nam
373 2813 548 2866 septem
583 2808 799 2853 horarum
833 2807 1181 2862 canonicarum,
1217 2806 1574 2851 celebrationem
1606 2817 1713 2850 cum
1736 2807 1876 2848 cantu
1898 2814 2006 2862 quo-

231 2890 432 2936 tidianae
467 2891 648 2946 missae,
685 2895 734 2935 ut
765 2890 913 2945 aiunt,
948 2889 1002 2935 de
1035 2889 1123 2945 die,
1158 2903 1275 2948 quae
1303 2887 1633 2934 Conventualis
1664 2886 1847 2940 dieitur,
1874 2898 2010 2944 quae·
2050 2883 2058 2891 '

354 3078 364 3097 ¹
394 3078 701 3115 ScanrANTomus
725 3077 790 3114 lib.
815 3077 877 3119 IV,
903 3077 957 3114 tit.
985 3075 1040 3119 15,
1065 3086 1102 3112 n.
1127 3075 1185 3120 64,
1210 3080 1246 3112 et
1272 3075 1310 3111 in
1335 3074 1504 3121 Append.
1529 3073 1644 3111 decis.
1673 3072 1730 3110 40.
