2176 3386
774 188 905 239 menn
931 189 959 216 1.
991 189 1048 217 DE
1077 187 1273 217 CLEmcis
1836 178 1916 218 269

251 298 314 340 De
346 297 673 351 Missionariis,
697 309 859 340 eoram
892 295 1120 354 qualitate
1150 301 1192 339 et
1225 296 1491 340 idoneitate.
1515 321 1576 350 ·.-
1598 296 1639 340 5.
1670 301 1730 341 De
1764 309 1915 355 perso-

132 378 203 423 nis
224 377 546 423 ecelesiasticis
567 378 655 423 erit
677 378 1004 437 exponendum
1030 377 1272 436 imprimis,
1297 378 1488 437 quinam
1522 378 1615 423 sint
1639 379 1914 425 Missionarii

130 461 296 520 quibus
341 475 376 506 s.
418 461 728 506 ministerium
770 461 1084 506 exercendum
1134 461 1180 505 in
1224 461 1452 507 vicariatu
1503 462 1574 507 vel
1623 464 1915 509 Praefectura

130 543 446 589 concreditum
481 548 579 600 est,
630 558 689 589 an
724 545 987 589 Saeculares
1019 545 1092 588 vel
1129 544 1398 602 Regulares,
1432 558 1571 604 quam
1614 545 1914 591 idoneitatem

130 630 176 669 et
208 625 398 670 vivendi
442 619 669 671 rationem
721 628 1067 685 praeseferant,
1115 641 1172 671 an
1213 626 1444 672 sufficiens
1489 641 1648 672 eorum
1693 642 1917 674 numerus

130 709 189 754 sit
234 723 315 767 pro
365 709 638 754 necessitate
684 709 909 765 fidelium,
954 724 1014 754 an
1054 710 1203 754 studio
1245 709 1428 768 linguae
1471 711 1748 755 vernaculae
1796 711 1916 757 illius

130 792 279 850 gentis
326 797 541 837 accurate
587 793 698 837 dent
744 807 962 851 operam,
999 807 1057 837 an
1109 793 1209 837 miti
1261 793 1437 838 ratione
1483 807 1589 851 erga
1634 794 1916 839 Christianos

130 889 178 921 se
222 882 413 933 gerant,
449 892 506 921 an
558 877 603 921 in
648 890 778 922 sacro
830 877 1085 921 ministerio
1133 877 1392 922 exercendo
1436 877 1803 922 uniformitatem
1838 891 1915 922 cu-

131 965 247 1004 rent.
287 966 474 1019 insuper
506 975 564 1005 an
602 960 877 1006 Missionarii
913 960 1159 1018 Regulares
1193 961 1370 1017 regulas
1394 960 1596 1004 instituti
1621 960 1689 1004 sui
1712 975 1765 1005 ac
1790 975 1914 1019 prae-

129 1044 286 1090 sertim
320 1045 407 1090 tria
443 1051 549 1090 vota
583 1045 901 1090 substantialia
934 1045 1236 1103 Paupertatis,
1272 1046 1505 1090 Castitatis
1537 1050 1582 1089 et
1615 1046 1916 1090 obedientiae

129 1128 322 1173 fideliter
353 1132 557 1173 servent:
594 1143 651 1173 an
690 1129 784 1174 Vic.
823 1129 896 1172 vel
933 1130 1166 1173 Praefecto
1199 1129 1459 1187 Apostolico
1491 1130 1631 1174 etiam
1668 1134 1717 1172 ut
1740 1130 1914 1188 regula-

129 1223 217 1266 res,
252 1225 309 1255 an
344 1211 474 1255 alteri
509 1211 736 1266 Superiori
770 1211 864 1257 sint
895 1212 1111 1268 subiecti,
1149 1226 1208 1256 an
1244 1213 1343 1271 plus
1376 1227 1522 1272 aequo
1555 1227 1659 1270 erga
1697 1226 1912 1271 paganos,

130 1294 203 1338 vel
237 1298 542 1351 protestantes
575 1300 655 1339 aut
687 1295 1020 1350 schismaticos,
1057 1295 1092 1339 si
1129 1295 1187 1338 ibi
1229 1295 1405 1350 adsint,
1447 1296 1752 1354 obsequentes
1794 1295 1911 1352 sint,

128 1392 187 1422 an
221 1392 278 1422 ex
313 1377 523 1423 instituto
557 1379 630 1423 vel
665 1393 722 1423 ex
756 1378 1091 1424 consuetudine
1126 1392 1267 1438 usque
1301 1379 1357 1422 ad
1393 1383 1588 1423 mortem
1625 1379 1671 1422 in
1699 1377 1914 1423 Missione

130 1467 442 1519 perseverent.
481 1464 547 1505 An
584 1462 788 1506 universi
824 1461 1100 1507 Missionarii
1136 1462 1181 1505 in
1217 1475 1300 1506 usu
1345 1462 1618 1506 facultatum
1651 1475 1764 1520 quas
1797 1461 1912 1506 acci-

130 1545 278 1602 piunt,
315 1544 452 1589 nimis
484 1545 599 1589 latas
633 1546 1054 1603 interpretationes,
1090 1560 1143 1590 ac
1177 1546 1446 1590 facilitatem
1473 1546 1822 1604 improbandam
1848 1560 1913 1590 se-

130 1633 345 1687 quantur.
386 1655 437 1660 —
471 1629 514 1673 4.
553 1632 645 1672 Nec
680 1628 1144 1686 praetermittendum
1179 1630 1215 1673 si
1251 1629 1527 1674 Missionarii
1561 1630 1750 1674 alterius
1784 1629 1913 1674 Vica-

130 1711 273 1756 riatus
304 1716 382 1755 aut
420 1713 735 1757 Praefecturae
769 1712 918 1771 aliqua
955 1712 1131 1756 ratione
1158 1712 1205 1756 in
1230 1712 1680 1757 administrationem
1707 1713 1914 1771 propriae

132 1795 360 1840 Missionis
393 1808 490 1840 sese
525 1795 831 1840 immisceant.

249 1883 312 1924 De
344 1882 576 1938 reyz'mz'ne
610 1882 884 1924 jussionum
916 1894 1003 1937 per
1060 1883 1258 1924 Viearios
1298 1882 1580 1937 Apostolieos.
1633 1908 1688 1912 ——
1738 1882 1779 1926 5.
1816 1885 1913 1935 Qua

132 1962 308 2007 ratione
342 1963 616 2020 provideant
650 1965 885 2008 Praesules
919 1963 1131 2022 regimini
1168 1963 1426 2008 vicariatus
1458 1978 1537 2009 seu
1575 1966 1911 2019 Praefecturae,

130 2059 187 2090 ne
221 2046 315 2090 vita
350 2047 624 2091 decedentes
657 2047 755 2091 sine
790 2048 1028 2105 Super-iore
1062 2047 1216 2092 fideles
1250 2048 1526 2106 relinquant.
1570 2074 1620 2080 —-
1671 2049 1712 2093 6.
1754 2049 1912 2092 Utrum

130 2130 353 2175 habeatur
393 2131 574 2190 aliquod
626 2131 873 2176 Consilium
916 2131 1201 2176 ordinarium
1245 2131 1665 2187 Missionariorum,
1711 2145 1913 2191 quasque

129 2214 453 2260 attributiones
485 2215 547 2259 illi
581 2215 894 2274 adsignentur.

251 2301 312 2342 De
350 2300 475 2342 Clero
508 2300 758 2357 Indigena.
795 2326 855 2333 —
886 2301 928 2344 7.
965 2301 1266 2359 Singulariter
1307 2315 1459 2346 sermo
1506 2301 1817 2347 instituendus
1858 2302 1912 2346 de

130 2384 250 2427 clero
283 2382 513 2440 indigena,
549 2397 602 2428 ac
636 2383 862 2442 imprimis
894 2384 948 2429 de
983 2384 1232 2429 idoneitate
1268 2386 1402 2440 illius,
1438 2386 1582 2445 deque
1617 2386 1758 2430 animi
1803 2400 1911 2445 qua-

130 2466 349 2522 litatibus,
385 2467 549 2526 quibus
581 2468 812 2526 praeditus
845 2473 1051 2527 apparet,
1087 2483 1139 2513 ac
1172 2471 1227 2514 de
1261 2483 1338 2527 spe
1370 2484 1487 2528 quae
1521 2470 1567 2514 in
1604 2470 1698 2527 ipso
1722 2470 1912 2514 colloca-

130 2550 167 2595 ri
200 2550 354 2608 possit.
395 2577 449 2583 —-
487 2551 530 2594 8.
567 2556 662 2605 Qua
701 2551 875 2604 ratione
924 2553 1192 2597 consulatur
1232 2553 1495 2598 educationi
1542 2558 1587 2597 et
1631 2553 1912 2598 institutioni

130 2634 407 2680 Clericorum
455 2634 802 2693 indigenarum:
855 2636 1123 2693 praesertim
1173 2651 1230 2681 an
1286 2637 1510 2681 habeatur
1573 2636 1909 2692 Seminarium,

130 2720 286 2761 utrum
319 2716 393 2772 sit,
428 2722 690 2776 separatum
724 2719 781 2762 ab
812 2718 1013 2763 alumnis
1045 2720 1371 2775 saecularibus,
1417 2725 1464 2764 et
1495 2734 1612 2779 quae
1658 2720 1807 2764 studia
1851 2719 1910 2764 ibi

130 2799 287 2845 Clerici
319 2801 588 2856 doceantur,
614 2806 660 2845 et
682 2807 839 2846 utrum
862 2803 1043 2860 regulae
1066 2816 1090 2846 a
1115 2803 1382 2848 'l‘ridentino
1407 2804 1712 2861 praescriptae
1744 2803 1791 2846 in
1816 2808 1912 2847 toto

134 2882 205 2927 vel
238 2883 284 2927 in
309 2889 437 2941 parte
469 2889 732 2940 serventur,
768 2884 898 2929 cuius
930 2898 1068 2930 curae
1101 2899 1154 2930 ac
1189 2886 1401 2943 regimini
1441 2886 1667 2931 creditum
1710 2885 1791 2941 sit,
1838 2886 1911 2930 de-

133 2964 270 3025 nique
301 2980 379 3022 an,
413 2966 450 3011 si
483 2967 615 3023 desit,
650 2968 801 3027 aliquo
834 2969 970 3013 modo
1002 2969 1220 3014 constitui
1256 2969 1397 3027 possit
1430 2970 1502 3014 vel
1545 2961 1748 3014 eiusdem
1790 2969 1911 3013 defe-

133 3047 225 3091 ctui
257 3048 469 3106 suppleri.
504 3075 564 3083 -
595 3051 637 3094 9.
674 3051 847 3105 Quibus
886 3052 1045 3097 officiis
1086 3051 1332 3109 Indigenae
1378 3051 1583 3097 adhiberi
1622 3053 1821 3110 possint,
1867 3055 1914 3096 et
