2176 3386
230 158 312 199 314
875 169 986 199 PARS
1014 170 1039 199 1.
1074 169 1132 198 DE
1159 169 1371 201 PERsoms

233 277 398 332 tineat,
424 288 554 322 secus
575 275 859 322 decimarum
884 275 1030 335 portio
1053 276 1274 335 Episcopo
1295 276 1594 337 relinquenda
1626 280 1697 322 est
1722 278 1798 337 qui
1821 277 1877 322 ad
1899 276 2021 323 iuris

231 361 442 406 tramites
472 359 526 404 de
564 359 619 404 iis
650 359 851 418 disponit
875 360 905 404 ¹.
958 359 1132 405 Fideles
1163 360 1241 419 qui
1275 374 1332 405 ex
1365 359 1514 419 aliqua
1555 360 1732 413 ratione
1766 363 1931 420 putant
1960 374 2009 406 se

231 459 325 489 non
359 443 546 502 obligari
579 443 634 488 ad
667 443 868 489 decimas
899 443 1143 489 solvendas
1168 457 1256 488 non
1291 456 1389 489 esse
1421 442 1744 502 inquietandos
1775 442 2011 502 respondit

233 532 274 574 S.
314 526 670 573 poenitentiaria
704 527 953 571 dummodo
991 528 1029 583 1)
1060 528 1431 584 supplementum
1465 540 1490 571 a
1524 526 1737 572 Par-ochis
1768 530 2009 585 acceptum

230 624 256 656 a
289 610 522 664 Gubernio
562 610 622 654 sit
668 612 714 653 in
763 609 1188 667 compensationem
1235 608 1518 655 decimarum
1552 613 1598 653 et
1631 608 1728 654 illas
1758 609 2006 667 adaequet;

231 695 273 750 2)
311 693 464 739 fideles
501 692 646 751 parati
680 691 774 736 sint
806 696 927 736 stare
961 691 1189 736 mandatis
1234 691 1459 736 Ecclesiae
1483 691 1513 735 ².
1557 692 1786 736 Pau-ochus
1828 696 2011 749 rogatus

231 777 546 822 imminutioni
588 774 873 820 decimarum
917 775 1180 819 consentire
1222 774 1523 834 personaliter
1569 775 1713 830 valet,
1762 774 2010 820 dummodo

232 860 409 904 nullum
454 860 523 904 ius
555 857 892 904 successoribus
926 859 1153 902 inferatur
1175 858 1205 901 ³.

699 1002 716 1049 ξ
742 1004 774 1038 2.
802 1023 848 1026 —
872 1003 932 1038 De
958 1003 1227 1038 emolumento
1253 1013 1302 1038 ex
1324 1002 1544 1049 funeribus.

351 1112 455 1163 5351<
492 1110 622 1156 Aliud
647 1111 1014 1155 emolumentum
1048 1110 1166 1169 quod
1202 1110 1415 1155 Parochis
1435 1111 1657 1169 competit
1689 1126 1746 1157 ex
1776 1110 2012 1159 funeribus

230 1193 429 1251 profluit,
455 1193 509 1237 de
540 1207 629 1251 quo
653 1193 749 1237 iure
775 1191 1163 1250 praemittendum
1185 1195 1269 1247 est,
1297 1191 1528 1238 hodiernis
1550 1194 1831 1252 temporibus
1853 1194 1907 1240 ad
1933 1210 2009 1254 pu-

228 1277 372 1322 blicae
405 1276 591 1322 sanitati
627 1276 1014 1335 prospiciendum,
1050 1277 1144 1320 fere
1178 1276 1344 1336 ubique
1381 1282 1475 1321 tuin
1510 1278 1634 1322 civili
1668 1282 1767 1323 tum
1801 1280 2010 1325 ecclesia-

227 1361 341 1406 stica
371 1361 645 1406 auctoritate
681 1361 984 1406 constitutum
1023 1360 1176 1416 fuisse,
1211 1365 1262 1404 ut
1285 1360 1460 1418 publiea
1485 1362 1760 1407 coemeteria
1783 1363 2010 1420 erigeren-

231 1450 318 1489 tur.
346 1445 734 1490 Coemeteriorum
760 1459 870 1489 vero
892 1444 1125 1488 erectione
1149 1444 1260 1488 niliil
1287 1444 1499 1488 parochis
1521 1446 1575 1489 (le
1605 1445 1807 1502 pristinis
1838 1446 2011 1492 iuribus

227 1529 486 1573 detractum
521 1533 605 1583 est,
631 1527 854 1587 siquidem
873 1528 906 1583 ¹⁴,
943 1527 1174 1572 erectione
1198 1527 1580 1572 coemeteriorum
1606 1529 1729 1573 locus
1751 1529 2010 1587 sepulturae

228 1617 410 1656 tantum
447 1612 746 1657 materialiter
777 1616 823 1657 et
856 1611 1043 1670 physice
1068 1615 1272 1655 mutatus
1295 1615 1380 1666 est,
1406 1625 1498 1655 non
1522 1625 1633 1656 vero
1655 1611 1723 1656 ius
1745 1612 2006 1671 sepeliendi.

229 1699 366 1741 Porro
400 1698 497 1741 iura
531 1695 772 1751 funeralia‚
807 1708 1124 1755 quaecumque
1147 1694 1255 1750 sint,
1280 1694 1336 1739 ad
1359 1708 1464 1739 eum
1490 1694 1757 1752 regulariter
1782 1699 2008 1753 spectant,

227 1780 303 1839 qui
329 1793 486 1824 curam
513 1779 713 1824 fidelium
747 1779 855 1823 dum
882 1777 1098 1822 viverent
1119 1776 1273 1836 gessit,
1300 1778 1444 1837 iisque
1467 1783 1756 1824 sacramenta
1781 1779 2011 1824 ministra-

229 1863 314 1918 vit,
352 1877 516 1922 nempe
543 1863 721 1921 proprio
756 1862 952 1920 parocho
978 1861 1153 1906 ratione
1175 1861 1392 1905 domicilii
1419 1862 1488 1906 vel
1513 1861 1641 1920 quasi
1663 1861 1899 1917 domicilii,
1924 1863 2009 1908 etsi

226 1947 327 2006 quis
358 1947 553 1991 decessit
588 1946 634 1990 in
667 1959 747 1990 sua
783 1945 1008 2004 paroecia,
1044 1949 1090 1989 et
1123 1945 1167 1988 in
1202 1944 1348 1989 aliena
1383 1944 1694 2003 sepeliendum
1717 1945 1776 1989 sit
1800 1945 1830 1997 ⁵,
1866 1946 1941 1990 vel
1963 1944 2010 1990 in

227 2030 313 2075 alia
347 2030 543 2075 dioecesi
568 2029 599 2075 ⁶.
637 2030 766 2084 Quod
800 2030 835 2074 si
869 2030 969 2088 quis
1002 2029 1169 2086 duplex
1203 2030 1370 2073 habeat
1403 2028 1702 2084 domicilium,
1729 2034 1841 2074 tunc
1863 2033 2010 2074 atten-

226 2112 350 2157 ditur
383 2114 509 2158 locus
543 2113 589 2157 in
623 2127 712 2172 quo
747 2112 994 2157 habitando
1027 2112 1237 2165 decessit,
1273 2116 1319 2155 et
1351 2111 1527 2155 funeris
1559 2112 1872 2156 emolumenta
1905 2111 2012 2156 huic

226 2197 464 2254 paroeciae
497 2197 769 2241 debentur⁷.
807 2195 1095 2254 Regularium
1130 2198 1284 2261 aute-m
1323 2194 1526 2239 virorum
1577 2195 1906 2240 Parochusvest
1937 2209 2010 2241 eo-

227 2294 330 2326 rum
365 2281 612 2336 praelatus,
651 2279 919 2325 Monialium
943 2283 1012 2323 est
1032 2277 1392 2333 confessarius⁸,
1428 2276 1748 2322 decedentium
1782 2277 1828 2322 in
1862 2278 2009 2334 hospi-

349 2465 357 2484 ¹
388 2465 422 2502 S.
450 2465 591 2503 Poenit.
617 2464 663 2500 ad
691 2465 756 2510 Ep.
784 2463 1006 2500 Galliensem
1032 2462 1079 2499 ΞΟ
1103 2463 1194 2500 Νον.
1225 2462 1330 2500 1902.

347 2537 359 2555 ²
388 2537 423 2573 S.
450 2537 595 2573 Poenit.
621 2537 667 2574 ad
694 2536 867 2582 Episcop.
893 2535 1120 2572 Nucerinum
1146 2535 1168 2570 4
1194 2535 1281 2571 Maii
1311 2534 1423 2577 1897,
1450 2535 1496 2571 ad
1523 2534 1747 2580 Episcopum
1786 2533 1921 2570 Montis
1946 2533 2012 2570 alti

228 2609 247 2644 7
276 2609 379 2645 Mart.
409 2607 510 2644 1899.

346 2678 358 2697 ³
385 2679 420 2715 S.
447 2679 589 2715 Poenit.
616 2678 661 2714 ad
688 2678 755 2724 Ep.
785 2677 936 2714 Gallien.
961 2677 984 2713 8
1009 2677 1113 2714 Mart.
1142 2676 1242 2719 1898,
1269 2675 1317 2712 20
1341 2676 1434 2713 Nov.
1462 2675 1564 2712 1902.

347 2749 359 2769 '⁴
388 2750 434 2786 Ut
460 2747 610 2795 saepius
636 2749 836 2785 declaravit
861 2749 943 2785 Sao.
973 2748 1105 2794 Congr.
1132 2748 1243 2784 Cone.

348 2821 360 2840 ³
387 2822 466 2859 Sao.
495 2822 626 2867 Congr.
655 2821 764 2858 Conc.
791 2820 837 2856 22
865 2821 950 2857 maii
980 2819 1082 2857 1866.

346 2893 359 2913 ⁶
387 2893 468 2930 Sac.
495 2893 627 2939 Congr.
653 2892 676 2929 6
702 2892 790 2928 maii
820 2891 922 2929 1870.

346 2964 358 2982 ⁷
386 2964 420 3001 S.
448 2963 586 3010 Congr.
614 2964 729 3000 Conc.
758 2963 796 2999 in
821 2962 989 3000 Cremen.
1018 2961 1060 2997 12
1086 2962 1207 2999 Mai-tii
1237 2962 1338 2999 1881.
1386 2982 1390 2986 ν

347 3034 359 3051 ⁹
387 3035 572 3072 Fannffls
598 3045 630 3072 v.
658 3034 845 3077 Moniales,
872 3039 940 3071 art.
965 3034 998 3078 4,
1025 3043 1060 3071 n.
1086 3033 1144 3070 61.
