2176 3386
810 175 942 204 LmER
969 176 993 203 1.
1029 175 1086 203 DE
1114 171 1308 225 cnssmcrs
1903 165 1952 204 17

175 283 317 341 fragio
349 281 414 327 sic
445 281 602 326 habito
634 285 681 325 et
713 280 918 338 probato,
953 279 1114 324 eadem
1149 278 1288 324 inerit
1319 278 1406 335 vis,
1441 293 1494 324 ac
1535 279 1572 324 si
1616 279 1842 338 parochus
1873 284 1954 324 aut

172 365 424 410 canonicus
456 364 550 422 ipse
585 376 800 422 praesens
832 362 1026 416 adesset,
1064 362 1198 407 modo
1220 362 1402 407 litterae
1426 362 1778 408 certificatoriae
1799 363 1853 407 de
1877 362 1952 407 ad-

177 462 307 493 versa
341 449 438 492 eius
470 446 735 491 valetudine
769 459 793 489 a
827 444 1005 489 duobus
1036 443 1148 488 artis
1183 445 1439 489 medicinae
1472 444 1630 503 peritis
1671 444 1954 503 subscriptae

172 533 228 576 ad
264 530 518 576 praesidem
555 527 948 573 transmittantur.
986 531 1175 585 Insuper
1209 528 1432 585 parochus
1466 527 1550 571 iste
1586 527 1658 570 vel
1681 527 1949 582 canonicus,

174 614 435 672 priusquam
470 611 756 669 suffragium,
794 610 927 654 modo
960 623 1095 668 supra
1128 610 1373 667 descripto,
1412 611 1543 664 l'erat,
1570 611 1781 654 eamdem
1806 610 1953 654 decla-

174 698 401 742 rationem
436 696 634 749 emittet,
670 709 808 754 quam
843 694 983 739 ceteri
1025 694 1207 752 parochi
1253 708 1306 737 ac
1348 693 1559 738 canonici
1604 693 1725 738 inter
1767 693 1954 737 comitia

174 781 388 825 emittere
421 793 576 823 coram
611 777 819 822 Praeside
852 777 1084 821 debebunt
1106 777 1294 836 eiusque
1318 776 1642 821 declarationis
1666 791 1821 821 coram
1845 777 1954 820 duo-

174 864 256 908 bus
291 862 500 922 parochis
543 863 615 906 xel
648 860 886 906 canonicis
919 860 1111 905 emissae
1147 859 1354 918 probatio
1396 860 1439 903 in
1483 860 1683 904 medium
1734 860 1822 903 erit
1857 873 1954 917 pro-

174 947 358 990 ferenda
393 959 547 989 coram
585 944 809 999 Praeside,
845 949 1096 1002 antequam
1123 942 1390 999 suffragium
1425 943 1710 987 admittatur.
1748 942 1956 988 Comitiis

174 1028 235 1072 ita
270 1028 550 1086 compositis,
586 1042 639 1072 ac
676 1027 881 1071 Praeside
918 1027 1156 1070 tractanda
1191 1031 1491 1083 proponente,
1527 1027 1616 1070 duo
1650 1028 1952 1082 Scrutatores,

174 1110 301 1155 iuxta
336 1116 579 1156 consuetas
611 1115 851 1155 canonum
885 1111 1068 1162 formas,
1103 1109 1345 1166 eligantur.
1392 1108 1502 1153 Dein
1538 1109 1867 1166 Suffragatores
1899 1110 1955 1154 ad

175 1208 339 1238 urnam
372 1208 506 1252 supra
542 1207 750 1238 mensam
788 1193 978 1250 positam
1014 1192 1178 1249 singuli
1228 1192 1482 1246 accedant,
1517 1197 1564 1234 et
1610 1194 1730 1237 clara
1773 1194 1956 1253 altaque

178 1291 305 1332 voce,
335 1278 467 1322 tactis
498 1277 636 1322 simul
670 1291 810 1321 mann
836 1275 1113 1334 pectoribus,
1140 1290 1295 1320 coram
1334 1279 1440 1330 Deo,
1477 1290 1556 1333 pro
1579 1289 1626 1320 se
1649 1276 1857 1335 quisque,
1892 1278 1957 1320 af-

175 1362 375 1416 lirment,
401 1375 448 1406 se
482 1374 630 1420 neque
663 1360 825 1417 gratia,
875 1373 1023 1418 neque
1069 1360 1226 1403 favore
1270 1359 1481 1403 inductos
1524 1359 1564 1402 ei
1608 1359 1954 1415 sull'ragaturos,

173 1457 310 1502 quem
334 1443 522 1501 dignum
548 1442 768 1497 iudicent,
794 1441 870 1500 qui
900 1441 1101 1486 Dioecesi
1129 1442 1311 1486 iacanti
1336 1442 1640 1499 praeficiatur.
1667 1448 1843 1499 Postea,
1865 1445 1955 1488 suf-

175 1526 318 1583 fragio
352 1526 396 1569 in
434 1539 597 1569 urnam
632 1524 854 1580 immisso,
890 1524 1056 1582 singuli
1091 1525 1145 1568 ad
1181 1524 1410 1583 propriam
1434 1526 1587 1570 sedem
1614 1527 1844 1571 recedent.
1880 1527 1958 1572 His

176 1608 388 1666 peractis,
425 1610 547 1653 clara
591 1609 773 1667 altaque
826 1622 938 1652 voce
983 1623 1007 1652 a
1053 1609 1392 1652 Scrutatoribus
1435 1610 1490 1653 ad
1536 1610 1810 1666 praesidem,
1854 1616 1957 1655 eta

177 1692 384 1736 Praeside
418 1693 473 1736 ad
506 1698 793 1736 cementum
829 1691 1137 1735 renuntianda
1171 1696 1278 1735 sunt
1311 1693 1500 1736 nomina
1537 1692 1677 1737 trium
1696 1707 1854 1738 eorum
1889 1707 1956 1738 sa-

176 1776 430 1830 cerdotum,
469 1775 514 1819 in
546 1789 661 1834 quos
694 1776 839 1820 maior
872 1775 1194 1833 suffragiorum
1229 1790 1450 1821 numerus
1483 1778 1772 1822 convenerit.
1833 1781 1958 1822 'l'unc

177 1861 362 1902 Praeses
394 1858 708 1903 narrationem
743 1859 1059 1903 authenticam
1095 1859 1141 1902 in
1175 1859 1356 1917 scriptis
1403 1860 1652 1915 redactam,
1700 1860 1849 1918 parari
1885 1874 1958 1905 co·

179 1955 273 1986 ram
308 1941 531 1997 Comitiis,
566 1942 862 2001 eiusdemque
901 1942 990 1987 duo
1023 1943 1304 2000 exemplaria
1338 1957 1362 1987 a
1405 1943 1569 2001 seipso,
1619 1949 1665 1987 ct
1705 1945 1958 1989 secretario

177 2031 313 2085 atque
346 2026 678 2070 scrutatoribus
710 2027 1019 2083 subsignanda
1053 2026 1251 2071 exscribi
1286 2027 1482 2071 curabit.
1525 2032 1588 2071 iix
1608 2027 1705 2071 istis
1727 2029 1958 2085 exempla-

179 2109 300 2154 ribus
333 2112 528 2155 alterum
565 2111 743 2156 Vicario
779 2112 1068 2167 tradendum,
1104 2112 1179 2171 qui
1214 2112 1334 2156 idem
1369 2114 1424 2156 ad
1459 2113 1620 2157 Sedem
1651 2113 1957 2171 Apostolicam

181 2194 494 2238 transmittat:
532 2194 729 2238 alterum
764 2209 872 2239 vero
909 2195 1280 2253 Metropolitum,
1316 2196 1445 2240 cuius
1489 2209 1658 2240 munus
1706 2196 1791 2239 erit
1838 2197 1958 2241 idem

178 2278 233 2321 ad
266 2278 578 2336 suffraganeos
610 2292 714 2323 suos
751 2278 992 2336 Episcopus
1026 2278 1070 2322 in
1108 2292 1251 2322 unum
1277 2283 1577 2336 congregatos
1600 2280 1786 2322 reterre.
1813 2286 1958 2331 Quae-

179 2375 375 2420 cumque
416 2362 539 2416 iura,
577 2362 841 2420 privilegia,
877 2368 923 2406 et
972 2376 1164 2406 munera
1206 2375 1342 2420 supra
1378 2367 1678 2406 recensentur
1722 2367 1957 2420 tamquam

180 2445 389 2489 Praeside
421 2448 688 2490 Contentus
729 2445 931 2504 propria,
968 2445 1127 2489 eadem
1173 2445 1283 2488 Sede
1328 2445 1584 2501 Apostolica
1637 2450 1856 2499 x'acante,
1892 2457 1958 2488 se-

180 2527 295 2571 niori
330 2529 601 2573 Provinciae
633 2528 920 2585 suffraganeo
954 2527 1290 2572 communicari
1330 2528 1556 2572 volumus.

300 2611 519 2669 Episcopo
552 2611 834 2669 provinciae,
861 2610 1070 2656 Praeside
1096 2611 1466 2669 Metropolitano,
1501 2616 1581 2654 aut
1606 2611 1745 2668 ipsius
1777 2611 1958 2654 defectu

181 2694 347 2738 seniori
383 2695 652 2740 Proxinciae
685 2695 989 2752 suffraganeo,
1025 2693 1070 2738 in
1106 2708 1249 2737 unum
1286 2693 1589 2750 congregatis,
1625 2698 1671 2736 et
1695 2692 1958 2736 narratione

182 2778 447 2823 authentica
479 2792 615 2837 supra
650 2783 903 2822 memorata
938 2791 1092 2821 coram
1129 2776 1235 2834 ipsis
1268 2776 1465 2833 prolata,
1501 2776 1556 2819 de
1601 2775 1758 2819 eadem
1803 2771 1958 2818 coram

187 2863 276 2904 Deo
310 2861 528 2906 iudicium
576 2860 948 2919 sententiamque
993 2861 1157 2904 serent.
1206 2864 1392 2903 Praeses
1435 2857 1757 2917 Episcoporum
1802 2857 1959 2900 sull'ra-

183 2957 433 3001 ganeorum
467 2944 748 2989 sententiam
782 2944 837 2988 de
873 2943 1048 2987 meritis
1083 2943 1220 2986 trium
1256 2942 1564 2996 sacerdotum,
1599 2941 1674 2999 qui
1711 2940 1810 2984 Sedi
1846 2943 1958 2997 Apo-

183 3028 368 3072 stolicae
392 3028 794 3082 commendantur,
819 3027 983 3071 litteris
1005 3025 1342 3083 consignatam,
1370 3024 1729 3082 uniuscuiusque
1756 3021 1959 3080 Episcopi

265 3112 417 3144 ZlTELLI.
1858 3107 1876 3136 2
