2176 3386
0 901 13 943 ια
0 807 17 878 <5⁶¹0-

779 210 913 248 ,Lmen
941 209 966 238 1.
997 209 1055 238 DE
1084 207 1279 238 CLERICIS
1846 198 1927 238 225

141 317 505 363 iurisdictionem
539 317 843 376 episcopalem
876 316 923 362 in
945 316 1168 375 parochos
1190 321 1236 361 et
1259 316 1562 374 parochianos
1584 316 1782 361 habent-z
1817 330 1926 376 qua—

139 400 199 446 lia
232 405 342 446 sunt
371 401 470 445 loca
504 400 673 445 nullius
705 399 941 456 dioecesis,
976 399 1024 444 in
1057 414 1176 460 quae
1208 401 1324 455 loca,
1359 404 1440 445 aut
1461 413 1690 458 personas
1724 415 1816 446 non
1859 401 1926 446 in-

142 483 290 529 tendit
337 483 655 528 Tridentinum
704 483 903 542 episcopi
954 482 1319 528 iurisdictionem
1363 482 1590 539 minuere,
1623 483 1702 529 sed
1742 488 1927 530 tantum

141 581 237 612 non
270 580 436 624 augere
455 567 484 610 ¹.

173 633 176 636 ⁴
259 649 387 695 Circa
421 649 541 694 hanc
573 648 908 694 subiectionem
942 649 1140 694 videnda
1174 654 1242 693 est
1273 653 1425 694 const.
1463 649 1626 695 Bened.
1663 653 1779 695 XIV.
1825 653 1927 695 Fir-

143 733 333 778 mcmdis
364 733 406 776 8.
444 733 547 777 [dus
581 732 733 778 Martii
771 733 898 777 1744,
936 731 980 776 in
1015 746 1104 791 qua
1138 737 1162 785 ἓ
1193 734 1261 788 ll,
1296 733 1499 777 declarat
1530 732 1699 789 etiam,
1733 734 1854 792 quod
1893 735 1928 779 si

149 815 394 874 Episcopus
425 815 600 860 dictum
635 816 905 874 parochum,
942 829 1021 860 seu
1056 815 1282 860 vicarium
1320 816 1655 862 removendum
1689 830 1787 861 esse
1815 817 1929 862 iudi-

143 898 336 954 caverit,
367 912 607 944 removere
642 899 782 956 possit
803 898 973 958 absque
996 898 1243 957 superioris
1271 899 1491 957 regularis
1524 913 1770 956 consensu,
1795 900 1931 945 sicuti

144 981 357 1040 Superior
388 981 608 1037 eiusdem,
644 982 843 1041 episcopi
876 995 1103 1027 consensu
1140 996 1230 1027 non
1267 983 1500 1041 requisito.

263 1067 304 1110 2.
342 1066 497 1119 Quoad
531 1079 765 1111 accessum
801 1066 855 1110 ad
890 1066 1120 1124 synodum
1154 1065 1495 1122 dioecesanam,
1533 1071 1627 1110 tam
1650 1067 1687 1111 si
1710 1081 1803 1111 non
1827 1067 1930 1111 sub-

143 1149 314 1192 dantur
346 1149 557 1207 capitulis
589 1149 894 1207 generalibus,
929 1163 1067 1208 quam
1102 1150 1138 1193 si
1163 1162 1322 1193 curam
1347 1155 1509 1207 gerant
1532 1149 1831 1195 ecclesiarum
1855 1164 1930 1208 pa-

147 1232 434 1287 rochialium,
469 1232 725 1277 aliarumve
757 1233 1079 1288 saecularium,
1114 1232 1255 1277 etiam
1288 1247 1580 1277 annexarum
1602 1233 1634 1277 ⁴².

261 1316 303 1360 5.
328 1316 486 1369 Quoad
508 1315 812 1360 saecularium
833 1316 1145 1360 confessiones
1168 1317 1434 1372 audiendas,
1455 1318 1595 1361 etiam
1621 1318 1930 1373 sacerdotum,

146 1403 282 1458 atque
318 1398 589 1443 monialium
623 1399 706 1443 sibi
739 1398 1078 1444 subiectarum:
1114 1398 1248 1445 sicuti
1284 1404 1329 1443 et
1355 1400 1504 1459 quoad
1529 1401 1818 1458 punitionem
1854 1415 1933 1459 pro

147 1481 370 1526 fractione
404 1482 535 1540 sigilli
569 1482 976 1540 sacramentali833
1014 1497 1098 1527 nec
1133 1497 1224 1528 non
1262 1484 1412 1542 quoad
1446 1484 1790 1541 deputationem
1827 1498 1933 1530 con-

146 1565 321 1610 fessarii
345 1566 701 1611 extraordinarii
727 1566 885 1611 iisdem
912 1567 994 1610 sibi
1020 1566 1236 1612 subiectis
1261 1566 1537 1612 monialibus
1561 1582 1638 1625 per
1667 1582 1827 1612 eorum
1861 1581 1934 1612 su-

149 1648 347 1706 periores
395 1649 643 1694 exhibendi
676 1650 852 1695 duobus
892 1654 973 1695 aut
1005 1650 1151 1694 tribus
1197 1650 1374 1695 vicibus
1418 1651 1463 1695 in
1509 1652 1710 1708 singulos
1732 1651 1932 1706 annos&

149 1732 184 1776 si
218 1733 505 1790 neglexerint
554 1733 800 1778 exhibere:
852 1733 897 1777 in
931 1748 1021 1793 quo
1055 1747 1162 1778 casu
1206 1734 1399 1778 liberum
1434 1739 1504 1780 est
1536 1735 1748 1793 episcopo
1792 1735 1932 1779 etiam

146 1814 363 1859 exhibere
409 1815 660 1875 quemlibet
707 1819 1027 1874 presbyterum
1070 1818 1379 1873 saecularem,
1418 1819 1488 1863 vel
1532 1818 1721 1863 alterius
1762 1818 1935 1863 ordin1s

150 1897 423 1954 regularem,
457 1899 846 1958 quemadmodum
882 1900 1100 1944 exhibere
1134 1905 1320 1959 possent
1353 1905 1398 1945 et
1430 1900 1514 1958 ipsi
1548 1901 1811 1959 Superiores
1835 1901 1865 1946 ⁵.

261 1981 302 2026 4.
337 1982 493 2035 Quoad
517 1983 908 2040 praedicationem
934 1984 1061 2029 verbi
1090 1984 1188 2028 Dei:
1216 1984 1262 2028 in
1286 1984 1481 2043 propriis
1503 1985 1688 2043 quidem
1710 1985 1933 2041 ecclesiis,

150 2064 187 2108 si
210 2064 579 2123 praedicaverint
611 2066 709 2111 sine
732 2067 930 2125 episcopi
954 2067 1304 2126 benedictione;
1341 2068 1388 2112 in
1419 2068 1580 2112 alienis
1605 2082 1731 2124 vero,
1758 2072 1939 2125 praeter

150 2160 337 2192 suorum
357 2148 649 2207 Superioruin
669 2149 923 2200 licentiam,
944 2151 979 2194 si
998 2152 1096 2195 sine
1116 2150 1319 2195 eiusdem
1340 2151 1539 2210 episcopi
1558 2152 1933 2210 approbatione⁵.

270 2232 307 2277 5.
342 2233 498 2285 Quoad
532 2232 716 2277 ordines
749 2233 1052 2291 recipiendos,
1090 2239 1185 2278 tam
1219 2233 1339 2278 circa
1375 2239 1594 2290 aetatem,
1631 2249 1769 2294 quam
1814 2235 1936 2281 circa

151 2313 396 2360 interstitia
430 2320 476 2360 et
508 2330 706 2360 examen
740 2317 1030 2361 subeundum
1051 2318 1081 2362 ⁷.

272 2500 281 2520 ¹
311 2502 397 2548 Cap.
426 2503 488 2545 XI,
518 2503 614 2540 Sess.
642 2504 747 2540 XXV
774 2504 818 2540 de
840 2505 969 2550 Regul.

272 2572 284 2590 ¹
310 2574 448 2611 Eodem
476 2575 572 2611 Trid.
600 2584 679 2620 cap.
706 2575 750 2620 ΙΙ,
778 2576 874 2613 Sess.
902 2576 1025 2613 XXIV
1052 2577 1096 2614 de
1123 2577 1200 2613 Ref.

270 2643 283 2662 ³
310 2644 398 2680 Eod.
426 2645 572 2682 Triden.
599 2646 695 2683 Sess.
723 2647 858 2690 XXIII,
885 2657 964 2693 cap.
992 2648 1072 2691 XV,
1098 2653 1133 2684 et
1172 2659 1218 2685 ex
1257 2649 1450 2686 Constitut.
1483 2649 1650 2695 Gregorii
1689 2650 1757 2687 XV
1790 2650 1938 2687 Inseru-

154 2715 255 2752 tabita·
280 2715 302 2752 5
331 2716 415 2752 Feb.
445 2716 546 2760 1622,
574 2722 609 2754 et
636 2718 748 2756 Clem.
776 2720 811 2756 X
838 2721 1002 2765 superna
1030 2719 1071 2756 11
1099 2720 1178 2758 Kal.
1207 2720 1271 2758 Iul.
1303 2720 1402 2758 1670.

270 2786 284 2806 ¹*
309 2787 415 2824 quta
442 2788 538 2825 Trid.
566 2788 653 2835 Cap.
681 2790 724 2833 X,
751 2790 847 2827 Sess.
877 2791 981 2826 XXV
1008 2791 1052 2827 de
1080 2791 1169 2837 Reg.

271 2858 284 2878 ⁵
310 2859 433 2896 Const.
460 2861 594 2897 Benesl.
623 2862 709 2897 XIV
735 2863 937 2899 Pastoralis
962 2874 1072 2899 curae
1097 2867 1111 2903 5
1139 2863 1238 2906 Sane,
1266 2864 1325 2899 die
1351 2863 1374 2900 5
1393 2863 1486 2909 Aug.
1521 2864 1624 2900 1748.

273 2928 287 2949 ⁸
312 2930 400 2967 Eod.
427 2931 524 2968 Trid.
564 2942 644 2979 cap.
674 2933 716 2975 II,
756 2934 854 2970 Sess.
887 2934 916 2971 V
944 2938 978 2970 et
1005 2943 1084 2980 cap.
1123 2934 1185 2978 IV,
1218 2935 1315 2971 Sess.
1343 2935 1450 2972 XXV
1488 2936 1533 2972 de
1571 2936 1729 2972 Reform.
1765 2945 1807 2972 ae
1833 2935 1939 2972 dictis

153 3005 273 3037 const.
304 3001 469 3047 Gregorii
496 3007 532 3039 et
557 3002 768 3041 Clementis.

274 3072 286 3091 ⁷
312 3073 401 3109 Eod.
428 3073 524 3112 'ri-id.
551 3084 631 3121 cap.
659 3075 739 3120 XII,
766 3077 862 3113 Sess.
892 3077 1015 3113 XXIII
1041 3077 1086 3114 de
1113 3077 1190 3114 Res.

280 3143 594 3177 erELu-Soumi.
1778 3149 1816 3180 15
