2176 3386
1732 0 1967 39 ‘⁵523W33.
2023 31 2026 33 .

238 171 316 210 100
877 177 986 207 PARS
1015 178 1043 205 1.
1076 178 1133 206 DE
1162 175 1374 205 PERsoNis

361 290 457 335 152.
491 288 657 344 Quodsi
682 287 1010 345 rescriptorum
1036 285 1107 330 vis
1127 284 1443 330 consideretur
1465 284 1612 329 relate
1633 284 1698 330 ad
1716 286 1791 328 ius
1810 284 1931 343 quod
1951 283 2015 328 di-

235 376 368 427 cunt,
403 371 651 416 dicendum
685 374 752 415 est
786 369 1006 427 rescripta
1042 383 1121 427 per
1151 382 1198 412 se
1232 381 1321 412 nou
1356 366 1542 425 gignere
1576 366 1662 411 nisi
1697 369 1769 411 ius
1806 369 2016 424 particu-

237 456 359 510 lare,
395 454 494 498 sive
526 453 632 514 quia
666 466 713 497 se
746 452 953 496 referunt
990 449 1315 495 tantummodo
1360 449 1415 493 ad
1458 449 1580 494 facta
1624 448 1773 493 eidem
1818 448 2015 507 Principi

238 539 466 599 proposita
501 538 599 583 sive
631 537 737 596 quia
771 550 913 580 unam
947 539 1028 580 aut
1059 536 1251 579 alteram
1278 548 1521 593 personam
1547 533 1808 592 respiciant.
1846 536 2016 577 Verum

239 623 274 668 si
310 625 354 677 a)
394 621 665 679 rescriptum
701 619 745 663 in
780 619 998 663 universa
1035 617 1232 662 Ecclesia
1259 617 1489 662 pontificis
1513 616 1789 662 auctoritate
1819 617 2019 675 promul-

242 712 389 765 gatur,
426 705 574 764 prouti
609 703 788 761 saepius
820 702 987 748 accidit
1019 703 1074 746 de
1109 701 1342 759 rescriptis
1373 701 1537 760 quibus
1573 704 1642 746 ius
1660 701 1851 745 dubium
1878 703 2018 744 inter·

240 795 471 847 pretatur,
508 791 587 832 aut
618 786 654 830 si
688 787 727 839 b)
766 785 1005 829 voluntate
1043 783 1273 830 pontilicis
1305 785 1350 828 in
1385 783 1731 829 collectionibus
1763 784 1914 841 legum
1948 798 2019 829 ec-

245 872 604 918 clesiasticarum
629 870 686 915 ab
722 868 917 914 Ecclesia
941 867 1201 926 adprobatis
1224 867 1460 922 inseritur,
1487 867 1762 926 rescriptum
1787 866 1897 911 iuris
1920 867 2017 911 uni-

243 955 435 999 versalis
471 954 565 998 vim
599 951 776 997 obtinet
811 952 841 993 ¹.

367 1038 464 1082 155.
512 1037 665 1081 Relate
710 1049 820 1079 vero
862 1035 916 1078 ad
951 1037 1132 1091 tempus
1174 1047 1263 1092 quo
1313 1032 1583 1091 rescriptum
1635 1033 1731 1078 vim
1782 1032 2020 1077 iuridicam

246 1121 452 1175 sortitur,
490 1119 707 1177 rescripta
744 1117 944 1162 iustitiae
979 1117 1034 1161 ad
1071 1119 1154 1160 hoc
1187 1120 1237 1160 ut
1273 1116 1407 1160 iudici
1444 1115 1489 1160 in
1524 1115 1577 1160 iis
1625 1116 1831 1174 delegato
1869 1117 2022 1161 conse·

247 1210 375 1249 ratur
408 1203 676 1257 iurisdictio,
713 1203 927 1246 effectum
963 1201 1136 1245 hahent
1168 1215 1191 1245 a
1226 1199 1297 1245 die
1333 1199 1718 1258 praesentationis
1742 1200 1878 1244 iudici
1906 1201 2023 1244 dele-

246 1292 350 1346 gato
375 1289 406 1331 2.
453 1287 606 1341 Quoad
642 1301 693 1331 ea
733 1299 840 1329 vero
883 1299 1000 1343 quae
1042 1285 1276 1341 pertinent
1309 1283 1363 1327 ad
1388 1287 1559 1327 statum
1602 1283 1963 1340 controversiae,
1999 1297 2023 1328 a

247 1377 453 1430 tempore
486 1384 575 1429 quo
611 1369 827 1425 rescripta
861 1369 965 1412 data
1000 1373 1109 1411 sunt
1132 1367 1163 1410 ³.
1213 1366 1446 1423 Rescripta
1493 1379 1601 1410 vero
1634 1365 1806 1422 gratiae
1847 1379 1871 1409 a
1909 1370 2024 1409 tcm-

250 1468 355 1512 porc
388 1454 537 1507 datae,
575 1466 739 1509 nempt¹
772 1465 797 1494 a
832 1456 1038 1509 tempore
1071 1465 1160 1508 quo
1200 1450 1304 1494 data
1351 1454 1457 1493 sunt
1490 1448 1705 1493 effectum
1748 1448 2021 1503 sortiuntur,

248 1537 282 1581 si
319 1542 479 1593 agatur
510 1536 564 1579 de
598 1535 741 1592 gratia
766 1534 823 1577 ab
855 1533 1015 1577 eodem
1044 1532 1262 1576 PonlilIce
1297 1533 1414 1576 facta
1442 1532 1473 1573 ¹².
1512 1530 1765 1590 Aliquando
1788 1535 1943 1574 autem
1967 1545 2024 1575 ex

250 1619 512 1678 particulari
548 1632 682 1663 causa
719 1617 989 1662 conceditur
1034 1611 1084 1660 ut
1125 1630 1149 1660 a
1190 1617 1260 1660 die
1299 1615 1601 1660 exhibitionis
1639 1629 1826 1672 precum
1868 1614 2026 1659 rescri-

252 1707 325 1761 pta
360 1702 549 1747 effectus
582 1702 848 1746 sortiantur.
886 1701 1013 1754 Quod
1048 1700 1083 1744 si
1117 1704 1279 1757 agatur
1310 1699 1364 1743 de
1399 1700 1542 1756 gratia
1578 1697 1788 1743 facienda
1821 1712 1846 1742 a
1879 1696 2027 1742 iudice

250 1787 472 1844 delegato,
508 1786 626 1830 idem
662 1785 840 1829 obtinet
869 1784 988 1843 quod
1021 1783 1076 1827 de
1120 1783 1324 1827 iustitiae
1358 1780 1591 1839 rescriptis
1637 1778 1725 1825 ia'm
1758 1780 1960 1825 diximus
1994 1780 2023 1824 ⁵.

760 1932 795 1965 6)
829 1946 870 1950 -
901 1926 957 1961 De
984 1925 1200 1960 cessatione
1227 1925 1524 1971 rescriptorum.

378 2032 471 2075 154.
502 2031 733 2087 Rescripta
757 2028 1002 2087 aliquando
1023 2028 1095 2072 vel
1119 2042 1260 2087 usque
1284 2027 1341 2071 ab
1360 2027 1490 2072 initio
1511 2026 1605 2071 vim
1631 2040 1722 2070 non
1748 2027 1935 2083 habent,
1956 2028 2030 2072 vel

252 2119 401 2159 tractu
427 2113 646 2171 temporis
666 2112 758 2156 vim
784 2112 1024 2156 amittunt.
1063 2111 1128 2155 Ab
1150 2110 1282 2154 initio
1308 2110 1525 2167 rescripta
1550 2109 1796 2168 aliquando
1820 2109 1915 2153 vim
1936 2124 2029 2154 non

255 2198 425 2242 habent
470 2211 527 2240 ex
563 2195 690 2239 vitiis
727 2195 1027 2248 extrinseciS,
1064 2197 1144 2238 aut
1179 2192 1456 2237 intrinsecis.
1504 2197 1549 2243 α)
1588 2191 1720 2236 Vitiis
1759 2192 2032 2237 extrinsecis

255 2280 304 2324 fit
338 2281 512 2324 nullum
549 2278 819 2336 rescriptum
855 2277 890 2321 si
924 2277 1092 2336 aliquid
1128 2276 1348 2321 omissum
1384 2280 1452 2320 est
1484 2276 1601 2334 quod
1628 2276 1682 2320 ad
1708 2275 1914 2334 rescripti
1942 2277 2031 2320 for-

257 2378 378 2408 mam
413 2363 761 2407 substantialem
796 2362 1106 2406 extrinsecam
1142 2360 1372 2419 pertinet:
1420 2360 1480 2403 ita
1514 2359 1710 2404 habetur
1748 2358 1811 2402 uti
1854 2359 2030 2403 nullum

256 2447 527 2504 rescriptum
564 2445 608 2489 in
643 2459 732 2504 quo
766 2444 997 2489 omittitur
1032 2458 1199 2487 nomen
1234 2442 1483 2494 Pontificis,
1509 2446 1589 2486 aut
1621 2441 1726 2486 data
1749 2445 1836 2486 etc.
1875 2441 2032 2486 rescri-

257 2535 385 2588 ptum
427 2529 473 2572 in
514 2541 603 2587 quo
639 2541 791 2571 rasura
841 2531 921 2571 aut
968 2525 1238 2570 cancellatio
1284 2525 1343 2569 sit
1390 2524 1656 2583 praesertim
1706 2523 1750 2566 in
1796 2525 1893 2567 loco
1931 2523 2032 2567 sub-

378 2671 385 2689 ¹
416 2671 466 2707 uf.
494 2670 639 2707 SUAnEz
668 2680 726 2715 op.
754 2680 784 2705 e.
811 2669 873 2704 lib.
900 2668 932 2710 4,
962 2679 1039 2714 cap.
1070 2662 1123 2710 142
1151 2677 1183 2704 n.
1212 2668 1232 2702 5
1260 2673 1294 2704 el
1322 2678 1399 2713 seq.

375 2743 388 2762 ²
415 2743 499 2788 Cap.
530 2741 573 2777 12
600 2751 653 2786 sq.
682 2741 714 2776 h.
743 2745 764 2775 t.
794 2741 830 2775 in
856 2741 1001 2782 decret„
1030 2751 1060 2776 c.
1089 2740 1131 2775 12
1158 2740 1200 2775 de
1228 2739 1374 2785 appell„
1402 2749 1431 2775 c.
1459 2739 1480 2774 4
1506 2739 1551 2775 de
1577 2743 1662 2776 rest.
1690 2738 1834 2784 spoliat.

378 2814 390 2833 ³
417 2814 503 2859 Cap.
531 2813 575 2849 45
602 2813 646 2849 de
675 2812 851 2857 rescript„
879 2821 907 2847 c.
939 2811 980 2846 19
1009 2811 1042 2846 h.
1072 2815 1106 2855 t.‚
1126 2820 1156 2846 c.
1186 2812 1203 2846 7
1233 2811 1266 2848 Ιι.
1295 2815 1317 2846 l.
1344 2810 1383 2846 in
1410 2810 1470 2853 VI,
1499 2809 1612 2847 Clem.
1639 2810 1706 2847 ull.
1732 2810 1768 2846 h.
1795 2815 1818 2846 t.

375 2885 389 2904 ”
416 2887 501 2931 Cap.
531 2885 563 2928 7,
590 2884 647 2927 50,
674 2884 719 2920 58
745 2883 789 2920 (16
818 2883 994 2928 rescript„
1022 2893 1052 2919 c.
1079 2882 1100 2918 9
1126 2882 1255 2918 eodem
1284 2883 1321 2917 in
1348 2880 1395 2924 δ”,
1424 2891 1503 2927 cap.
1533 2882 1551 2917 7
1573 2885 1607 2918 et
1631 2881 1675 2918 51
1704 2882 1754 2918 De
1775 2881 1897 2927 praeb.
1917 2881 1954 2917 in
1972 2881 2034 2925 VI,

258 2967 333 3003 reg.
363 2959 406 2994 16
434 2958 471 2993 in
504 2957 565 2993 VI.

377 3030 389 3050 ¹⁵
418 3031 505 3075 Arg.
531 3040 577 3066 ex
603 3038 683 3074 cap.
710 3027 756 3064 56
781 3027 825 3063 de
854 3025 981 3072 prael).
1010 3026 1047 3060 in
1073 3024 1122 3061 6⁰.
