2176 3386
221 153 271 192 76
860 163 969 192 PARS
998 164 1023 191 1.
1054 163 1110 191 DE
1142 162 1353 191 Pssnsoms

219 269 393 328 legibus
427 270 776 328 particularibus
811 285 975 329 nempe
1012 272 1050 323 1)
1077 274 1128 313 ut
1160 269 1217 313 sit
1253 269 1296 313 in
1326 268 1557 314 territorio
1591 270 1632 321 2)
1660 272 1712 314 ut
1742 269 1802 314 sit
1822 270 1887 315 de
1908 276 1997 317 ter-

221 353 395 410 ritorio3
433 354 476 398 in
513 358 707 413 utroque
739 367 846 399 casu
873 355 945 398 vel
970 353 1155 397 realiter
1178 351 1249 397 vel
1285 351 1468 397 fictione
1502 351 1626 396 iuris.
1666 351 1780 396 Hinc
1801 353 1999 398 traditur
2161 362 2176 405 ’1

221 436 495 495 principium
535 457 553 476 α
581 441 712 481 extra
747 435 1028 480 territorium
1066 436 1134 479 ius
1162 434 1332 479 dicenti
1366 434 1554 492 impme
1589 449 1680 479 non
1708 439 1891 492 paretur
1917 454 1934 471 ’ν
1962 436 1994 479 ¹.

222 521 296 564 llle
341 525 409 564 est
451 521 495 564 in
532 520 762 564 territorio
795 520 870 578 qui
906 524 1009 564 actu
1046 519 1103 562 ibi
1141 518 1388 576 reperitur3
1442 518 1514 562 ille
1558 523 1627 562 est
1670 518 1724 563 de
1767 518 2046 563 territoriox

220 603 294 662 qui
347 603 404 647 ibi
455 603 736 648 domicilium
783 603 934 646 babet.
987 607 1135 655 Quare
1180 593 1437 659 peregrini,
1473 601 1549 659 qui
1600 615 1766 659 nempe
1811 601 1996 646 domici-

221 673 330 730 lium
367 686 634 745 relinquunt
666 686 822 729 animo
857 685 1145 740 revertendi,
1182 699 1272 728 non
1322 684 1580 742 obligantur
1611 684 1785 740 legibus
1830 683 1995 742 proprii

220 769 437 814 domicilii
481 769 584 828 quia
630 775 733 813 actu
781 783 869 813 non
906 768 1091 812 suntin
1139 767 1371 812 territorio
1406 768 1437 822 ²,
1491 781 1638 826 neque
1686 771 1907 811 tenentur
1938 767 1996 810 le-

219 851 347 909 gibus
391 853 739 910 particularibus
782 853 866 897 loci
902 853 976 896 ubi
1014 852 1214 896 resident
1247 851 1350 910 quia
1386 851 1564 896 etiamsi
1608 851 1700 894 sint
1734 850 1779 894 in
1818 852 1997 893 terrilo-

221 938 290 979 r'io
382 940 534 980 tamen
563 950 651 980 non
677 941 785 980 sunt
808 937 863 980 de
887 935 1133 979 territorio.
1162 939 1331 979 Verum
1357 934 1542 979 lictione
1566 934 1676 978 iuris
1708 933 1871 992 aliquis
1893 946 1997 978 cen-

221 1023 346 1063 setur
381 1019 423 1062 in
471 1022 707 1063 territorio
758 1021 791 1071 1)
840 1019 916 1078 qui
959 1018 1259 1076 proficiscitur
1293 1019 1338 1062 in
1375 1018 1581 1062 fraudem
1623 1016 1950 1061 reservationis
1987 1016 1997 1039 ³

221 1103 261 1155 2)
288 1103 434 1161 quoad
462 1102 842 1160 impedimentum
868 1101 1254 1146 clandestinitatis
1275 1102 1445 1146 decreti
1475 1121 1492 1141 ιι
1520 1103 1736 1145 tametsi„
1768 1115 1792 1144 a
1816 1100 1999 1144 Triden-

223 1186 317 1229 tino
342 1186 579 1230 inductum
604 1187 617 1208 ⁵
641 1188 682 1241 5)
705 1186 853 1244 quoad
871 1187 1052 1243 culpam
1072 1185 1365 1230 commissam
1386 1186 1608 1229 damnum
1630 1184 1824 1239 illatum,
1847 1184 1918 1228 vel
1943 1183 2000 1227 ob

221 1268 515 1313 omissionem
550 1269 745 1314 actionis
771 1269 812 1313 in
838 1283 919 1313 suo
945 1270 1041 1313 1000
1067 1268 1386 1327 praescriptae.
1426 1269 1468 1318 41
1491 1267 1573 1322 Qui
1610 1268 1776 1324 ligatur
1805 1280 1999 1310 censura

193 1347 291 1395 si‘el
325 1357 565 1409 praecepto
583 1357 662 1396 aut
687 1353 882 1411 possidet
908 1352 1178 1396 beneficium
1215 1351 1503 1396 residentiale
1529 1351 1637 1396 iuris
1660 1351 1843 1396 fictione
1875 1363 1997 1407 prae·

221 1448 324 1479 sens
342 1440 558 1480 censetur
590 1436 623 1479 si
658 1436 860 1481 indebite
894 1437 1098 1481 recessit.
1139 1437 1250 1482 [uris
1283 1436 1468 1481 fictione
1501 1434 1664 1493 aliquis
1692 1440 1908 1479 censetur
1944 1433 1998 1477 de

220 1519 449 1563 territorio
496 1521 527 1573 1)
556 1520 589 1563 si
613 1521 684 1564 lex
719 1525 883 1565 caveat
914 1521 968 1564 de
995 1520 1243 1578 peregrinis
1280 1522 1321 1574 2)
1356 1520 1531 1563 ratione
1564 1517 1857 1571 contractus,
1892 1516 1999 1560 deli-

221 1602 280 1646 cti
316 1607 402 1647 010.
431 1608 474 1647 et
498 1604 643 1662 quoad
671 1605 789 1661 leges
817 1603 1042 1661 publicam
1071 1605 1377 1648 moralitatem
1413 1602 1709 1660 respicientes
1742 1602 1783 1655 5)
1813 1600 1996 1644 tandem

223 1686 339 1729 idem
375 1687 427 1730 de
456 1686 580 1744 vagis
607 1687 787 1731 dicatur
810 1687 886 1746 qui
911 1702 1076 1745 nempe
1107 1686 1387 1731 domicilium
1410 1686 1696 1743 reliquerunt
1718 1685 1873 1728 animo
1906 1697 1997 1727 non

223 1770 438 1814 redeundi
477 1784 561 1813 nec
595 1770 698 1814 alibi
723 1770 1006 1814 domicilium
1031 1771 1268 1826 elegerunt
1292 1769 1321 1814 ὓ.
1371 1769 1502 1813 Hisce
1537 1767 1743 1826 exceptis
1774 1766 1848 1826 qui
1889 1766 1997 1810 alio-

222 1868 321 1897 rum
347 1854 622 1898 territorium
661 1855 773 1911 petit
806 1854 859 1898 ad
897 1855 1039 1911 legem
1076 1854 1313 1898 vitandam
1340 1852 1485 1896 utitur
1509 1852 1604 1895 iure
1627 1864 1708 1895 suo
1731 1864 1784 1895 ac
1822 1870 1839 1889 ιι
1864 1862 2001 1893 nemo

223 1936 267 1980 in
309 1936 513 1980 fraudem
549 1929 641 1994 agit
673 1937 749 1995 qui
783 1951 864 1981 suo
899 1936 995 1981 iure
1030 1937 1175 1980 utitur
1202 1956 1219 1973 w
1248 1938 1278 1980 ⁷.

347 2021 439 2063 107.
480 2020 733 2064 tnstituunt
766 2024 977 2065 auctores
1009 2021 1325 2079 quaestionem
1362 2033 1419 2063 an
1455 2020 1692 2076 leyislator
1714 2018 2002 2074 suisleyz'bus

221 2109 451 2147 teneatur.
490 2106 603 2147 Sunt
635 2103 710 2162 qui
745 2103 905 2147 dicunt
940 2103 1084 2147 teneri
1120 2106 1304 2148 ναίιόηθ
1335 2102 1567 2156 scandali,
1597 2101 1667 2145 vel
1690 2115 1747 2144 ex
1767 2100 2002 2144 honestate

224 2187 441 2231 natarali
473 2187 513 2243 ⁸3
550 2186 623 2230 alii
657 2186 817 2230 dicunt
852 2188 995 2231 teneri
1031 2188 1185 2246 quoad
1207 2189 1299 2230 vim
1324 2187 1436 2243 leyis
1459 2186 1748 2238 directz'vam,
1776 2197 1866 2227 non
1891 2197 1998 2242 quo-

222 2269 276 2313 ad
310 2271 631 2315 coercitz'vam,
667 2269 772 2327 quia
812 2284 867 2313 ex
904 2270 999 2313 iure
1049 2269 1243 2314 naturali
1286 2268 1508 2312 indirecte
1551 2267 1775 2322 obligatur
1816 2266 1999 2310 vinculo

341 2469 348 2487 ¹
378 2469 415 2505 C.
442 2467 474 2510 2,
503 2474 524 2504 t.
552 2469 584 2510 ⁸2,
613 2469 672 2504 lib.
706 2470 718 2504 1
751 2470 785 2504 iu
812 2470 860 2505 6⁰.

340 2540 351 2557 ²
379 2540 464 2585 Cap.
494 2539 556 2575 ult.
583 2540 627 2575 de
654 2546 771 2576 const.
801 2542 835 2576 in
862 2541 910 2577 6⁰.
940 2542 977 2577 L.
1007 2541 1054 2577 20
1079 2542 1122 2577 dc
1152 2542 1275 2578 iurisd.

341 2610 354 2629 ³
380 2611 416 2647 C.
443 2610 484 2646 21
516 2611 559 2647 dc
586 2616 677 2647 sent.
706 2622 887 2648 excomm.

338 2681 351 2701 ‘⁶
376 2682 480 2718 Bulla
508 2684 682 2727 Suprema
709 2683 819 2718 Clem.
850 2684 892 2718 X.

338 2741 351 2760 ⁸⁵
378 2742 428 2777 Ct'.
458 2742 636 2783 Amnum,
665 2751 721 2787 op.
750 2747 784 2777 et
811 2742 833 2777 l.
860 2753 889 2778 c.
917 2752 998 2779 can.
1025 2744 1057 2784 Ξ,
1084 2743 1166 2779 dist.
1194 2744 1226 2787 8;
1253 2744 1415 2785 ΖιτΕιω,
1446 2744 1578 2789 Appar.
1606 2752 1688 2788 pag.
1714 2741 1770 2778 55.

338 2812 351 2831 ⁰
377 2813 463 2849 Can.
493 2812 546 2856 11,
573 2813 655 2848 dist.
686 2812 739 2855 1‘2,
767 2823 844 2858 cap.
873 2813 893 2847 ⁹2
920 2814 963 2849 de
991 2814 1110 2851 obser.
1142 2815 1279 2851 ieiunii.

340 2883 352 2902 ⁷
380 2884 418 2920 L.
443 2883 490 2920 56
515 2884 559 2920 de
587 2893 660 2929 reg.
689 2885 777 2920 iuris
805 2884 857 2928 lix,
884 2895 963 2930 cap.
991 2885 1033 2920 51
1063 2885 1107 2921 dc
1135 2886 1303 2922 election.
1337 2886 1374 2922 L.
1402 2887 1432 2922 si
1457 2887 1537 2932 quis
1559 2888 1685 2932 postea
1711 2885 1730 2920 7
1758 2885 1802 2921 de
1830 2883 1938 2920 iudic.
1965 2886 1999 2918 et

220 2954 282 2990 ubi
309 2956 403 3000 quis.

339 3025 353 3043 '⁸
380 3025 431 3062 Cf.
460 3026 707 3069 Scamnum„
734 3026 882 3064 Salmat.
