2176 3386
769 183 899 212 Lmen
927 183 952 211 1.
983 181 1040 211 οε
1068 181 1263 211 emmas
1833 170 1912 210 155

869 390 1048 435 CAPUT
1084 392 1155 434 [V.

258 522 321 558 DE
348 522 612 559 ABBATlBUS
639 521 699 558 AC
726 522 787 557 DE
814 521 1024 558 VICARIIS
1050 521 1110 557 AC
1138 520 1429 558 PRAEFECTIS
1456 521 1778 558 APOSTOLICIS.

251 642 352 685 204.
375 640 570 686 Romani
589 640 823 686 pontificis
842 640 1116 684 vicariatum
1135 644 1301 696 gerunt
1325 653 1417 683 non
1438 639 1573 684 modo
1589 639 1665 698 qui
1687 643 1912 697 potestate

129 723 512 783 supraepiscopali
546 722 746 780 gaudent
780 736 944 780 nempe
978 722 1287 777 l'atriarchae,
1326 721 1565 777 Primates,
1593 722 1912 779 Metropolitae

129 820 184 852 ac
217 807 367 864 Legati
405 806 598 851 Romani
634 805 882 861 Pontificis,
918 805 994 851 sed
1028 804 1168 850 etiam
1201 806 1277 864 qui
1310 804 1623 850 iurisdictione
1656 807 1785 864 quasi
1821 805 1911 863 epi-

129 890 296 949 scopali
330 891 488 935 donati
520 895 629 935 sunt
661 890 777 935 idest
810 890 1005 934 Abbates
1027 904 1081 934 ac
1106 889 1271 934 Vicarii
1306 902 1359 933 ac
1394 887 1617 933 Praefecti
1648 887 1908 946 Apostolici.

133 976 194 1018 De
228 973 297 1018 his
331 973 519 1031 proinde
551 973 661 1018 ordo
695 974 957 1031 expostulat
989 976 1040 1016 ut
1072 972 1277 1017 breviter
1303 976 1479 1030 agatur.

874 1192 1106 1222 ARTlCULUS
1141 1194 1168 1221 Ι.

849 1300 908 1341 De
946 1298 1195 1342 Abbali‘lms.

249 1427 350 1471 205.
373 1426 568 1471 Abbates
588 1426 779 1471 Praelati
802 1425 1040 1470 inferiores
1063 1425 1280 1470 dicuntur
1301 1425 1377 1485 qui
1404 1440 1570 1484 nempe
1597 1426 1798 1484 Episcopi
1821 1440 1913 1471 non

130 1515 240 1555 sunt
272 1510 348 1555 sed
389 1510 434 1554 in
468 1511 690 1568 dignitate
730 1510 936 1555 inferiori
980 1510 1219 1555 constituti
1263 1514 1371 1555 sunt
1413 1510 1484 1553 cui
1526 1525 1583 1554 ex
1618 1510 1914 1555 concessione

133 1594 416 1652 Apostolicae
451 1594 575 1638 Sedis
608 1598 875 1651 competunt
909 1594 1133 1653 quaedam
1169 1594 1265 1637 iura
1301 1593 1574 1652 episcopalia
1599 1594 1697 1637 sive
1722 1593 1911 1649 maiora,

131 1677 230 1722 sive
266 1678 442 1722 minora
478 1679 505 1722 ¹.

251 1766 382 1806 quta
419 1761 711 1805 Benedictum
750 1763 845 1806 XIV
870 1761 884 1784 ‘²
919 1764 1011 1804 tres
1032 1760 1380 1817 distinguuntur
1402 1759 1576 1818 species
1603 1761 1913 1805 praelatorum

132 1844 416 1890 inferiorum.
451 1844 600 1888 Prima
625 1857 782 1888 eorum
818 1848 902 1899 est,
928 1843 1005 1903 qui
1040 1848 1258 1902 praesunt
1281 1847 1407 1888 certo
1430 1843 1584 1901 generi
1616 1858 1915 1902 personarum

134 1927 254 1972 intra
288 1931 411 1986 septa
449 1927 640 1972 alicuius
677 1927 919 1982 Ecclesiae,
960 1927 1029 1971 xcl
1066 1928 1349 1982 Menaslerii‚
1386 1932 1466 1971 aut
1498 1931 1782 1983 Conventus,
1817 1927 1915 1986 qui-

132 2025 220 2070 que
254 2025 344 2055 una
381 2024 486 2055 cum
521 2010 614 2055 suis
647 2010 839 2054 subditis
871 2010 928 2054 ab
964 2010 1167 2069 Episcopi
1204 2010 1518 2055 iurisdictione
1552 2014 1660 2055 sunt
1690 2010 1911 2068 exempti.

134 2094 338 2139 Secunda
372 2093 545 2152 species
578 2098 646 2138 est
678 2105 855 2147 eorum,
891 2093 966 2152 qui
1003 2094 1238 2152 proprium
1273 2094 1444 2138 habent
1489 2095 1664 2138 clerum
1698 2099 1744 2138 et
1779 2107 1917 2152 popu·

135 2177 228 2221 lum
264 2177 308 2221 in
343 2190 395 2221 ea
429 2176 614 2234 regione
647 2177 804 2231 situm,
840 2191 957 2236 quae
991 2176 1097 2223 licet
1131 2178 1363 2222 subtracta
1398 2178 1457 2222 sit
1489 2178 1546 2222 ab
1577 2177 1744 2222 actuali
1793 2181 1914 2235 pote-

134 2265 250 2305 state
287 2260 508 2319 Episcopi,
543 2260 641 2305 eius
673 2266 830 2305 tamen
863 2260 1059 2306 dioecesi
1093 2260 1487 2306 circumscribitur
1515 2261 1719 2321 adeoque
1752 2262 1916 2307 allecta

134 2349 202 2389 est
234 2345 439 2389 eiusdem
473 2345 692 2390 habituali
725 2344 923 2404 quadam
958 2345 1302 2400 iurisdictione,
1339 2344 1460 2389 unde
1494 2345 1634 2389 eliam
1670 2343 1917 2402 improprie

136 2429 424 2488 appellantur
455 2428 702 2488 aliquando
736 2429 948 2483 Abbates,
986 2429 1058 2474 vel
1094 2429 1287 2474 Praelati
1323 2428 1506 2472 nullius.
1556 2427 1705 2472 'sertia
1743 2427 1918 2486 species

137 2525 294 2557 eorum
327 2516 397 2557 cst
428 2514 504 2572 qui
540 2514 715 2558 clerum
749 2513 920 2557 habent
951 2517 998 2557 et
1022 2513 1236 2571 populum
1273 2512 1318 2557 in
1355 2512 1530 2571 propria
1556 2513 1684 2571 quasi
1718 2511 1916 2557 dioecesi

137 2597 432 2653 existentem,
466 2611 582 2657 quae
615 2611 640 2642 a
673 2597 870 2642 dioecesi
915 2597 1159 2642 cuiuslibet
1206 2597 1410 2656 Episcopi
1454 2597 1646 2642 omnino
1680 2596 1839 2642 avulsa
1872 2602 1918 2641 et

137 2684 343 2739 separata
376 2685 461 2735 est,
496 2681 664 2740 quique
699 2680 888 2740 proinde
921 2679 1101 2739 proprie
1133 2681 1351 2725 dicuntur
1385 2680 1581 2725 Abbates
1615 2680 1689 2724 vel
1722 2679 1916 2724 Praelati

139 2763 321 2808 nullius.
686 2759 693 2764 ⁸

259 2906 266 2925 ¹
295 2907 398 2943 Card.
425 2909 551 2946 PETRA
578 2908 680 2945 Tom.
708 2908 733 2944 V
766 2909 812 2944 ad
843 2913 960 2945 const.
988 2909 1038 2945 lV
1066 2908 1209 2945 callixti
1237 2908 1298 2950 ΙΙΙ,
1331 2913 1418 2944 sect.
1450 2908 1478 2949 l,
1505 2917 1543 2942 n.
1571 2907 1603 2942 2.
1631 2907 1700 2943 Cir.
1727 2906 1921 2943 SEBASTlA-

137 2987 245 3014 NELL!
272 2978 544 3016 Praelectiones
571 2980 642 3015 hoc
667 2979 762 3016 loeo.

187 3099 190 3101 Α
256 3050 268 3069 ’
295 3051 346 3086 De
373 3051 459 3096 Syn.
487 3051 602 3086 dioec.
630 3050 710 3087 Lib.
737 3051 770 3094 2,
796 3061 874 3095 cap.
901 3050 937 3087 9.
