2176 3386
127 0 230 25 ,ππ-
250 0 496 23 -1=-‹‘³.†.··<
539 0 560 7 ->
611 0 620 5 ⁷

558 223 688 253 L113En
716 223 740 251 1.
771 223 828 251 DE
858 222 996 251 minus
1024 222 1261 251 Eccfflsmss
1291 221 1619 251 SPIRITUALIBUS
1907 211 1981 251 167

312 330 414 375 952.
450 333 564 376 Cum
596 328 799 374 affinitas
830 327 1009 374 ratione
1042 329 1249 387 copulae,
1285 328 1408 373 unde
1441 328 1578 382 licite,
1604 329 1676 373 vel
1700 328 1856 373 illicite
1882 343 1981 388 pro-

186 412 339 468 venit,
375 411 434 456 sit
465 411 692 471 quaedam
727 410 950 456 naturalis
985 410 1300 470 propinquitas
1331 424 1385 455 ac
1418 410 1563 456 veluti
1602 412 1983 469 consanguinitas

191 493 413 550 mediata,
449 494 620 539 idcirco
652 494 751 539 sive
784 493 971 539 dirimat
1006 493 1104 539 iure
1137 497 1365 550 naturae,
1416 493 1516 539 sive
1544 507 1671 549 non,
1721 499 1791 539 est
1823 499 1982 542 tamen

185 577 340 636 quoad
374 576 628 635 baptizatos
660 576 1047 635 impedimentum
1081 576 1330 633 dirimens,
1378 576 1593 636 quamvis
1624 577 1671 621 in
1706 576 1976 624 infidelitate

184 659 250 704 sit
281 664 537 705 contracta.
574 660 621 704 ld
653 663 810 704 autem
834 663 1018 704 constat
1039 674 1098 704 ex
1121 659 1433 705 declaratione
1458 662 1500 705 S.
1527 663 1690 719 Congr.
1718 661 1813 707 Fid.
1845 667 1975 722 Prop.

184 742 263 787 die
296 743 352 788 25
385 756 487 801 aug.
529 742 656 787 1852.
694 742 940 801 Propositis
973 742 1099 787 enim
1132 742 1307 787 dubiis:
1347 743 1385 798 l)
1413 741 1494 787 Vir
1516 742 1711 788 infidelis
1733 744 1809 804 qui
1833 745 1983 791 adhuc

186 825 237 870 in
271 825 543 870 infidelitate
579 825 769 884 positus,
804 825 1026 883 cognovit
1059 831 1159 871 sive
1193 825 1391 885 publice,
1427 825 1526 871 sive
1562 825 1773 884 private,
1826 828 1983 874 illicite

188 912 350 953 ¹tamen
387 907 628 952 mulierem
661 908 927 967 quandam,
969 908 1071 953 sive
1105 907 1285 954 fidelem
1321 908 1420 953 sive
1452 908 1717 965 infidelem,
1771 915 1982 968 potestne

188 995 292 1050 post
324 995 587 1049 susceptum
623 990 867 1049 baptisma,
907 991 1054 1036 valide
1087 996 1134 1035 et
1166 991 1290 1036 licite
1325 991 1675 1036 matrimonium
1700 994 1976 1039 contrahere

184 1088 299 1119 cum
333 1073 675 1131 consanguinea
710 1073 913 1119 eiusdem
948 1074 1165 1132 cognitae
1201 1074 1424 1131 mulieris,
1460 1075 1495 1119 si
1530 1075 1616 1121 ista
1639 1076 1985 1134 consanguinea

189 1157 472 1214 baptismum
506 1157 759 1215 susceperit
791 1162 900 1202 ante
925 1159 1024 1203 sive
1060 1162 1161 1216 post
1194 1158 1407 1215 copulam
1441 1158 1496 1203 de
1529 1173 1618 1217 qua
1643 1158 1828 1216 agitur?
1860 1160 1901 1213 2)
1931 1163 1986 1205 Et

186 1244 424 1300 quatenus
454 1240 735 1285 affirmative
772 1240 842 1298 (de
874 1255 965 1300 quo
1001 1241 1133 1286 valde
1170 1241 1514 1298 dubitandum),
1551 1241 1672 1287 idem
1706 1241 1902 1288 infidelis
1929 1243 1986 1288 ad

190 1322 331 1367 fidem
365 1336 619 1367 conversus
652 1326 752 1381 post
786 1329 989 1369 mortem
1022 1322 1255 1381 legitimae
1292 1325 1450 1368 uxoris
1496 1323 1722 1381 infidelis,
1774 1330 1985 1383 possetne

195 1404 547 1450 matrimonium
581 1407 855 1452 contrahere
889 1420 997 1451 cum
1032 1407 1381 1464 consanguinea
1423 1410 1583 1467 (usque
1625 1408 1681 1452 ad
1725 1409 1753 1453 4
1794 1408 1986 1466 gradum

189 1491 438 1549 inclusive)
476 1491 683 1536 eiusdem
716 1492 965 1536 defunctae
998 1491 1172 1548 uxoris,
1211 1492 1309 1536 sive
1344 1491 1429 1536 ista
1463 1492 1809 1550 consanguinea
1842 1491 1986 1550 bapti·

186 1586 344 1618 smum
379 1573 633 1631 susceperit
663 1578 790 1629 ante,
824 1573 923 1618 sive
960 1578 1060 1632 post
1094 1577 1294 1618 mortem
1333 1572 1592 1632 praedictae
1625 1572 1784 1618 uxoris
1828 1573 1986 1618 infide-

189 1658 279 1702 lis‘?
312 1659 353 1701 S.
390 1661 551 1714 congr.
590 1656 825 1715 respondit
856 1656 911 1701 ad
950 1657 1000 1700 1¹¹¹
1036 1656 1278 1714 negative;
1315 1656 1371 1701 ad
1404 1656 1458 1700 2¹³⁰
1492 1656 1723 1714 negative.
1922 1654 1925 1656 ’

569 1836 586 1882 ἕ
614 1837 669 1872 12.
698 1855 741 1860 -
767 1836 826 1872 De
853 1835 1140 1882 impedimento
1163 1834 1355 1882 publicae
1380 1833 1610 1870 honestatis.

315 1990 415 2035 955.
451 1988 658 2033 Publicae
693 1987 948 2033 honestatis
982 1987 1370 2046 impedimentum
1413 1991 1483 2031 est
1527 1986 1845 2046 propinquitas
1886 1990 1987 2031 orta

193 2075 271 2121 vel
303 2089 361 2119 ex
395 2071 681 2132 sponsalibus
716 2071 879 2117 validis
915 2072 986 2116 vel
1021 2085 1079 2115 ex
1114 2070 1414 2115 matrimonio
1449 2074 1560 2115 rato.
1595 2074 1734 2114 Porro
1769 2073 1820 2114 ut
1842 2069 1985 2129 Impe-

193 2158 456 2203 dimentum
490 2154 745 2200 honestatis
778 2157 1014 2212 praestent
1046 2152 1294 2212 sponsalia,
1331 2165 1518 2198 necesse
1550 2157 1636 2209 est,
1662 2157 1714 2197 ut
1736 2156 1886 2197 certas
1908 2152 1985 2197 ha-

195 2243 336 2287 beant
369 2239 673 2286 conditiones.
712 2240 773 2282 Ac
811 2239 849 2294 1)
886 2237 1055 2281 debent
1087 2249 1186 2280 esse
1234 2235 1384 2280 valida
1410 2236 1450 2292 ¹3
1496 2236 1617 2280 unde
1656 2235 1693 2280 si
1737 2236 1987 2294 impotens,

191 2329 278 2371 aut
311 2329 419 2369 voto
452 2321 646 2367 solemni
685 2321 754 2365 vel
787 2320 946 2365 ordine
980 2333 1110 2364 sacro
1145 2319 1327 2377 ligatus,
1362 2322 1443 2364 aut
1475 2319 1563 2363 alio
1586 2332 1878 2378 quocumque
1901 2318 1986 2362 im·

195 2407 463 2468 pedimento
510 2405 756 2450 dirimente
804 2403 1083 2449 constrictus
1129 2403 1357 2462 sponsalia
1401 2402 1601 2447 celebret
1634 2416 1741 2447 cum
1777 2401 1986 2458 muliere,

196 2491 368 2551 poterit
400 2491 531 2546 haec,
565 2490 745 2535 detecta
779 2488 843 2534 rei
880 2488 1103 2544 veritate,
1152 2488 1357 2532 eiusdem
1391 2488 1748 2545 consanguineis
1792 2487 1983 2545 nubere,

196 2574 305 2634 quia
339 2572 565 2633 sponsalia
601 2571 729 2617 irrita
763 2585 844 2630 pro
877 2571 1020 2616 nihilo
1070 2575 1369 2630 reputantur:
1416 2570 1538 2615 aliud
1585 2575 1684 2615 erat
1733 2571 1990 2617 secundum

195 2656 271 2702 ius
301 2657 562 2716 antiquum.
599 2658 641 2713 2)
680 2655 735 2699 Ut
767 2654 996 2713 sponsalia
1031 2653 1417 2713 impedimentum
1440 2653 1662 2698 dirimens
1691 2654 1891 2712 pariant,
1915 2653 1991 2698 de·

196 2741 312 2784 bent
343 2753 442 2784 esse
475 2743 618 2794 certa,
654 2737 769 2782 idest
801 2750 909 2781 cum
945 2750 1138 2795 persona
1173 2736 1391 2794 singulari
1425 2739 1681 2781 contracta.
1734 2737 1777 2794 5)
1814 2736 1992 2782 Debent

194 2835 298 2867 esse
332 2821 568 2876 absoluta,
614 2821 735 2866 unde
768 2821 844 2881 qui
879 2819 1114 2879 sponsalia
1156 2833 1264 2864 cum
1308 2818 1460 2878 aliqua
1494 2819 1687 2863 muliere
1720 2818 1804 2864 sub
1836 2817 1992 2863 condi·

199 2903 328 2950 tione
360 2903 611 2959 contraxit,
647 2903 683 2948 si
719 2904 1010 2962 postmodum
1043 2907 1154 2948 ante
1189 2901 1467 2948 conditionis
1499 2905 1724 2946 eventum
1762 2914 1869 2945 cum
1903 2901 1992 2947 alia

325 3084 336 3103 ¹
364 3084 420 3121 Ex
446 3083 543 3120 Trid.
571 3084 667 3121 Sess.
696 3083 831 3129 XXIV,
857 3093 887 3119 c.
915 3082 978 3119 111.
