2176 3386
0 3236 95 3386 li
147 3261 154 3267 ’

755 178 886 208 Lim-:n
914 178 955 206 11.
991 178 1048 206 DE
1077 175 1379 206 nnoummnus
1878 161 1959 205 439

157 274 229 334 'ln
264 284 417 332 citatis
449 284 628 330 casibus
659 282 693 328 si
729 296 800 328 res
831 281 1030 327 subitam
1063 282 1220 339 fugam
1252 283 1489 339 exposcat,
1518 278 1582 324 ita
1619 281 1671 323 ut
1703 277 1957 337 periculum

177 369 242 416 sit
271 369 319 414 in
352 381 497 423 mora,
532 378 784 412 consensus
815 363 1068 423 Superioris
1100 363 1410 424 praesumitur
1434 365 1464 408 ¹.
1546 363 1553 368 “

297 451 426 507 Quod
456 450 492 495 si
526 462 663 495 causa
695 449 845 509 aliqua
878 448 1108 494 ordinaria
1142 448 1367 493 habeatur
1398 447 1454 492 ad
1486 446 1831 504 egrediendum,
1865 459 1956 490 non

176 535 287 580 licet
319 532 505 579 moniali
538 534 790 578 claustrum
823 533 1031 577 deserere
1064 531 1234 590 absque
1268 531 1404 575 venia
1440 529 1725 588 Apostolicae
1759 529 1898 573 Sedis.

301 617 400 662 566.
438 615 660 661 Moniales
698 628 815 674 quae
847 618 1007 659 contra
1042 614 1123 668 has
1156 615 1274 672 leges
1305 617 1351 658 et
1388 613 1558 672 absque
1590 612 1741 657 debita
1774 612 1959 658 licentia

173 699 329 757 egredi
364 696 768 757 praesumpserint,
792 695 1328 742 excommunicationem
1354 688 1602 740 incurrunt
1634 696 1752 740 latae
1775 700 1960 740 sentcn-

179 783 271 827 tiae
310 787 512 827 Romano
554 780 758 826 Pontifici
798 785 1098 825 reservatam.
1147 779 1288 825 Hodie
1329 793 1439 824 vero
1472 779 1595 838 ipsae
1629 783 1813 823 tantum
1853 778 1959 823 huic

174 879 401 911 censurae
425 865 680 920 subiacent,
707 878 798 909 non
825 879 933 909 vero
957 863 1235 923 Superiores,
1261 863 1338 923 qui
1362 863 1475 907 dant
1496 862 1561 907 eis
1590 861 1827 907 licentiam
1860 862 1959 906 sine

174 964 334 1007 causa,
372 963 517 1009 neque
551 949 827 994 comitantes
848 952 894 992 et
917 946 1215 1005 recipientes:
1252 960 1400 1006 neque
1434 960 1640 1004 egressae
1673 960 1779 990 cum
1807 946 1959 991 debita

180 1033 415 1086 facultate,
440 1045 573 1090 quae,
598 1030 786 1075 delinito
808 1030 873 1075 eis
895 1034 1101 1088 tempore
1127 1044 1218 1074 non
1249 1034 1563 1074 revertuntur.
1599 1032 1752 1075 Const.
1782 1034 1960 1086 Aposto-

178 1117 297 1161 lieae
328 1115 468 1160 Sedis
505 1116 691 1159 Ceterae
738 1118 895 1158 autem
931 1127 1121 1173 poenae,
1157 1113 1322 1173 quibus
1371 1118 1551 1172 praeter
1583 1113 1959 1158 excommunica·

180 1199 371 1254 tionem,
397 1197 729 1242 coercebantur
753 1197 979 1242 violantes
1001 1197 1277 1252 clausuram,
1305 1195 1349 1241 id
1371 1201 1440 1241 est
1463 1196 1660 1255 privatio
1683 1195 1959 1252 dignitatum

174 1285 227 1324 et
258 1280 509 1324 officiorum
558 1283 604 1323 et
636 1279 898 1323 inhabilitas
946 1280 992 1323 in
1028 1283 1261 1336 posterum
1306 1279 1361 1323 ad
1401 1292 1452 1323 ea
1502 1278 1784 1333 obtinenda,
1819 1277 1959 1322 etiam

179 1376 305 1407 nunc
350 1363 504 1407 salvae
538 1367 838 1421 permanent,
889 1361 1112 1421 siquidem
1163 1376 1242 1420 per
1288 1362 1458 1406 dictam
1491 1364 1643 1406 Const.
1683 1361 1961 1419 Apostolicae

181 1445 309 1489 Sedis
339 1445 608 1502 abrogatum
644 1444 729 1489 fuit
764 1444 832 1489 ius
864 1445 1106 1505 antiquum
1142 1445 1292 1504 quoad
1327 1458 1545 1490 censuras
1580 1449 1777 1489 tantum.

301 1530 400 1574 567.
437 1531 680 1575 Clausurae
713 1531 785 1574 lex
821 1530 1038 1587 importat
1079 1530 1286 1587 insuper,
1318 1535 1378 1583 {et
1412 1528 1586 1574 nemini
1629 1529 1960 1587 cuiuscumque

175 1613 472 1668 conditionis,
497 1627 650 1669 sexus,
680 1614 750 1658 vel
784 1613 964 1668 aetatis,
993 1615 1059 1658 fas
1081 1613 1208 1658 sitin
1236 1613 1501 1659 monasterii
1535 1618 1662 1672 septa
1695 1627 1742 1658 se
1772 1612 1959 1669 inferre,

175 1704 227 1744 et
259 1698 295 1743 si
327 1700 428 1759 quis
461 1713 591 1746 secus
625 1699 756 1755 faxit,
793 1700 889 1758 ipso
923 1699 1045 1744 facto
1079 1699 1615 1745 excommunicationem
1649 1698 1844 1743 incurrit
1878 1702 1961 1743 Ro-

181 1796 320 1826 mano
354 1782 561 1827 Pontifici
597 1788 896 1837 reservatam,
922 1782 995 1827 cui
1028 1783 1170 1828 etiam
1205 1783 1514 1828 subiiciuntur
1546 1782 1895 1827 introducentes
1917 1785 1963 1826 et

176 1866 480 1911 admittentes
502 1866 533 1912 ².

303 2054 312 2072 ²
342 2055 470 2098 Quoad
496 2056 766 2102 Episcoporum
799 2056 1056 2093 auctoritatem
1085 2056 1121 2091 in
1147 2056 1341 2102 religiosas
1368 2056 1560 2093 clausuras
1599 2057 1804 2101 adstrictas,
1831 2067 1963 2103 propo-

176 2125 252 2161 sita
286 2131 372 2162 sunt
405 2126 483 2162 Sac.
510 2126 643 2172 Congr.
673 2128 759 2173 Epp.
788 2131 824 2164 et
850 2128 938 2173 Reg.
966 2127 1078 2164 dubia
1116 2128 1329 2173 sequentia:
1361 2126 1393 2171 1)
1411 2127 1471 2164 An
1497 2128 1705 2174 Episcopus
1745 2130 1964 2166 auctoritate

182 2198 330 2244 propria
368 2199 577 2244 permittere
603 2199 722 2235 valeat
749 2203 786 2236 ut
814 2199 925 2244 recipi
953 2199 1096 2245 possint
1124 2200 1161 2235 in
1190 2199 1422 2236 Monasteriis
1462 2199 1656 2237 clausurae
1683 2200 1860 2237 subiectis
1887 2210 1964 2237 mu-

182 2269 301 2313 lieres,
328 2279 421 2316 quae
460 2271 603 2316 ingredi
629 2271 782 2317 cupiunt
809 2270 919 2307 veluti
947 2269 1235 2317 pensionariae?
1262 2270 1297 2316 2)
1315 2271 1457 2308 Pariter
1496 2275 1617 2318 potest
1643 2271 1873 2316 ordinarius,
1899 2281 1964 2308 au-

176 2341 347 2378 ctoritate
376 2342 532 2388 propria,
559 2343 605 2378 ad
631 2346 775 2389 tempus
801 2342 859 2379 vel
886 2343 923 2379 in
952 2346 1168 2389 perpetuum
1203 2342 1402 2379 monialem
1429 2343 1590 2389 aliquam
1617 2343 1661 2379 de
1688 2352 1763 2379 uno
1791 2343 1837 2379 ad
1862 2343 1964 2380 aliud

182 2412 444 2449 Monasterium
472 2414 666 2450 transferre
693 2415 803 2450 etiam
831 2413 979 2451 Ordinis
1005 2414 1181 2457 eiusdem,
1202 2414 1298 2451 iusta
1323 2414 1590 2451 interveniente
1618 2413 1761 2451 causa?
1786 2413 1822 2460 5)
1839 2415 1965 2452 Potest

106 2488 113 2494 '
181 2492 229 2519 ne
257 2484 403 2520 tandem
422 2484 653 2527 Ordinarius,
671 2486 885 2523 auctoritate
913 2487 1063 2533 propria
1090 2486 1284 2523 transferre
1311 2485 1475 2532 aliquam
1502 2485 1713 2529 monialem,
1732 2486 1880 2532 quando
1906 2496 1964 2522 ea-

180 2555 266 2592 dem
300 2556 417 2593 electa
444 2556 549 2593 fuerit
577 2557 614 2593 in
640 2557 925 2603 Superiorissam
964 2557 1116 2594 alterius
1144 2557 1369 2600 Monasterii,
1395 2561 1457 2594 aut
1483 2562 1634 2593 censeat
1669 2558 1796 2594 utilem
1822 2567 1903 2593 esse
1930 2563 1965 2594 et

177 2628 356 2674 expedire
382 2628 657 2666 translationem
697 2629 880 2666 eiusmodi
909 2639 991 2666 cum
1021 2630 1089 2667 hoc
1117 2627 1301 2666 munere?
1330 2629 1493 2666 tamvero
1521 2629 1602 2667 Sac.
1629 2629 1760 2675 congr.
1788 2630 1964 2666 Effiorum

178 2699 286 2736 card.
312 2710 423 2746 super
460 2701 674 2746 praemissis
699 2701 822 2738 dubiis
861 2701 919 2738 die
949 2701 992 2738 16
1019 2701 1097 2738 iulii
1126 2701 1216 2738 1884
1248 2701 1435 2738 mandavit
1475 2701 1654 2737 rescribi:
1690 2715 1703 2732 ι
1722 2701 1900 2747 Negative
1928 2701 1966 2738 in

184 2771 358 2809 omnibus
376 2786 408 2808 ι.
1991 2754 1997 2758 ’

303 2843 316 2861 ’
343 2843 491 2889 Ingredi
530 2848 585 2880 est
611 2844 709 2880 intus
737 2844 788 2880 ire
813 2849 878 2880 aut
904 2844 1106 2881 consistere
1133 2848 1168 2880 et
1195 2853 1272 2879 non
1300 2847 1441 2880 tantum
1481 2843 1593 2890 pedes
1620 2853 1768 2890 ponere.
1796 2844 1967 2882 Introdu-

181 2923 282 2957 cere,
307 2918 362 2951 est
388 2915 486 2951 intus
513 2915 654 2951 mittere
682 2915 737 2951 vel
765 2915 907 2960 ingredi
934 2914 1071 2952 volenti
1101 2915 1249 2951 ianuam
1292 2915 1446 2961 aperire.
1477 2915 1682 2952 Admittere
1708 2919 1764 2952 est
1791 2916 1965 2962 recipere,

182 2984 346 3030 recipere
371 2989 493 3022 autem
520 2985 747 3031 intelligitur,
774 2986 837 3032 qui
864 2985 1060 3032 prohibere
1088 2985 1196 3022 debet
1221 2989 1257 3022 et
1283 2985 1388 3022 facile
1421 2989 1540 3031 potest
1566 2990 1603 3023 ct
1629 2991 1749 3022 tamen
1781 2996 1858 3023 non
1885 2996 1965 3033 pro-

185 3053 300 3091 hibet.
325 3053 374 3092 cf.
402 3054 643 3092 D'ANNIBALE
668 3056 806 3092 Comm.
835 3056 872 3092 in
898 3056 1022 3093 Const.
1052 3055 1172 3103 Apost.
1201 3056 1310 3094 Sedis.
