2176 3386
805 175 935 205 Lnffin
963 176 987 204 1.
1022 175 1078 204 DE
1108 174 1301 204 cfflmcis
1871 165 1946 204 151

165 298 266 329 rum
301 283 420 328 Petri
453 286 499 327 et
531 282 654 327 Pauli
688 281 992 337 benedicitur,
1027 287 1073 326 et
1106 285 1262 340 postea
1296 283 1342 325 in
1377 282 1531 326 arcula
1565 285 1783 340 argentea
1808 297 1946 341 prope

163 379 327 425 corpus
359 369 400 410 S.
441 365 557 411 Petri
589 365 861 424 deponitur,
899 364 1198 422 petitionibus
1240 364 1696 424 Archiepiscoporum
1742 380 1843 411 eam
1879 382 1947 412 re·

163 450 390 495 servando
409 451 437 492 ¹.
466 453 540 493 Est
561 454 716 493 autem
744 449 935 493 Pallium
958 448 1219 506 symbolum
1245 448 1580 493 ecclesiasticae
1600 449 1944 506 iurisdictionis,

162 516 288 595 quae.
320 533 494 579 scilicet
524 547 549 578 a
585 537 715 578 Petro
759 533 803 576 in
849 536 1026 577 ceteros
1058 531 1320 587 derivatur,
1357 531 1545 591 eiusque
1589 533 1777 590 proinde
1821 533 1946 591 origo

164 616 281 661 male
312 630 337 660 a
373 614 603 659 nonnullis
635 614 692 658 ab
726 614 1080 672 imperatoribus
1112 614 1276 659 educta
1310 618 1379 658 est
1403 613 1434 657 2.

288 699 381 743 196.
423 702 482 742 De
507 697 644 742 Pallio
675 701 830 742 autem
856 697 1128 756 inquirenda
1162 702 1286 741 sunt:
1328 698 1364 752 l)
1390 698 1664 756 qualitates3
1696 699 1737 753 2)
1765 698 1946 744 collatio

160 786 206 827 et
242 795 362 825 usus.

282 868 334 908 Et
368 863 513 922 primo
553 863 737 923 quidem
782 863 901 921 pallii
946 863 1191 922 qualitates
1232 863 1349 908 duae
1392 868 1525 907 sunt:
1583 865 1620 920 l)
1660 865 1942 921 Necessitas,

118 994 120 996 ,
160 962 275 1008 quae
308 948 529 992 eiusmodi
564 952 648 1002 est,
686 952 735 991 ut
767 961 820 991 eo
857 947 1061 992 nondum
1102 951 1308 1006 accepto,
1348 962 1493 1007 neque
1528 948 1763 1006 plenitudo
1798 950 1945 1007 ponti-

161 1030 301 1075 ficalis
341 1029 503 1087 officii,
541 1044 687 1089 neque
734 1044 903 1075 nomen
950 1030 1098 1088 ipsum
1135 1030 1526 1089 Archiepiscopale
1558 1032 1660 1091 quis
1693 1037 1940 1076 mereatur.

160 1114 285 1158 Unde
320 1113 541 1173 sequitur,
577 1114 738 1158 eodem
774 1114 978 1158 nondum
1014 1119 1218 1172 accepto,
1247 1114 1648 1174 Archicpiscopum
1687 1130 1778 1160 non
1815 1130 1943 1174 posse

161 1213 377 1245 exercere
410 1212 488 1243 eos
510 1202 656 1253 actus,
681 1199 755 1256 qui
783 1199 979 1242 maiores
1012 1203 1119 1243 sunt
1141 1199 1288 1256 quoad
1322 1198 1528 1242 ordinem
1563 1199 1865 1256 episcopalem
1900 1203 1946 1243 et

159 1285 234 1344 qui
260 1289 410 1327 vestes
445 1282 728 1340 pontificales
761 1283 970 1340 exigunt,
999 1283 1083 1328 nisi
1119 1285 1234 1327 foi-te
1270 1283 1314 1327 in
1349 1284 1497 1328 aliena
1532 1283 1744 1338 dioecesi,
1783 1287 1941 1341 rogatu

158 1365 386 1410 Ordinarii
424 1364 664 1423 peragendi
698 1364 804 1409 sint.
841 1366 997 1418 Quoad
1021 1370 1151 1411 actus
1186 1380 1295 1410 vero
1319 1365 1644 1411 iurisdictionis
1683 1366 1736 1411 iis
1760 1372 1941 1411 tantum

160 1449 284 1505 fungi
322 1461 465 1506 posse,
500 1448 575 1506 qui
610 1453 719 1492 sunt
742 1448 956 1492 omnibus
991 1448 1221 1506 Episcopis
1254 1462 1541 1503 communes,
1568 1454 1839 1494 nouantem
1865 1450 1941 1509 qui

159 1530 323 1588 proprii
349 1530 442 1574 sint
467 1530 670 1574 muneris
702 1530 1114 1588 archiepiscopalis.
1156 1532 1356 1590 Denique
1382 1532 1515 1589 pallio
1538 1532 1722 1588 amisso,
1751 1533 1822 1577 vel
1845 1547 1942 1577 cor-

159 1625 285 1667 roso,
323 1626 496 1656 novum
533 1612 621 1671 peti
657 1613 790 1658 debet
815 1614 846 1669 ’ἢ
888 1628 940 1657 ac
974 1628 1208 1659 corrosum
1249 1614 1613 1659 comburendum
1652 1620 1721 1660 est
1754 1615 1941 1674 eiusque

158 1694 335 1739 cineres
367 1695 413 1738 in
448 1695 646 1739 sacrario
680 1697 986 1754 reponendae.
1036 1700 1077 1753 2)
1114 1698 1321 1742 Secunda
1355 1698 1551 1756 qualitas
1590 1697 1709 1755 pallii
1743 1702 1812 1742 est
1846 1712 1942 1755 per-

157 1778 391 1834 sonalitas,
417 1793 532 1837 quae
566 1780 706 1824 aflicit
732 1780 1135 1838 Archiepiscopum
1164 1786 1296 1839 prout
1330 1781 1431 1826 talis
1454 1787 1548 1835 est;
1583 1795 1672 1840 quo
1697 1781 1772 1826 fit:
1810 1783 1854 1836 α)
1893 1787 1943 1826 ut

159 1863 343 1921 pallium
388 1863 667 1908 commodari
720 1869 941 1923 nequeat3
989 1866 1028 1921 b)
1067 1870 1117 1908 ut
1160 1870 1336 1910 mutata
1383 1866 1603 1920 Ecclesia,
1640 1880 1815 1911 novum
1851 1866 1941 1924 peti

157 1946 342 2002 debeat3
382 1948 419 2003 c)
458 1952 508 1990 ut
544 1947 892 2006 Archiepiscopo
927 1954 1131 2003 mortuo,
1168 1963 1273 1993 cum
1308 1964 1361 1994 eo
1393 1949 1555 1993 debeat
1607 1949 1808 2007 sepeliri,
1844 1950 1941 1994 sive

156 2029 368 2074 cadaveri
403 2030 801 2087 superinductum,
826 2031 860 2074 si
899 2031 943 2074 in
968 2031 1162 2076 dioecesi
1188 2032 1382 2087 decedit,
1409 2033 1507 2076 sive
1541 2032 1677 2090 capiti
1707 2032 1765 2076 sit
1787 2046 1940 2091 super-

159 2113 373 2172 positum,
409 2112 443 2156 si
478 2118 637 2169 extra,
674 2114 719 2168 d)
748 2118 798 2157 ut
829 2114 1017 2158 dimisso
1054 2114 1473 2173 Arcliiepiscopatu,
1510 2115 1715 2160 adhiberi
1747 2116 1942 2173 amplius

157 2208 248 2239 non
285 2196 446 2253 possit,
483 2197 519 2250 e)
557 2200 608 2239 ut
640 2195 676 2239 si
710 2210 765 2240 cx
800 2196 1141 2254 dispensatione
1186 2199 1441 2255 Apostolica
1485 2198 1597 2242 duos
1633 2198 1940 2257 archiepisco-

158 2284 288 2338 patus
320 2279 421 2338 quis
455 2280 667 2335 retineat,
703 2281 870 2339 duplex
905 2280 1015 2325 item
1049 2281 1235 2339 pallium
1271 2282 1437 2326 habere
1470 2283 1649 2327 debeat.

278 2364 373 2408 197.
411 2364 597 2409 Collatio
641 2364 760 2422 pallii
804 2365 916 2409 duos
962 2369 1092 2409 actus
1125 2365 1474 2423 complectitur,
1511 2366 1855 2412 concessionem
1893 2371 1940 2412 et

156 2447 468 2493 traditionem.
508 2453 642 2493 Porro
665 2450 900 2495 concessio
935 2450 984 2494 lit
1016 2465 1040 2495 a
1075 2451 1170 2495 solo
1200 2455 1405 2497 Romano
1433 2453 1667 2509 Pontifice,
1690 2454 1935 2511 praemissa

156 2532 212 2576 ab
235 2531 582 2591 Archiepiscopo
604 2534 808 2578 eiusdem
845 2534 1064 2591 petitione
1099 2535 1342 2591 instanter,
1369 2536 1635 2592 instantius,
1661 2537 1937 2581 instantissi-

159 2628 229 2658 me
252 2614 265 2638 ¹‘
301 2614 420 2659 intra
454 2619 547 2660 tres
583 2630 764 2661 menses
795 2632 820 2662 a
858 2622 1037 2675 recepta
1071 2618 1438 2674 consecratione,
1477 2620 1547 2664 vel
1571 2619 1607 2663 si
1642 2625 1937 2665 consecratus

157 2696 245 2742 iam
272 2698 425 2754 fuerit,
451 2713 475 2744 a
509 2699 886 2757 confirmatione3
925 2701 1058 2760 idque
1092 2716 1171 2760 per
1193 2714 1256 2757 se,
1283 2702 1316 2746 si
1353 2716 1568 2760 praesens
1600 2703 1673 2758 sit,
1711 2702 1745 2747 si
1779 2708 1935 2747 autem

277 2838 284 2856 ¹
315 2837 449 2874 Bened.
478 2837 563 2873 XIV
589 2844 705 2875 const.
734 2839 872 2876 Rerum
896 2841 1237 2876 Ecclesiasticarum
1266 2841 1308 2876 12
1336 2850 1419 2886 aug.
1450 2840 1550 2876 1748.

273 2909 285 2927 ²
313 2909 381 2945 Cfr.
409 2909 704 2946 SnnAsriANsLm
729 2911 1002 2947 Praelectiones
1029 2913 1080 2948 De
1107 2912 1420 2958 Archicpiscopis.

274 2979 287 2998 ³
313 2981 437 3017 Parim
464 2981 485 3018 l.
513 2991 543 3017 c.

271 3049 286 3070 ⁸
311 3051 362 3087 Cf.
388 3052 475 3088 Can.
495 3052 517 3088 2
543 3052 723 3089 Disi.100
748 3053 811 3090 ubi
837 3054 972 3090 dicitur
998 3054 1152 3100 pallium
1173 3055 1474 3100 Archiepiscopis
1501 3054 1640 3091 fortiter
1658 3054 1935 3100 postulantibus

155 3107 274 3158 solum
299 3123 579 3160 concedendum
604 3133 697 3161 esse.
