2176 3386
781 194 911 223 LIBER
939 194 964 222 1.
994 194 1051 222 DE
1081 192 1276 222 cLEmcls
1846 181 1929 220 299

141 299 278 355 vatis,
313 299 461 344 eidem
495 298 753 358 providere,
790 303 975 357 peracto
1008 311 1260 355 concursu;
1297 298 1408 342 alias
1440 297 1641 356 provisio
1681 298 1737 342 ad
1779 297 1923 356 ipsam

140 382 444 441 Apostolicam
478 383 639 428 Sedem
672 381 950 426 devolvitur.
998 385 1119 426 Haec
1152 381 1311 426 eadem
1357 380 1610 425 reservatio
1649 380 1800 425 locum
1847 381 1923 425 ha-

135 467 228 522 bet,
264 480 368 511 cum
404 464 617 523 parochia
651 469 720 509 est
751 464 863 508 iuris
898 467 1166 522 patronatus
1198 463 1524 519 ecclesiastici,
1563 465 1633 508 vel
1671 463 1835 519 mixti,
1887 464 1922 509 si

135 548 255 593 infra
289 554 469 606 tempus
503 547 709 606 patronis
740 562 763 591 a
809 547 905 592 iure
951 547 1283 607 praescriptum
1326 562 1419 592 non
1459 548 1538 592 liat
1586 548 1919 606 praesent-atim

141 637 278 691 atque
312 632 422 676 item
457 634 491 676 si
526 631 647 675 intra
681 631 793 675 duos
827 645 1007 676 menses
1039 646 1064 676 a
1098 631 1170 676 die
1206 631 1591 690 praesentationis
1625 645 1718 675 non
1753 630 1832 675 [iat
1855 631 1923 675 in·

139 715 333 759 stitutio.
371 714 529 768 Quoad
562 714 802 773 parochias
836 728 945 759 vero
977 728 1171 774 quarum
1209 715 1392 759 collatio
1427 715 1626 773 pertinet
1669 714 1724 759 ad
1770 716 1811 758 S.
1850 718 1922 760 Se·

136 798 258 853 dem,
293 798 329 841 si
366 798 484 842 intra
518 803 716 856 quatuor
749 811 931 843 menses
964 812 988 842 a
1022 798 1094 842 die
1129 798 1389 843 vacatIOnis
1420 798 1651 842 Ordinarii
1681 811 1771 842 non
1807 798 1924 842 desi·

136 882 385 941 gnaverint
418 881 517 926 Sedi
553 882 838 939 Apostolicae
871 881 1125 939 digniorem
1161 882 1282 926 inter
1314 883 1609 939 approbatos,
1655 881 1921 926 omnimoda

135 966 370 1024 dispositio
405 972 669 1010 reservatur
707 969 912 1009 Romano
951 965 1175 1010 Pontifici.
1219 966 1261 1023 2)
1289 966 1429 1010 Debet
1463 966 1629 1010 deinde
1675 966 1922 1025 Episcopus

131 1049 331 1094 indicere
366 1063 444 1107 per
478 1048 654 1106 publica
702 1048 847 1092 edicta
895 1061 1172 1093 concursum
1214 1048 1376 1106 ipsum.
1426 1049 1667 1094 Terminus
1718 1063 1826 1094 vero
1874 1050 1919 1094 in

134 1133 299 1178 edictis
330 1133 680 1177 constituendus
713 1147 769 1177 ex
805 1137 941 1178 Conc.
981 1132 1099 1177 Trid.
1146 1138 1215 1177 est
1248 1132 1425 1177 dierum
1462 1134 1638 1189 decem,
1676 1138 1723 1178 at
1756 1148 1918 1178 conce·

132 1218 201 1262 dit
233 1221 273 1263 S.
314 1218 376 1261 Pii
415 1221 449 1261 V
482 1218 758 1263 Constitutio
794 1221 850 1261 In
894 1218 1197 1275 conserendis
1238 1223 1288 1262 ut
1334 1219 1406 1263 hic
1445 1219 1764 1264 terminusad
1809 1219 1919 1264 alios

133 1300 292 1345 decem
327 1299 421 1344 dies
455 1300 686 1358 prorogari
721 1305 859 1359 queat
894 1305 939 1344 et
981 1315 1073 1344 non
1109 1302 1253 1345 ultra.
1307 1303 1348 1356 5)
1376 1306 1487 1346 (jum
1526 1316 1634 1346 xero
1678 1316 1826 1361 neque
1871 1303 1917 1347 in

136 1382 369 1426 conciliari
404 1382 605 1438 decreto,
644 1397 790 1442 neque
825 1382 870 1426 in
909 1383 1042 1441 piana
1077 1383 1414 1429 Constitutione
1456 1384 1685 1428 examinis
1726 1385 1771 1428 in
1811 1399 1917 1429 con-

132 1481 268 1511 cursu
304 1467 544 1525 peragendi
581 1468 727 1511 forma
763 1481 841 1511 seu
878 1467 1121 1512 methodus
1155 1467 1242 1511 ulla
1278 1472 1402 1512 certa
1436 1482 1489 1512 ac
1538 1467 1777 1526 peculiaris
1825 1482 1914 1513 ser-

136 1551 284 1595 vanda
320 1551 548 1609 proposita
583 1551 760 1606 fuisset,
798 1550 965 1595 idcirco
999 1550 1052 1594 ad
1090 1549 1277 1595 vitanda
1316 1551 1608 1595 incommoda
1642 1565 1759 1610 quae
1781 1565 1839 1595 ex
1863 1565 1916 1595 eo

128 1635 394 1680 oriebantur
427 1639 523 1680 Sac.
561 1640 720 1692 congr.
755 1634 941 1680 Concilii
978 1635 1022 1678 in
1059 1634 1222 1679 litteris
1255 1634 1378 1679 iussu
1413 1635 1662 1680 Clementis
1686 1640 1742 1682 xl
1765 1635 1836 1680 die
1865 1636 1916 1681 10

128 1717 222 1762 iulii
261 1719 365 1762 1721
405 1717 554 1773 editis,
591 1722 766 1762 certam
802 1718 1069 1762 methodum
1095 1717 1292 1762 habendi
1316 1718 1370 1762 ad
1396 1718 1678 1776 parochiales
1701 1718 1916 1763 ecclesias

127 1815 403 1846 concursum
440 1801 484 1845 in
521 1806 752 1859 posterum
777 1803 1054 1846 servandam
1080 1802 1358 1859 praestituit.
1400 1802 1640 1846 Posteriori
1668 1816 1776 1847 vero
1800 1808 1914 1847 tem-

126 1900 233 1944 pore
270 1886 431 1930 Bencd.
470 1886 598 1930 XIV¹
636 1886 862 1943 praefatas
896 1884 1070 1930 litteras
1103 1885 1386 1930 confirmans
1421 1886 1642 1930 nonnulla
1679 1890 1911 1944 praeterea

126 1968 330 2012 addenda
366 1969 438 2013 vel
474 1969 780 2023 immutanda,
818 1968 1040 2012 nonnulla
1075 1968 1278 2013 breviter
1322 1968 1368 2013 in
1409 1968 1569 2014 iisdem
1618 1969 1785 2014 tradita
1825 1970 1913 2014 cla-

126 2051 219 2095 rius
251 2051 522 2109 explicanda
557 2050 751 2095 censuit.
784 2052 827 2107 4)
858 2056 988 2096 quta
1023 2051 1362 2110 praescriptum
1404 2058 1542 2097 (jone.
1580 2052 1698 2097 'srid.
1739 2067 1792 2097 ac
1838 2057 1910 2097 Be-

126 2133 230 2177 ned.
266 2136 440 2189 Const.‚
476 2148 674 2178 examen
713 2148 791 2193 per
823 2147 1099 2179 concursum
1136 2140 1229 2179 tam
1264 2149 1402 2194 super
1433 2135 1642 2181 doctrina
1665 2149 1804 2195 quam
1839 2149 1911 2180 su-

125 2229 204 2272 per
236 2215 400 2260 ceteris
433 2216 810 2260 concurrentium
848 2216 1078 2276 requisitis
1110 2218 1408 2277 qualitatibus
1442 2219 1704 2264 habendum
1737 2226 1820 2265 est.
1860 2224 1909 2267 In

126 2301 260 2342 lnstr.
298 2302 394 2343 Sac.
431 2302 593 2357 Congr.
625 2301 719 2344 Fid.
758 2303 888 2357 Prop.
917 2300 988 2345 die
1027 2302 1079 2346 10
1103 2303 1249 2346 octob.
1284 2302 1391 2347 1885
1416 2303 1506 2348 lata
1531 2317 1612 2362 pro
1631 2307 1742 2349 Stat.
1774 2305 1904 2350 Foed.

125 2383 361 2426 Americae
395 2384 513 2440 Sept.
538 2386 649 2428 haec
675 2385 931 2430 habentur:
972 2406 990 2426 a
1021 2386 1151 2444 Viget
1176 2386 1221 2430 in
1247 2387 1473 2447 aliquibus
1495 2388 1778 2433 dioecesibus
1800 2403 1906 2433 con-

123 2465 314 2509 suetudo
347 2479 546 2511 examen
580 2467 635 2511 de
667 2467 876 2513 doctrina
910 2468 1150 2526 separandi
1186 2469 1243 2514 ab
1275 2470 1492 2515 examine
1526 2471 1580 2515 de
1616 2470 1801 2531 reliquis
1834 2485 1906 2516 ca-

123 2547 300 2592 nonicis
335 2548 578 2608 requisitis,
615 2555 661 2594 et
694 2551 779 2595 hoc
822 2552 876 2595 ad
912 2552 1058 2610 ipsum
1104 2567 1182 2610 pro
1226 2559 1423 2598 vacante
1467 2555 1674 2612 paroecia
1715 2569 1905 2600 concur-

121 2643 221 2674 sum
257 2631 470 2687 remisso,
507 2647 706 2678 examen
748 2635 803 2679 de
842 2634 1034 2680 scientia
1080 2636 1168 2681 alio
1214 2636 1358 2694 magis
1397 2643 1654 2695 opportuno
1698 2643 1905 2697 tempore

122 2713 405 2760 instituendi.
439 2717 747 2770 Quamobrem
782 2720 1037 2776 generatim
1074 2719 1140 2764 bis
1173 2719 1219 2764 in
1254 2734 1377 2764 anno
1411 2735 1609 2765 examen
1634 2721 1828 2765 habetur
1849 2722 1904 2766 de

121 2796 330 2852 scientia,
366 2797 412 2843 in
436 2813 525 2859 quo
547 2800 623 2858 qui
647 2802 882 2861 approbati
924 2804 1111 2858 fuerint,
1136 2804 1192 2848 ad
1214 2805 1535 2864 quodcumque
1554 2805 1812 2864 parochiale
1829 2806 1903 2851 be-

122 2879 336 2925 neficium
373 2882 492 2928 intra
523 2898 604 2929 sex
646 2885 880 2943 proximos
922 2893 1166 2946 sequentes
1204 2902 1351 2933 annos
1391 2893 1665 2934 vacaturum
1711 2904 1903 2935 concur·

238 3050 249 3069 ¹
277 3052 407 3088 Consu
427 3052 516 3089 Cum
542 3049 636 3091 illud
663 3053 706 3090 14
733 3054 810 3091 dec.
839 3054 943 3092 1742.
