2176 3386
566 200 695 228 Lim-:R
724 200 764 228 11.
796 199 853 228 ΒΕ
883 198 1021 227 minus
1052 197 1386 227 TEMPORALIBUS
1416 198 1469 227 Ac
1499 198 1647 227 MixT1s
1921 187 2001 227 295

212 308 327 351 sunt·
342 306 465 352 inter
487 307 565 352 eos
585 308 716 351 actus
748 305 991 363 legitimos,
1016 305 1094 365 qui
1117 304 1431 350 conditionem
1467 305 1738 350 extraneam
1773 309 1854 351 aut
1876 305 1998 350 diem

212 403 305 434 non
338 389 570 448 recipiunt
595 390 631 447 1;
678 390 719 445 5)
746 389 1054 434 determinate
1086 394 1239 433 certae
1275 402 1514 447 personae,
1552 376 1643 433 no'n
1687 388 1995 444 disiunctive;

212 473 254 531 6>
280 473 530 531 stabiliter,
567 473 683 518 ratio
720 472 843 517 enim
879 471 1089 516 beneficii
1123 470 1280 516 stricte
1311 471 1490 529 accepti
1532 471 1725 532 requirit
1758 476 1810 517 ut
1841 473 1998 517 confe-

211 562 340 602 ratur
370 558 426 602 ad
460 558 605 603 vitam
639 556 925 613 beneficiati3
978 556 1020 612 7)
1061 555 1160 600 sine
1193 555 1501 600 diminutione
1544 562 1625 601 aut
1658 558 1892 602 fructuum
1931 559 1997 603 re-

210 640 472 685 servatione
504 645 584 685 aut
618 640 853 698 pensione,
881 639 967 684 nisi
995 639 1187 684 Romani
1215 638 1446 684 Pontificis
1475 639 1727 685 auctoritas
1754 642 1942 685 accedat
1961 642 1993 686 ².

335 725 458 768 1278.
496 722 699 768 Maxime
746 726 901 767 autem
947 723 1002 766 ad
1043 723 1239 766 formam
1291 722 1607 780 provisionum
1656 723 1994 769 beneficialium

209 812 387 865 spectat
421 807 581 852 modus
613 821 665 851 ea
701 805 1031 865 consequendi,
1068 820 1234 864 nempe
1269 820 1347 864 per
1379 806 1673 862 electionem,
1701 807 1994 852 collationem

209 892 255 932 et
290 888 725 946 praesentationem.

952 1035 1131 1078 CAPUT
1176 1037 1246 1079 lV.

588 1167 646 1202 DE
676 1167 1031 1203 BENEFICIORUM
1061 1167 1239 1203 UNIONE
1267 1169 1326 1203 ET
1355 1168 1609 1205 DIVISlONE.

327 1284 453 1327 11279.
495 1288 570 1328 Est
602 1284 813 1343 equidem
855 1285 1094 1343 praecipua
1136 1285 1345 1329 beneficii
1382 1286 1679 1331 ecclesiastici
1721 1287 1990 1345 proprietas,

205 1367 324 1425 quod
358 1367 417 1411 sit
451 1373 748 1426 perpetuum,
785 1381 862 1413 seu
913 1369 1129 1412 collatum
1166 1369 1211 1413 in
1247 1369 1431 1413 titulum
1483 1375 1775 1428 perpetuum;
1830 1371 1991 1415 nihilo-

206 1448 361 1493 minus
396 1452 661 1509 frequenter
683 1451 912 1508 contingit
935 1456 985 1494 ut
1009 1452 1134 1509 plura
1160 1452 1381 1496 beneficia
1417 1452 1640 1496 uniantur
1666 1466 1743 1497 seu
1773 1453 1819 1497 in
1846 1468 1989 1498 unum

207 1531 495 1588 coalescant,
532 1537 612 1576 aut
660 1547 803 1576 unum
853 1532 1087 1577 dixidatur
1119 1534 1166 1577 in
1201 1534 1310 1590 (luo,
1352 1536 1420 1578 vel
1456 1535 1595 1579 etiam
1636 1535 1993 1580 dismembretur

206 1619 285 1658 aut
308 1614 499 1659 omnino
532 1615 860 1674 supprimatur.
902 1619 961 1660 De
996 1616 1065 1660 his
1101 1631 1242 1675 pauca
1277 1617 1512 1662 innuenda
1547 1623 1669 1662 sunt.

329 1698 454 1741 1280.
492 1698 607 1742 Unio
642 1698 808 1757 triplici
845 1700 978 1744 modo
1011 1700 1108 1744 fieri
1137 1705 1307 1758 potest:
1367 1702 1400 1755 l)
1438 1700 1500 1745 ita
1535 1708 1585 1745 ut
1618 1717 1676 1746 ex
1709 1703 1884 1747 duobus
1916 1704 1989 1748 be-

208 1780 383 1825 neficiis
416 1780 494 1825 fiat
528 1796 672 1826 unum
707 1797 851 1841 eaque
885 1783 930 1827 in
965 1797 1109 1827 unum
1149 1784 1273 1828 velut
1306 1784 1492 1828 tertium
1523 1798 1687 1843 corpus
1709 1786 1986 1840 coalescant,

202 1864 275 1910 cui
325 1865 561 1924 utriusque
598 1866 832 1924 prixilegia
867 1868 1297 1924 communicentur,
1350 1870 1390 1922 ⁶2)
1428 1868 1492 1912 ita
1527 1873 1576 1912 ut
1610 1868 1725 1912 duae
1764 1868 1989 1914 Ecclesiae

200 1962 344 2007 acque
378 1948 691 2007 principaliter
724 1950 947 1994 uniantur
970 1951 1053 1995 sub
1076 1952 1237 1995 eodem
1265 1956 1456 2007 rectore,
1483 1966 1571 2010 qua
1599 1951 1776 1996 ratione
1805 1956 1989 1996 maneet

198 2036 299 2089 post
332 2032 552 2077 unionem
586 2034 701 2077 duae
740 2034 964 2079 Ecclesiae
992 2035 1162 2094 absque
1187 2035 1519 2080 communione
1554 2035 1915 2094 prixilegiorum,
1942 2042 1988 2080 et

200 2120 363 2160 neutra
397 2116 530 2160 alteri
564 2117 822 2174 subiicitur,
858 2119 935 2162 sed
968 2118 1174 2176 singulae
1214 2133 1343 2163 suam
1389 2125 1628 2174 naturam,
1667 2121 1984 2178 proprietates,

200 2199 471 2256 prixilegia,
510 2201 738 2256 redditus,
776 2202 960 2246 titulum
997 2203 1228 2259 retinent,
1266 2203 1344 2247 uni
1381 2209 1534 2248 tamen
1570 2204 1739 2249 rectori
1773 2205 1985 2250 commit·

199 2285 386 2339 tuntur;
423 2284 465 2338 5)
502 2283 564 2328 ita
599 2289 649 2327 ut
683 2299 772 2329 una
808 2285 999 2330 ecclesia
1033 2286 1167 2331 alteri
1198 2287 1450 2332 accessorie
1485 2287 1689 2343 uniatur,
1715 2289 1834 2347 quod
1867 2289 1916 2333 fit
1948 2288 1985 2333 si

200 2377 289 2409 una
324 2366 455 2410 alteri
489 2367 759 2412 subjiciatur
794 2372 1028 2427 tamquam
1063 2370 1287 2427 superiori
1321 2385 1394 2415 ex.
1432 2385 1496 2428 gr.
1536 2372 1748 2429 parochia
1773 2372 1984 2429 dignitati

198 2449 466 2506 cathedrali,
492 2452 695 2511 adeoque
719 2452 867 2498 eidem
893 2453 1202 2512 coniungatur
1227 2456 1369 2500 veluti
1393 2457 1698 2502 accessorium
1725 2458 1979 2517 principali.

196 2531 278 2575 Hic
312 2546 422 2578 vero
457 2535 618 2579 modus
651 2536 816 2580 ceteris
848 2537 1135 2596 frequentior
1167 2538 1210 2582 id
1245 2544 1477 2597 operatur,
1513 2544 1564 2583 ut
1597 2541 1872 2586 beneficium
1918 2542 1983 2587 sic

199 2614 382 2659 unitum
417 2618 758 2676 quodammodo
790 2620 1092 2677 extinguatur
1124 2626 1170 2666 et
1198 2628 1411 2667 naturam
1448 2624 1866 2684 proprietatemque
1914 2639 1982 2671 as-

197 2703 350 2742 sumat
384 2699 595 2745 beneficii
631 2701 908 2759 principalis,
945 2703 1019 2748 cui
1051 2705 1242 2750 accedit.
1292 2705 1410 2751 Hinc
1444 2707 1651 2766 sequitur
1682 2709 1801 2767 quod
1840 2709 1876 2754 si
1910 2723 1981 2754 ec·

195 2780 329 2826 clesia
364 2789 578 2841 exempta
608 2786 859 2831 accessorie
894 2787 1082 2832 uniatur
1113 2802 1205 2832 non
1230 2795 1492 2848 exemptae,
1517 2791 1704 2836 amittat
1726 2793 1980 2851 exemptio-

197 2877 302 2908 nem
326 2882 334 2922 ;
375 2865 576 2911 vicissim
600 2867 635 2912 si
660 2882 752 2913 non
777 2875 993 2928 exempta
1029 2872 1218 2916 uniatur
1237 2878 1499 2931 exemptae,
1535 2880 1752 2933 exempta
1786 2877 1976 2922 evadat:

318 3004 324 3021 ¹
355 3003 444 3049 Reg.
471 3004 517 3041 50
544 3005 582 3040 in
608 3004 660 3042 60.

311 3075 324 3094 ³
350 3075 401 3112 Cf.
429 3080 546 3113 totum
572 3077 717 3114 titulum
751 3092 764 3109 ι
786 3079 829 3115 Ut
848 3079 1028 3116 beneficia
1045 3081 1299 3118 ecclesiastica
1317 3081 1396 3118 sine
1414 3083 1658 3121 diminutione
1686 3086 1922 3124 conferantur
1941 3101 1975 3124 ι.
