2176 3386
230 175 310 215 268
873 185 983 215 PAns
1011 186 1037 214 1.
1076 186 1133 214 DE
1161 185 1372 214 mansonis

230 298 300 338 est
332 307 412 352 pro
445 293 573 338 varia
610 293 937 352 Episcoporum
970 292 1205 347 distantia,
1242 291 1465 337 nimirum
1500 307 1580 350 pro
1612 293 1740 339 Italia
1774 298 1821 340 et
1852 294 2012 341 insulis

232 377 548 422 adiacentibus
580 376 853 432 triennium,
890 390 969 435 pro
1004 374 1266 433 regionibus
1297 375 1412 421 citra
1453 390 1578 421 mare
1617 378 1932 434 germanicum
1967 383 2014 424 et

231 462 451 508 balticum
475 461 850 522 quadriennium,
871 475 951 519 pro
974 459 1160 519 reliquis
1183 442 1388 519 Europa-e
1411 460 1672 518 regionibus
1694 465 1739 505 et
1762 475 1841 520 pro
1861 463 2012 507 Africa

232 545 620 606 quinquennium,
658 558 737 602 pro
771 544 957 603 reliquis
988 543 1284 588 decennium.
1345 542 1530 588 Initium
1575 543 1863 590 triennorum
1906 544 2014 590 alia·

235 643 428 686 rumque
462 628 750 686 periodorum
785 627 1120 672 desumendum
1154 631 1223 671 est
1267 640 1346 684 pro
1389 626 1572 671 cunctis
1614 627 1872 685 promiscue
1916 627 2014 686 Epi-

234 712 382 770 scopis
417 725 507 756 non
541 725 565 755 a
599 710 670 754 die
702 724 792 769 quo
826 708 908 767 ipsi
942 709 989 754 in
1022 708 1300 755 Consistorio
1335 708 1587 753 renuntiati
1621 713 1730 754 sunt
1761 710 1817 754 ad
1859 711 2013 755 sedem

235 795 537 853 episcopalem
572 794 644 838 vel
677 792 879 837 eiusdem
915 791 1248 850 possessionem
1282 791 1585 850 susceperint,
1612 792 1690 837 sed
1712 807 1736 837 a
1760 793 1832 837 die
1854 793 1911 838 -20
1935 797 2016 838 De-

235 879 381 924 cemb.
415 878 542 932 1585,
578 890 667 936 quo
700 876 770 920 die
805 875 1083 921 Constitutio
1116 875 1287 920 sixtina
1309 875 1431 920 edita
1466 880 1548 921 est.
1585 876 1627 920 Si
1651 875 1814 935 aliquis
1838 876 2015 934 Episco-

236 975 319 1020 pus
352 962 548 1019 postulet
581 964 631 1003 ut
663 959 860 1017 spatium
895 959 1116 1018 temporis
1138 958 1219 1003 sibi
1246 958 1536 1016 praefinitum
1562 963 1845 1018 prorogetur,
1882 962 2016 1004 Sacra

235 1044 553 1102 Congregatio,
592 1044 708 1087 iusta
742 1043 990 1088 accedente
1023 1055 1177 1097 causa,
1213 1042 1414 1087 abnuere
1450 1056 1543 1087 non
1577 1043 1706 1087 solet.

355 1128 455 1172 516.
496 1131 633 1172 Actus
667 1126 830 1184 triplex
867 1130 953 1181 est,
990 1125 1032 1169 id
1067 1131 1136 1170 est
1169 1125 1374 1170 visitatio
1409 1125 1707 1171 Basilicarum
1741 1126 1782 1170 S.
1820 1126 1939 1171 Petri
1974 1131 2020 1171 et

241 1211 394 1266 Pauli,
429 1210 569 1255 aditio
604 1210 743 1268 ipsius
781 1210 971 1255 Romani
1010 1209 1271 1264 Pontificis,
1310 1209 1470 1253 relatio
1511 1223 1588 1254 ore
1622 1209 1831 1254 facienda
1868 1210 2017 1255 eidem

240 1299 446 1339 Romano
482 1294 688 1339 Pontilici
723 1298 768 1338 et
801 1293 970 1351 scripto
1006 1293 1224 1338 tradenda
1257 1306 1412 1338 sacrae
1437 1292 1786 1350 Congregationi
1819 1295 1874 1337 de
1897 1297 2018 1338 statu

242 1378 466 1423 Ecclesiae
507 1392 615 1422 suae
648 1383 747 1422 tum
782 1378 931 1438 quoad
968 1391 1062 1432 res,
1098 1383 1195 1421 tum
1231 1377 1380 1436 quoad
1426 1390 1640 1434 personas
1683 1377 1810 1421 iuxta
1853 1378 2020 1422 instru-

239 1462 440 1507 ctionem
483 1463 539 1506 ab
572 1462 666 1520 ipsa
701 1464 835 1507 Sacra
869 1464 1031 1519 Congr.
1068 1461 1237 1506 editam
1271 1475 1388 1520 quae
1422 1460 1523 1506 heic
1555 1460 1808 1505 subiicitur.

245 1646 403 1702 Capita
438 1644 601 1702 quibas
633 1643 912 1700 respondere
945 1642 1106 1686 debent
1151 1643 1321 1685 Vieariz·
1361 1641 1603 1697 Apostolicz'
1643 1650 1698 1685 a'c
1750 1642 2022 1685 Missionum

363 1726 609 1783 Praefecti,
646 1733 696 1770 uc
729 1726 783 1770 de
817 1726 1084 1783 regionibus
1114 1726 1199 1769 sibi
1230 1726 1483 1768 commissis
1510 1724 1703 1780 plenam
1748 1724 1791 1766 S.
1828 1724 2023 1780 Conyre-

360 1813 544 1867 gyacv‘om‘
575 1811 852 1855 relationem
887 1809 1092 1853 reddant
1115 1809 1144 1853 ².

361 1967 461 2010 517.
499 1964 807 2022 infrascriptis
854 1962 1201 2023 quaestionibus
1249 1966 1464 2007 accurate
1513 1968 1559 2006 et
1596 1961 1798 2019 praecise
1841 1973 2025 2018 respon·
2063 1943 2068 1947 ’

242 2049 441 2093 dendum
462 2048 563 2102 erit,
590 2047 793 2092 adhibito
817 2046 981 2106 cuique
1005 2045 1290 2103 responsioni
1315 2044 1597 2104 quaestionis
1621 2057 1830 2100 numero;
1857 2042 1892 2087 si
1915 2041 2024 2101 quid

243 2146 354 2176 vero
388 2130 551 2190 aliquis
576 2132 692 2175 forte
717 2130 913 2188 reperiet
944 2130 1063 2193 quod
1098 2131 1153 2174 ad
1176 2142 1308 2174 suam
1345 2129 1611 2173 Missionem
1646 2141 1738 2172 non
1771 2129 1962 2183 spectet,
1988 2125 2026 2169 is

244 2215 448 2260 indicare
485 2215 651 2272 poterit
684 2228 948 2268 numerum,
974 2213 1137 2257 deinde
1171 2213 1299 2257 iuxta
1333 2212 1555 2256 scribere:
1594 2211 1660 2255 Ad
1692 2211 1832 2256 talem
1865 2223 2026 2254 nume-

247 2312 354 2342 rum
390 2312 485 2342 non
519 2304 581 2341 est
613 2298 734 2356 quod
767 2296 1098 2354 respondeam.-
1134 2299 1233 2339 tum
1267 2295 1323 2339 ad
1356 2299 1507 2340 cetera
1543 2297 1713 2354 perget.

364 2384 426 2426 De
459 2384 689 2426 Mis-sionis
721 2383 920 2437 oriyz'ne,
952 2393 1219 2437 progyressu,
1246 2385 1286 2423 ec
1308 2379 1540 2437 confiniis.
1577 2405 1633 2411 —
1672 2379 1709 2423 l.
1738 2382 1881 2422 Breve
1904 2391 2026 2422 com·

246 2463 463 2522 pendium
498 2463 769 2508 historicum
803 2462 924 2507 circa
958 2462 1201 2520 originem,
1242 2475 1530 2520 progressum
1563 2474 1616 2506 ac
1651 2460 1932 2505 mutationes
1954 2458 2027 2503 vi-

246 2547 447 2592 cariatus
479 2547 577 2591 sive
605 2546 921 2591 Praefecturae
943 2544 1289 2590 conficiendum
1312 2545 1413 2589 erit.
1442 2571 1499 2576 -
1522 2545 1565 2589 2.
1595 2541 1898 2588 Describenda
1922 2555 2028 2586 con·

246 2630 371 2685 linia,
407 2630 572 2689 quibus
604 2629 871 2674 continetur
903 2627 1188 2673 territorium
1225 2626 1481 2683 Missionis,
1527 2639 1581 2671 ac
1628 2626 1662 2670 si
1712 2625 1863 2684 aliqua
1905 2624 2026 2669 circa

245 2713 319 2758 illa
352 2712 666 2759 controversia
702 2711 888 2767 existat,
925 2711 1126 2756 rationes
1158 2714 1466 2769 exponentur.
1515 2712 1707 2766 Insuper
1749 2708 1907 2752 charla
1955 2720 2026 2750 co·

247 2795 514 2855 rographica
548 2795 822 2850 Vicariatus,
858 2793 1083 2854 siquidem
1119 2794 1166 2838 in
1203 2797 1415 2852 promptu
1451 2791 1608 2836 haberi
1642 2789 1798 2849 possit,
1822 2788 2027 2834 addenda

248 2881 322 2925 vel
355 2880 516 2925 saltem
551 2878 766 2936 deinceps
799 2877 1173 2923 transmittenda.

369 3046 377 3065 ¹
406 3045 504 3082 Vide
533 3046 571 3081 in
597 3044 747 3082 Collect.
774 3044 810 3080 S.
837 3045 873 3080 C.
900 3045 1008 3090 Prop.
1036 3043 1138 3080 Fidei
1164 3052 1199 3079 n.
1229 3041 1306 3079 109.
