<?xml version="1.0" encoding="UTF-8"?>
<!DOCTYPE html PUBLIC "-//W3C//DTD XHTML 1.0 Transitional//EN"
    "http://www.w3.org/TR/xhtml1/DTD/xhtml1-transitional.dtd">
<html xmlns="http://www.w3.org/1999/xhtml" xml:lang="en" lang="en">
 <head>
  <title>
</title>
<meta http-equiv="Content-Type" content="text/html;charset=utf-8" />
  <meta name='ocr-system' content='tesseract 3.04.00' />
  <meta name='ocr-capabilities' content='ocr_page ocr_carea ocr_par ocr_line ocrx_word'/>
</head>
<body>
  <div class='ocr_page' id='page_1' title='image "apparatus00ziteuoft_0679.png"; bbox 0 0 2176 3386; ppageno 0'>
   <div class='ocr_carea' id='block_1_1' title="bbox 0 0 428 306">
    <p class='ocr_par' dir='ltr' id='par_1_1' title="bbox 0 0 428 306">
     <span class='ocr_line' id='line_1_1' title="bbox 0 0 428 306; baseline 0 3080"><span class='ocrx_word' id='word_1_1' title='bbox 0 0 428 306; x_wconf 95' lang='lat' dir='ltr'><strong> </strong></span> 
     </span>
    </p>
   </div>
   <div class='ocr_carea' id='block_1_2' title="bbox 541 218 1978 266">
    <p class='ocr_par' dir='ltr' id='par_1_2' title="bbox 541 218 1978 266">
     <span class='ocr_line' id='line_1_2' title="bbox 541 218 1978 266; baseline -0.002 -6"><span class='ocrx_word' id='word_1_2' title='bbox 541 232 670 266; x_wconf 63' lang='lat' dir='ltr'><strong>unua</strong></span> <span class='ocrx_word' id='word_1_3' title='bbox 701 232 723 260; x_wconf 91' lang='lat'><strong>1.</strong></span> <span class='ocrx_word' id='word_1_4' title='bbox 756 231 812 259; x_wconf 80' lang='lat' dir='ltr'><strong>DE</strong></span> <span class='ocrx_word' id='word_1_5' title='bbox 843 230 980 259; x_wconf 67' lang='lat' dir='ltr'><strong>nanus</strong></span> <span class='ocrx_word' id='word_1_6' title='bbox 1010 230 1245 259; x_wconf 82' lang='lat' dir='ltr'><strong>ECCLESIAE</strong></span> <span class='ocrx_word' id='word_1_7' title='bbox 1275 229 1602 258; x_wconf 76' lang='lat' dir='ltr'><strong>SPlRITUALIBUS</strong></span> <span class='ocrx_word' id='word_1_8' title='bbox 1893 218 1978 258; x_wconf 80' lang='lat'><strong>175</strong></span> 
     </span>
    </p>
   </div>
   <div class='ocr_carea' id='block_1_3' title="bbox 1249 283 1888 288">
    <p class='ocr_par' dir='ltr' id='par_1_3' title="bbox 1249 283 1888 288">
     <span class='ocr_line' id='line_1_3' title="bbox 1249 283 1888 288; baseline 0 0"><span class='ocrx_word' id='word_1_9' title='bbox 1249 283 1888 288; x_wconf 95' lang='lat' dir='ltr'><strong> </strong></span> 
     </span>
    </p>
   </div>
   <div class='ocr_carea' id='block_1_4' title="bbox 179 320 1975 1064">
    <p class='ocr_par' dir='ltr' id='par_1_4' title="bbox 179 320 1975 1064">
     <span class='ocr_line' id='line_1_4' title="bbox 301 320 1969 398; baseline -0.002 -13"><span class='ocrx_word' id='word_1_10' title='bbox 301 340 403 385; x_wconf 90' lang='lat'>978.</span> <span class='ocrx_word' id='word_1_11' title='bbox 441 337 616 398; x_wconf 87' lang='lat' dir='ltr'>Duplici</span> <span class='ocrx_word' id='word_1_12' title='bbox 649 338 696 383; x_wconf 91' lang='lat' dir='ltr'><strong>in</strong></span> <span class='ocrx_word' id='word_1_13' title='bbox 729 352 836 383; x_wconf 87' lang='lat' dir='ltr'><strong>casu</strong></span> <span class='ocrx_word' id='word_1_14' title='bbox 871 338 1019 383; x_wconf 89' lang='lat' dir='ltr'><strong>invita</strong></span> <span class='ocrx_word' id='word_1_15' title='bbox 1052 340 1289 395; x_wconf 87' lang='lat' dir='ltr'><strong>eomparte</strong></span> <span class='ocrx_word' id='word_1_16' title='bbox 1323 340 1473 394; x_wconf 88' lang='lat' dir='ltr'><strong>potest</strong></span> <span class='ocrx_word' id='word_1_17' title='bbox 1498 320 1670 385; x_wconf 77' lang='lat' dir='ltr'><strong>coniux</strong></span> <span class='ocrx_word' id='word_1_18' title='bbox 1696 336 1969 395; x_wconf 82' lang='lat' dir='ltr'><strong>religionem</strong></span> 
     </span>
     <span class='ocr_line' id='line_1_5' title="bbox 183 419 1967 482; baseline -0.002 -14"><span class='ocrx_word' id='word_1_19' title='bbox 183 422 382 482; x_wconf 82' lang='lat' dir='ltr'>ingredi:</span> <span class='ocrx_word' id='word_1_20' title='bbox 427 423 465 479; x_wconf 87' lang='lat'><strong>1)</strong></span> <span class='ocrx_word' id='word_1_21' title='bbox 501 421 537 467; x_wconf 91' lang='lat' dir='ltr'><strong>si</strong></span> <span class='ocrx_word' id='word_1_22' title='bbox 571 422 645 467; x_wconf 83' lang='lat' dir='ltr'><strong>illa</strong></span> <span class='ocrx_word' id='word_1_23' title='bbox 680 421 961 467; x_wconf 81' lang='lat' dir='ltr'>adulterium</span> <span class='ocrx_word' id='word_1_24' title='bbox 995 419 1245 466; x_wconf 81' lang='lat' dir='ltr'><strong>commisit.</strong></span> <span class='ocrx_word' id='word_1_25' title='bbox 1297 425 1394 465; x_wconf 90' lang='lat' dir='ltr'><strong>Hoc</strong></span> <span class='ocrx_word' id='word_1_26' title='bbox 1427 434 1538 465; x_wconf 90' lang='lat' dir='ltr'><strong>vero</strong></span> <span class='ocrx_word' id='word_1_27' title='bbox 1571 419 1708 465; x_wconf 89' lang='lat' dir='ltr'><strong>debet</strong></span> <span class='ocrx_word' id='word_1_28' title='bbox 1739 434 1838 465; x_wconf 92' lang='lat' dir='ltr'><strong>esse</strong></span> <span class='ocrx_word' id='word_1_29' title='bbox 1871 435 1967 465; x_wconf 88' lang='lat' dir='ltr'><strong>cer-</strong></span> 
     </span>
     <span class='ocr_line' id='line_1_6' title="bbox 180 503 1975 563; baseline -0.001 -12"><span class='ocrx_word' id='word_1_30' title='bbox 180 510 298 563; x_wconf 92' lang='lat' dir='ltr'><strong>tum,</strong></span> <span class='ocrx_word' id='word_1_31' title='bbox 332 511 380 552; x_wconf 92' lang='lat' dir='ltr'><strong>et</strong></span> <span class='ocrx_word' id='word_1_32' title='bbox 411 506 662 562; x_wconf 89' lang='lat' dir='ltr'><strong>notorium,</strong></span> <span class='ocrx_word' id='word_1_33' title='bbox 699 505 798 550; x_wconf 90' lang='lat' dir='ltr'><strong>sive</strong></span> <span class='ocrx_word' id='word_1_34' title='bbox 832 507 953 550; x_wconf 80' lang='lat' dir='ltr'><strong>facto</strong></span> <span class='ocrx_word' id='word_1_35' title='bbox 985 504 1085 550; x_wconf 89' lang='lat' dir='ltr'><strong>sive</strong></span> <span class='ocrx_word' id='word_1_36' title='bbox 1118 503 1249 561; x_wconf 91' lang='lat' dir='ltr'><strong>iure,</strong></span> <span class='ocrx_word' id='word_1_37' title='bbox 1295 503 1369 549; x_wconf 90' lang='lat' dir='ltr'><strong>vel</strong></span> <span class='ocrx_word' id='word_1_38' title='bbox 1401 504 1467 549; x_wconf 92' lang='lat' dir='ltr'><strong>rei</strong></span> <span class='ocrx_word' id='word_1_39' title='bbox 1504 504 1551 549; x_wconf 92' lang='lat' dir='ltr'><strong>in</strong></span> <span class='ocrx_word' id='word_1_40' title='bbox 1587 504 1755 549; x_wconf 89' lang='lat' dir='ltr'><strong>iudicio</strong></span> <span class='ocrx_word' id='word_1_41' title='bbox 1789 504 1975 549; x_wconf 80' lang='lat' dir='ltr'><strong>confes·</strong></span> 
     </span>
     <span class='ocr_line' id='line_1_7' title="bbox 179 587 1973 648; baseline -0.002 -13"><span class='ocrx_word' id='word_1_42' title='bbox 179 591 330 647; x_wconf 89' lang='lat' dir='ltr'><strong>sione;</strong></span> <span class='ocrx_word' id='word_1_43' title='bbox 366 590 402 636; x_wconf 91' lang='lat' dir='ltr'><strong>si</strong></span> <span class='ocrx_word' id='word_1_44' title='bbox 435 590 525 635; x_wconf 79' lang='lat' dir='ltr'><strong>tale</strong></span> <span class='ocrx_word' id='word_1_45' title='bbox 558 604 651 635; x_wconf 91' lang='lat' dir='ltr'><strong>non</strong></span> <span class='ocrx_word' id='word_1_46' title='bbox 685 591 759 645; x_wconf 89' lang='lat' dir='ltr'><strong>sit,</strong></span> <span class='ocrx_word' id='word_1_47' title='bbox 796 589 1078 648; x_wconf 91' lang='lat' dir='ltr'><strong>imploranda</strong></span> <span class='ocrx_word' id='word_1_48' title='bbox 1114 588 1203 633; x_wconf 90' lang='lat' dir='ltr'><strong>erit</strong></span> <span class='ocrx_word' id='word_1_49' title='bbox 1235 587 1398 633; x_wconf 90' lang='lat' dir='ltr'><strong>iudicis</strong></span> <span class='ocrx_word' id='word_1_50' title='bbox 1430 587 1682 643; x_wconf 86' lang='lat' dir='ltr'><strong>sententia,</strong></span> <span class='ocrx_word' id='word_1_51' title='bbox 1731 587 1825 632; x_wconf 92' lang='lat' dir='ltr'><strong>imo</strong></span> <span class='ocrx_word' id='word_1_52' title='bbox 1858 601 1973 633; x_wconf 66' lang='lat' dir='ltr'><strong>con·</strong></span> 
     </span>
     <span class='ocr_line' id='line_1_8' title="bbox 181 670 1973 730; baseline -0.002 -11"><span class='ocrx_word' id='word_1_53' title='bbox 181 674 422 719; x_wconf 91' lang='lat' dir='ltr'><strong>sulendum</strong></span> <span class='ocrx_word' id='word_1_54' title='bbox 457 677 508 717; x_wconf 91' lang='lat' dir='ltr'><strong>ut</strong></span> <span class='ocrx_word' id='word_1_55' title='bbox 541 674 653 717; x_wconf 85' lang='lat' dir='ltr'><strong>haec</strong></span> <span class='ocrx_word' id='word_1_56' title='bbox 686 686 868 730; x_wconf 90' lang='lat' dir='ltr'><strong>semper</strong></span> <span class='ocrx_word' id='word_1_57' title='bbox 900 671 1184 730; x_wconf 78' lang='lat' dir='ltr'><strong>imploretur.</strong></span> <span class='ocrx_word' id='word_1_58' title='bbox 1240 670 1503 730; x_wconf 87' lang='lat' dir='ltr'><strong>Requiritur</strong></span> <span class='ocrx_word' id='word_1_59' title='bbox 1537 671 1727 730; x_wconf 79' lang='lat' dir='ltr'><strong>insuper</strong></span> <span class='ocrx_word' id='word_1_60' title='bbox 1757 675 1809 715; x_wconf 90' lang='lat' dir='ltr'><strong>ut</strong></span> <span class='ocrx_word' id='word_1_61' title='bbox 1841 670 1973 715; x_wconf 88' lang='lat' dir='ltr'><strong>adul--</strong></span> 
     </span>
     <span class='ocr_line' id='line_1_9' title="bbox 179 754 1966 815; baseline -0.002 -13"><span class='ocrx_word' id='word_1_62' title='bbox 179 757 346 804; x_wconf 87' lang='lat' dir='ltr'><strong>terium</strong></span> <span class='ocrx_word' id='word_1_63' title='bbox 382 771 468 802; x_wconf 88' lang='lat' dir='ltr'><strong>nec</strong></span> <span class='ocrx_word' id='word_1_64' title='bbox 499 758 833 810; x_wconf 90' lang='lat' dir='ltr'><strong>condonatum,</strong></span> <span class='ocrx_word' id='word_1_65' title='bbox 871 769 963 800; x_wconf 93' lang='lat' dir='ltr'><strong>non</strong></span> <span class='ocrx_word' id='word_1_66' title='bbox 997 759 1368 815; x_wconf 87' lang='lat' dir='ltr'><strong>compensatum,</strong></span> <span class='ocrx_word' id='word_1_67' title='bbox 1405 768 1490 799; x_wconf 79' lang='lat' dir='ltr'><strong>nec</strong></span> <span class='ocrx_word' id='word_1_68' title='bbox 1525 769 1605 814; x_wconf 89' lang='lat' dir='ltr'><strong>per</strong></span> <span class='ocrx_word' id='word_1_69' title='bbox 1636 754 1777 800; x_wconf 91' lang='lat' dir='ltr'><strong>alium</strong></span> <span class='ocrx_word' id='word_1_70' title='bbox 1808 754 1966 799; x_wconf 90' lang='lat' dir='ltr'><strong>coniu-</strong></span> 
     </span>
     <span class='ocr_line' id='line_1_10' title="bbox 180 837 1972 900; baseline -0.002 -14"><span class='ocrx_word' id='word_1_71' title='bbox 180 856 280 900; x_wconf 89' lang='lat' dir='ltr'><strong>gem</strong></span> <span class='ocrx_word' id='word_1_72' title='bbox 315 841 487 886; x_wconf 82' lang='lat' dir='ltr'><strong>directe</strong></span> <span class='ocrx_word' id='word_1_73' title='bbox 521 844 762 885; x_wconf 88' lang='lat' dir='ltr'><strong>causatum</strong></span> <span class='ocrx_word' id='word_1_74' title='bbox 796 839 870 885; x_wconf 87' lang='lat' dir='ltr'><strong>sit.</strong></span> <span class='ocrx_word' id='word_1_75' title='bbox 923 841 964 895; x_wconf 75' lang='lat'><strong>2)</strong></span> <span class='ocrx_word' id='word_1_76' title='bbox 1002 842 1156 884; x_wconf 87' lang='lat' dir='ltr'><strong>Potest</strong></span> <span class='ocrx_word' id='word_1_77' title='bbox 1189 838 1331 883; x_wconf 88' lang='lat' dir='ltr'><strong>etiam</strong></span> <span class='ocrx_word' id='word_1_78' title='bbox 1365 838 1634 896; x_wconf 82' lang='lat' dir='ltr'><strong>religionem</strong></span> <span class='ocrx_word' id='word_1_79' title='bbox 1670 837 1878 896; x_wconf 84' lang='lat' dir='ltr'><strong>ingredi,</strong></span> <span class='ocrx_word' id='word_1_80' title='bbox 1929 838 1972 883; x_wconf 83' lang='lat' dir='ltr'><strong>si</strong></span> 
     </span>
     <span class='ocr_line' id='line_1_11' title="bbox 179 919 1970 981; baseline -0.002 -13"><span class='ocrx_word' id='word_1_81' title='bbox 179 924 266 969; x_wconf 89' lang='lat' dir='ltr'><strong>alia</strong></span> <span class='ocrx_word' id='word_1_82' title='bbox 301 936 403 981; x_wconf 87' lang='lat' dir='ltr'><strong>pars</strong></span> <span class='ocrx_word' id='word_1_83' title='bbox 435 922 483 967; x_wconf 91' lang='lat' dir='ltr'><strong>in</strong></span> <span class='ocrx_word' id='word_1_84' title='bbox 518 921 743 967; x_wconf 85' lang='lat' dir='ltr'><strong>haeresim</strong></span> <span class='ocrx_word' id='word_1_85' title='bbox 778 922 851 966; x_wconf 70' lang='lat' dir='ltr'><strong>vel</strong></span> <span class='ocrx_word' id='word_1_86' title='bbox 883 922 1159 979; x_wconf 81' lang='lat' dir='ltr'><strong>apostasiam</strong></span> <span class='ocrx_word' id='word_1_87' title='bbox 1195 922 1317 979; x_wconf 91' lang='lat' dir='ltr'><strong>lapsa</strong></span> <span class='ocrx_word' id='word_1_88' title='bbox 1351 920 1427 977; x_wconf 91' lang='lat' dir='ltr'><strong>sit,</strong></span> <span class='ocrx_word' id='word_1_89' title='bbox 1462 925 1509 965; x_wconf 91' lang='lat' dir='ltr'><strong>et</strong></span> <span class='ocrx_word' id='word_1_90' title='bbox 1533 925 1633 979; x_wconf 90' lang='lat' dir='ltr'><strong>post</strong></span> <span class='ocrx_word' id='word_1_91' title='bbox 1656 919 1970 965; x_wconf 85' lang='lat' dir='ltr'><strong>monitionem</strong></span> 
     </span>
     <span class='ocr_line' id='line_1_12' title="bbox 179 1003 1685 1064; baseline -0.003 -13"><span class='ocrx_word' id='word_1_92' title='bbox 179 1006 225 1051; x_wconf 93' lang='lat' dir='ltr'><strong>in</strong></span> <span class='ocrx_word' id='word_1_93' title='bbox 259 1020 311 1051; x_wconf 90' lang='lat' dir='ltr'><strong>ea</strong></span> <span class='ocrx_word' id='word_1_94' title='bbox 347 1008 624 1064; x_wconf 87' lang='lat' dir='ltr'><strong>perseveret,</strong></span> <span class='ocrx_word' id='word_1_95' title='bbox 661 1009 712 1048; x_wconf 90' lang='lat' dir='ltr'><strong>ut</strong></span> <span class='ocrx_word' id='word_1_96' title='bbox 743 1004 946 1049; x_wconf 85' lang='lat' dir='ltr'><strong>diximus</strong></span> <span class='ocrx_word' id='word_1_97' title='bbox 979 1003 1024 1048; x_wconf 92' lang='lat' dir='ltr'><strong>in</strong></span> <span class='ocrx_word' id='word_1_98' title='bbox 1062 1003 1351 1062; x_wconf 83' lang='lat' dir='ltr'><strong>praecedenti</strong></span> <span class='ocrx_word' id='word_1_99' title='bbox 1388 1003 1685 1062; x_wconf 81' lang='lat' dir='ltr'><strong>paragrapho.</strong></span> 
     </span>
    </p>
   </div>
   <div class='ocr_carea' id='block_1_5' title="bbox 562 1183 1574 1230">
    <p class='ocr_par' dir='ltr' id='par_1_5' title="bbox 562 1183 1574 1230">
     <span class='ocr_line' id='line_1_13' title="bbox 562 1183 1574 1230; baseline -0.002 -10"><span class='ocrx_word' id='word_1_100' title='bbox 562 1183 579 1230; x_wconf 58' lang='grc' dir='ltr'>ᾗ</span> <span class='ocrx_word' id='word_1_101' title='bbox 607 1185 661 1220; x_wconf 87' lang='lat'><strong>15.</strong></span> <span class='ocrx_word' id='word_1_102' title='bbox 689 1204 735 1208; x_wconf 85' lang='lat'>—</span> <span class='ocrx_word' id='word_1_103' title='bbox 761 1184 820 1220; x_wconf 84' lang='lat' dir='ltr'><strong>De</strong></span> <span class='ocrx_word' id='word_1_104' title='bbox 847 1184 1133 1230; x_wconf 80' lang='lat' dir='ltr'><strong>impedimento</strong></span> <span class='ocrx_word' id='word_1_105' title='bbox 1158 1183 1408 1230; x_wconf 80' lang='lat' dir='ltr'><strong>disparitatis</strong></span> <span class='ocrx_word' id='word_1_106' title='bbox 1434 1183 1574 1219; x_wconf 81' lang='lat' dir='ltr'><strong>cultus.</strong></span> 
     </span>
    </p>
   </div>
   <div class='ocr_carea' id='block_1_6' title="bbox 168 1334 1972 2892">
    <p class='ocr_par' dir='ltr' id='par_1_6' title="bbox 175 1334 1972 1894">
     <span class='ocr_line' id='line_1_14' title="bbox 298 1334 1968 1393; baseline -0.001 -12"><span class='ocrx_word' id='word_1_107' title='bbox 298 1337 399 1381; x_wconf 88' lang='grc'><strong>979.</strong></span> <span class='ocrx_word' id='word_1_108' title='bbox 438 1335 654 1380; x_wconf 84' lang='lat' dir='ltr'><strong>Ultimum</strong></span> <span class='ocrx_word' id='word_1_109' title='bbox 694 1339 901 1393; x_wconf 82' lang='lat' dir='ltr'><strong>superest</strong></span> <span class='ocrx_word' id='word_1_110' title='bbox 949 1335 1323 1393; x_wconf 87' lang='lat' dir='ltr'><strong>investigandum</strong></span> <span class='ocrx_word' id='word_1_111' title='bbox 1375 1334 1792 1393; x_wconf 87' lang='lat' dir='ltr'><strong>impedimentum,</strong></span> <span class='ocrx_word' id='word_1_112' title='bbox 1843 1334 1968 1393; x_wconf 82' lang='lat' dir='ltr'><strong>quod</strong></span> 
     </span>
     <span class='ocr_line' id='line_1_15' title="bbox 176 1417 1962 1477; baseline -0.001 -14"><span class='ocrx_word' id='word_1_113' title='bbox 176 1418 322 1464; x_wconf 89' lang='lat' dir='ltr'><strong>oritur</strong></span> <span class='ocrx_word' id='word_1_114' title='bbox 354 1434 410 1463; x_wconf 85' lang='lat' dir='ltr'><strong>ex</strong></span> <span class='ocrx_word' id='word_1_115' title='bbox 444 1418 691 1464; x_wconf 84' lang='lat' dir='ltr'><strong>sanctitate</strong></span> <span class='ocrx_word' id='word_1_116' title='bbox 725 1419 1003 1463; x_wconf 85' lang='lat' dir='ltr'><strong>sacramenti</strong></span> <span class='ocrx_word' id='word_1_117' title='bbox 1040 1418 1342 1473; x_wconf 87' lang='lat' dir='ltr'><strong>matrimonii,</strong></span> <span class='ocrx_word' id='word_1_118' title='bbox 1377 1419 1588 1477; x_wconf 86' lang='lat' dir='ltr'><strong>quodque</strong></span> <span class='ocrx_word' id='word_1_119' title='bbox 1616 1418 1659 1462; x_wconf 90' lang='lat' dir='ltr'><strong>in</strong></span> <span class='ocrx_word' id='word_1_120' title='bbox 1686 1418 1782 1462; x_wconf 88' lang='lat' dir='ltr'><strong>iure</strong></span> <span class='ocrx_word' id='word_1_121' title='bbox 1806 1417 1962 1475; x_wconf 86' lang='lat' dir='ltr'><strong>digno-</strong></span> 
     </span>
     <span class='ocr_line' id='line_1_16' title="bbox 176 1501 1972 1560; baseline -0.001 -13"><span class='ocrx_word' id='word_1_122' title='bbox 176 1503 320 1548; x_wconf 88' lang='lat' dir='ltr'><strong>scitur</strong></span> <span class='ocrx_word' id='word_1_123' title='bbox 352 1503 435 1548; x_wconf 88' lang='lat' dir='ltr'><strong>sub</strong></span> <span class='ocrx_word' id='word_1_124' title='bbox 468 1503 655 1547; x_wconf 91' lang='lat' dir='ltr'><strong>nomine</strong></span> <span class='ocrx_word' id='word_1_125' title='bbox 699 1501 979 1559; x_wconf 85' lang='lat' dir='ltr'><strong>disparitatis</strong></span> <span class='ocrx_word' id='word_1_126' title='bbox 1022 1502 1188 1547; x_wconf 88' lang='lat' dir='ltr'><strong>cultus.</strong></span> <span class='ocrx_word' id='word_1_127' title='bbox 1244 1503 1416 1560; x_wconf 81' lang='lat' dir='ltr'><strong>Duplex</strong></span> <span class='ocrx_word' id='word_1_128' title='bbox 1466 1501 1766 1558; x_wconf 83' lang='lat' dir='ltr'><strong>distinguitur</strong></span> <span class='ocrx_word' id='word_1_129' title='bbox 1812 1501 1972 1545; x_wconf 88' lang='lat' dir='ltr'><strong>cultus</strong></span> 
     </span>
     <span class='ocr_line' id='line_1_17' title="bbox 175 1583 1967 1646; baseline -0.002 -15"><span class='ocrx_word' id='word_1_130' title='bbox 175 1585 441 1644; x_wconf 83' lang='lat' dir='ltr'><strong>disparitas:</strong></span> <span class='ocrx_word' id='word_1_131' title='bbox 478 1586 564 1630; x_wconf 88' lang='lat' dir='ltr'><strong>alia</strong></span> <span class='ocrx_word' id='word_1_132' title='bbox 599 1585 798 1644; x_wconf 91' lang='lat' dir='ltr'><strong>propria,</strong></span> <span class='ocrx_word' id='word_1_133' title='bbox 834 1600 950 1646; x_wconf 84' lang='lat' dir='ltr'><strong>quae</strong></span> <span class='ocrx_word' id='word_1_134' title='bbox 984 1586 1179 1630; x_wconf 84' lang='lat' dir='ltr'><strong>habetur</strong></span> <span class='ocrx_word' id='word_1_135' title='bbox 1207 1585 1391 1644; x_wconf 80' lang='lat' dir='ltr'><strong>quando</strong></span> <span class='ocrx_word' id='word_1_136' title='bbox 1416 1585 1672 1643; x_wconf 85' lang='lat' dir='ltr'><strong>baptizatus</strong></span> <span class='ocrx_word' id='word_1_137' title='bbox 1695 1583 1967 1642; x_wconf 63' lang='lat' dir='ltr'><strong>coniugium&gt;</strong></span> 
     </span>
     <span class='ocr_line' id='line_1_18' title="bbox 177 1667 1963 1727; baseline -0.001 -15"><span class='ocrx_word' id='word_1_138' title='bbox 177 1668 262 1713; x_wconf 87' lang='lat' dir='ltr'><strong>init</strong></span> <span class='ocrx_word' id='word_1_139' title='bbox 295 1683 400 1714; x_wconf 91' lang='lat' dir='ltr'><strong>cum</strong></span> <span class='ocrx_word' id='word_1_140' title='bbox 437 1683 527 1713; x_wconf 92' lang='lat' dir='ltr'><strong>non</strong></span> <span class='ocrx_word' id='word_1_141' title='bbox 563 1669 818 1727; x_wconf 71' lang='lat' dir='ltr'><strong>baptizato,</strong></span> <span class='ocrx_word' id='word_1_142' title='bbox 856 1669 1103 1727; x_wconf 89' lang='lat' dir='ltr'><strong>impropria</strong></span> <span class='ocrx_word' id='word_1_143' title='bbox 1138 1669 1242 1723; x_wconf 89' lang='lat' dir='ltr'><strong>alia,</strong></span> <span class='ocrx_word' id='word_1_144' title='bbox 1270 1683 1374 1713; x_wconf 89' lang='lat' dir='ltr'><strong>cum</strong></span> <span class='ocrx_word' id='word_1_145' title='bbox 1403 1667 1755 1712; x_wconf 87' lang='lat' dir='ltr'><strong>matrimonium</strong></span> <span class='ocrx_word' id='word_1_146' title='bbox 1779 1671 1963 1712; x_wconf 87' lang='lat' dir='ltr'><strong>contra·</strong></span> 
     </span>
     <span class='ocr_line' id='line_1_19' title="bbox 176 1750 1969 1808; baseline -0.001 -12"><span class='ocrx_word' id='word_1_147' title='bbox 176 1751 300 1796; x_wconf 87' lang='lat' dir='ltr'><strong>hitur</strong></span> <span class='ocrx_word' id='word_1_148' title='bbox 331 1753 453 1797; x_wconf 89' lang='lat' dir='ltr'><strong>inter</strong></span> <span class='ocrx_word' id='word_1_149' title='bbox 483 1752 813 1807; x_wconf 86' lang='lat' dir='ltr'><strong>orthodoxum,</strong></span> <span class='ocrx_word' id='word_1_150' title='bbox 850 1756 895 1797; x_wconf 88' lang='lat' dir='ltr'><strong>et</strong></span> <span class='ocrx_word' id='word_1_151' title='bbox 928 1753 1278 1797; x_wconf 88' lang='lat' dir='ltr'><strong>heterodoxum.</strong></span> <span class='ocrx_word' id='word_1_152' title='bbox 1317 1752 1464 1796; x_wconf 90' lang='lat' dir='ltr'><strong>Prima</strong></span> <span class='ocrx_word' id='word_1_153' title='bbox 1500 1751 1742 1797; x_wconf 90' lang='lat' dir='ltr'><strong>constituit</strong></span> <span class='ocrx_word' id='word_1_154' title='bbox 1771 1750 1969 1808; x_wconf 89' lang='lat' dir='ltr'><strong>impedi--</strong></span> 
     </span>
     <span class='ocr_line' id='line_1_20' title="bbox 177 1835 1127 1894; baseline 0.001 -14"><span class='ocrx_word' id='word_1_155' title='bbox 177 1840 387 1881; x_wconf 91' lang='lat' dir='ltr'><strong>mentum</strong></span> <span class='ocrx_word' id='word_1_156' title='bbox 422 1835 658 1892; x_wconf 90' lang='lat' dir='ltr'><strong>dirimens,</strong></span> <span class='ocrx_word' id='word_1_157' title='bbox 694 1835 780 1881; x_wconf 89' lang='lat' dir='ltr'><strong>alia</strong></span> <span class='ocrx_word' id='word_1_158' title='bbox 818 1836 1071 1894; x_wconf 90' lang='lat' dir='ltr'><strong>impediens</strong></span> <span class='ocrx_word' id='word_1_159' title='bbox 1097 1837 1127 1881; x_wconf 75' lang='lat'><strong>¹.</strong></span> 
     </span>
    </p>

    <p class='ocr_par' dir='ltr' id='par_1_7' title="bbox 168 1918 1970 2892">
     <span class='ocr_line' id='line_1_21' title="bbox 294 1918 1970 1979; baseline -0.001 -15"><span class='ocrx_word' id='word_1_160' title='bbox 294 1920 394 1966; x_wconf 84' lang='lat'><strong>980.</strong></span> <span class='ocrx_word' id='word_1_161' title='bbox 435 1919 582 1964; x_wconf 87' lang='lat' dir='ltr'><strong>Prima</strong></span> <span class='ocrx_word' id='word_1_162' title='bbox 618 1924 774 1964; x_wconf 89' lang='lat' dir='ltr'><strong>autem</strong></span> <span class='ocrx_word' id='word_1_163' title='bbox 808 1919 985 1964; x_wconf 85' lang='lat' dir='ltr'><strong>dirimit</strong></span> <span class='ocrx_word' id='word_1_164' title='bbox 1019 1919 1396 1975; x_wconf 87' lang='lat' dir='ltr'><strong>matrimonium,</strong></span> <span class='ocrx_word' id='word_1_165' title='bbox 1444 1920 1659 1979; x_wconf 79' lang='lat' dir='ltr'><strong>quamvis</strong></span> <span class='ocrx_word' id='word_1_166' title='bbox 1704 1918 1970 1975; x_wconf 84' lang='lat' dir='ltr'><strong>baptizatus</strong></span> 
     </span>
     <span class='ocr_line' id='line_1_22' title="bbox 172 2001 1962 2062; baseline -0.001 -14"><span class='ocrx_word' id='word_1_167' title='bbox 172 2003 559 2048; x_wconf 83' lang='lat' dir='ltr'><strong>catechumenam</strong></span> <span class='ocrx_word' id='word_1_168' title='bbox 594 2002 747 2058; x_wconf 86' lang='lat' dir='ltr'><strong>ducat,</strong></span> <span class='ocrx_word' id='word_1_169' title='bbox 787 2003 858 2047; x_wconf 69' lang='lat' dir='ltr'><strong>vel</strong></span> <span class='ocrx_word' id='word_1_170' title='bbox 894 2017 985 2047; x_wconf 95' lang='lat' dir='ltr'><strong>non</strong></span> <span class='ocrx_word' id='word_1_171' title='bbox 1021 2002 1278 2061; x_wconf 88' lang='lat' dir='ltr'><strong>baptizatus</strong></span> <span class='ocrx_word' id='word_1_172' title='bbox 1311 2006 1586 2062; x_wconf 89' lang='lat' dir='ltr'><strong>apostatam.</strong></span> <span class='ocrx_word' id='word_1_173' title='bbox 1634 2007 1728 2047; x_wconf 91' lang='lat' dir='ltr'><strong>Hoc</strong></span> <span class='ocrx_word' id='word_1_174' title='bbox 1772 2001 1962 2060; x_wconf 90' lang='lat' dir='ltr'><strong>impedi·</strong></span> 
     </span>
     <span class='ocr_line' id='line_1_23' title="bbox 175 2085 1965 2144; baseline 0 -14"><span class='ocrx_word' id='word_1_175' title='bbox 175 2089 386 2130; x_wconf 90' lang='lat' dir='ltr'><strong>mentum</strong></span> <span class='ocrx_word' id='word_1_176' title='bbox 420 2085 589 2144; x_wconf 89' lang='lat' dir='ltr'><strong>obligat</strong></span> <span class='ocrx_word' id='word_1_177' title='bbox 621 2086 778 2130; x_wconf 89' lang='lat' dir='ltr'><strong>statim</strong></span> <span class='ocrx_word' id='word_1_178' title='bbox 816 2085 860 2130; x_wconf 94' lang='lat' dir='ltr'><strong>in</strong></span> <span class='ocrx_word' id='word_1_179' title='bbox 897 2086 1006 2131; x_wconf 89' lang='lat' dir='ltr'><strong>locis</strong></span> <span class='ocrx_word' id='word_1_180' title='bbox 1040 2085 1294 2131; x_wconf 85' lang='lat' dir='ltr'><strong>infidelium</strong></span> <span class='ocrx_word' id='word_1_181' title='bbox 1337 2086 1492 2131; x_wconf 79' lang='lat' dir='ltr'><strong>fideles</strong></span> <span class='ocrx_word' id='word_1_182' title='bbox 1535 2100 1683 2144; x_wconf 87' lang='lat' dir='ltr'><strong>nuper</strong></span> <span class='ocrx_word' id='word_1_183' title='bbox 1724 2086 1779 2131; x_wconf 89' lang='lat' dir='ltr'><strong>ad</strong></span> <span class='ocrx_word' id='word_1_184' title='bbox 1823 2086 1965 2131; x_wconf 82' lang='lat' dir='ltr'><strong>fidem</strong></span> 
     </span>
     <span class='ocr_line' id='line_1_24' title="bbox 173 2169 1969 2228; baseline -0.001 -14"><span class='ocrx_word' id='word_1_185' title='bbox 173 2182 446 2214; x_wconf 90' lang='lat' dir='ltr'><strong>conversos:</strong></span> <span class='ocrx_word' id='word_1_186' title='bbox 483 2169 655 2213; x_wconf 90' lang='lat' dir='ltr'><strong>etenim</strong></span> <span class='ocrx_word' id='word_1_187' title='bbox 692 2172 734 2213; x_wconf 91' lang='lat' dir='ltr'><strong>S.</strong></span> <span class='ocrx_word' id='word_1_188' title='bbox 772 2170 908 2214; x_wconf 86' lang='lat' dir='ltr'><strong>Sedes</strong></span> <span class='ocrx_word' id='word_1_189' title='bbox 943 2169 1134 2213; x_wconf 87' lang='lat' dir='ltr'><strong>Vicariis</strong></span> <span class='ocrx_word' id='word_1_190' title='bbox 1169 2169 1438 2228; x_wconf 80' lang='lat' dir='ltr'><strong>Apostolicis</strong></span> <span class='ocrx_word' id='word_1_191' title='bbox 1480 2169 1557 2214; x_wconf 87' lang='lat' dir='ltr'><strong>dat</strong></span> <span class='ocrx_word' id='word_1_192' title='bbox 1602 2169 1868 2214; x_wconf 82' lang='lat' dir='ltr'><strong>facultatem</strong></span> <span class='ocrx_word' id='word_1_193' title='bbox 1904 2169 1969 2213; x_wconf 83' lang='lat' dir='ltr'><strong>ab</strong></span> 
     </span>
     <span class='ocr_line' id='line_1_25' title="bbox 172 2252 1967 2312; baseline -0.001 -14"><span class='ocrx_word' id='word_1_194' title='bbox 172 2267 226 2298; x_wconf 88' lang='lat' dir='ltr'><strong>eo</strong></span> <span class='ocrx_word' id='word_1_195' title='bbox 258 2252 568 2311; x_wconf 89' lang='lat' dir='ltr'><strong>dispensandi,</strong></span> <span class='ocrx_word' id='word_1_196' title='bbox 604 2257 651 2297; x_wconf 89' lang='lat' dir='ltr'><strong>et</strong></span> <span class='ocrx_word' id='word_1_197' title='bbox 683 2253 719 2297; x_wconf 92' lang='lat' dir='ltr'><strong>si</strong></span> <span class='ocrx_word' id='word_1_198' title='bbox 753 2253 937 2312; x_wconf 89' lang='lat' dir='ltr'><strong>quando</strong></span> <span class='ocrx_word' id='word_1_199' title='bbox 962 2252 1257 2298; x_wconf 89' lang='lat' dir='ltr'><strong>matrimonia</strong></span> <span class='ocrx_word' id='word_1_200' title='bbox 1281 2252 1339 2297; x_wconf 90' lang='lat' dir='ltr'><strong>ibi</strong></span> <span class='ocrx_word' id='word_1_201' title='bbox 1364 2252 1463 2298; x_wconf 90' lang='lat' dir='ltr'><strong>sine</strong></span> <span class='ocrx_word' id='word_1_202' title='bbox 1486 2252 1829 2311; x_wconf 89' lang='lat' dir='ltr'><strong>dispensatione</strong></span> <span class='ocrx_word' id='word_1_203' title='bbox 1853 2266 1967 2297; x_wconf 87' lang='lat' dir='ltr'><strong>con--</strong></span> 
     </span>
     <span class='ocr_line' id='line_1_26' title="bbox 172 2335 1959 2394; baseline 0 -14"><span class='ocrx_word' id='word_1_204' title='bbox 172 2337 439 2392; x_wconf 89' lang='lat' dir='ltr'><strong>trahuntur,</strong></span> <span class='ocrx_word' id='word_1_205' title='bbox 475 2349 752 2382; x_wconf 91' lang='lat' dir='ltr'><strong>consensum</strong></span> <span class='ocrx_word' id='word_1_206' title='bbox 787 2336 1002 2381; x_wconf 81' lang='lat' dir='ltr'><strong>renovari</strong></span> <span class='ocrx_word' id='word_1_207' title='bbox 1040 2336 1165 2381; x_wconf 90' lang='lat' dir='ltr'><strong>iubet</strong></span> <span class='ocrx_word' id='word_1_208' title='bbox 1188 2336 1219 2381; x_wconf 77' lang='lat'><strong>².</strong></span> <span class='ocrx_word' id='word_1_209' title='bbox 1257 2340 1306 2381; x_wconf 92' lang='lat' dir='ltr'><strong>In</strong></span> <span class='ocrx_word' id='word_1_210' title='bbox 1334 2336 1511 2381; x_wconf 91' lang='lat' dir='ltr'><strong>indulto</strong></span> <span class='ocrx_word' id='word_1_211' title='bbox 1536 2335 1812 2394; x_wconf 80' lang='lat' dir='ltr'><strong>Apostolico,</strong></span> <span class='ocrx_word' id='word_1_212' title='bbox 1838 2336 1959 2394; x_wconf 87' lang='lat' dir='ltr'><strong>quod</strong></span> 
     </span>
     <span class='ocr_line' id='line_1_27' title="bbox 172 2417 1958 2477; baseline -0.002 -12"><span class='ocrx_word' id='word_1_213' title='bbox 172 2434 197 2465; x_wconf 94' lang='lat' dir='ltr'><strong>a</strong></span> <span class='ocrx_word' id='word_1_214' title='bbox 233 2422 274 2464; x_wconf 91' lang='lat' dir='ltr'><strong>S.</strong></span> <span class='ocrx_word' id='word_1_215' title='bbox 312 2419 424 2464; x_wconf 90' lang='lat' dir='ltr'><strong>Sede</strong></span> <span class='ocrx_word' id='word_1_216' title='bbox 457 2419 759 2474; x_wconf 86' lang='lat' dir='ltr'><strong>conceditur,</strong></span> <span class='ocrx_word' id='word_1_217' title='bbox 810 2423 1108 2477; x_wconf 90' lang='lat' dir='ltr'><strong>apponuntur</strong></span> <span class='ocrx_word' id='word_1_218' title='bbox 1149 2418 1438 2464; x_wconf 88' lang='lat' dir='ltr'><strong>conditiones</strong></span> <span class='ocrx_word' id='word_1_219' title='bbox 1479 2431 1597 2477; x_wconf 89' lang='lat' dir='ltr'><strong>quae</strong></span> <span class='ocrx_word' id='word_1_220' title='bbox 1640 2417 1781 2476; x_wconf 90' lang='lat' dir='ltr'><strong>ipsius</strong></span> <span class='ocrx_word' id='word_1_221' title='bbox 1823 2431 1958 2461; x_wconf 86' lang='lat' dir='ltr'><strong>usum</strong></span> 
     </span>
     <span class='ocr_line' id='line_1_28' title="bbox 174 2499 1961 2560; baseline -0.003 -12"><span class='ocrx_word' id='word_1_222' title='bbox 174 2503 503 2557; x_wconf 88' lang='lat' dir='ltr'><strong>moderantur,</strong></span> <span class='ocrx_word' id='word_1_223' title='bbox 553 2506 600 2546; x_wconf 85' lang='lat' dir='ltr'><strong>et</strong></span> <span class='ocrx_word' id='word_1_224' title='bbox 646 2505 755 2546; x_wconf 91' lang='lat' dir='ltr'><strong>sunt</strong></span> <span class='ocrx_word' id='word_1_225' title='bbox 798 2506 850 2546; x_wconf 91' lang='lat' dir='ltr'><strong>ut</strong></span> <span class='ocrx_word' id='word_1_226' title='bbox 889 2501 1171 2560; x_wconf 89' lang='lat' dir='ltr'><strong>dispensatio</strong></span> <span class='ocrx_word' id='word_1_227' title='bbox 1207 2502 1523 2547; x_wconf 90' lang='lat' dir='ltr'><strong>concedatur:</strong></span> <span class='ocrx_word' id='word_1_228' title='bbox 1578 2502 1617 2558; x_wconf 88' lang='lat' dir='ltr'><strong>l)</strong></span> <span class='ocrx_word' id='word_1_229' title='bbox 1652 2515 1710 2545; x_wconf 84' lang='lat' dir='ltr'><strong>ex</strong></span> <span class='ocrx_word' id='word_1_230' title='bbox 1743 2499 1961 2558; x_wconf 89' lang='lat' dir='ltr'><strong>gravibus</strong></span> 
     </span>
     <span class='ocr_line' id='line_1_29' title="bbox 172 2582 1968 2645; baseline -0.002 -14"><span class='ocrx_word' id='word_1_231' title='bbox 172 2585 322 2631; x_wconf 90' lang='lat' dir='ltr'><strong>causis</strong></span> <span class='ocrx_word' id='word_1_232' title='bbox 355 2586 401 2630; x_wconf 93' lang='lat' dir='ltr'><strong>in</strong></span> <span class='ocrx_word' id='word_1_233' title='bbox 434 2584 624 2643; x_wconf 85' lang='lat' dir='ltr'><strong>singulis</strong></span> <span class='ocrx_word' id='word_1_234' title='bbox 657 2585 854 2641; x_wconf 84' lang='lat' dir='ltr'><strong>casibus,</strong></span> <span class='ocrx_word' id='word_1_235' title='bbox 888 2585 934 2630; x_wconf 92' lang='lat' dir='ltr'><strong>in</strong></span> <span class='ocrx_word' id='word_1_236' title='bbox 969 2585 1134 2645; x_wconf 89' lang='lat' dir='ltr'><strong>quibus</strong></span> <span class='ocrx_word' id='word_1_237' title='bbox 1166 2584 1523 2643; x_wconf 91' lang='lat' dir='ltr'><strong>dispensandum</strong></span> <span class='ocrx_word' id='word_1_238' title='bbox 1557 2584 1671 2641; x_wconf 82' lang='lat' dir='ltr'><strong>erit3</strong></span> <span class='ocrx_word' id='word_1_239' title='bbox 1707 2584 1749 2637; x_wconf 66' lang='lat'><strong>⁹2)</strong></span> <span class='ocrx_word' id='word_1_240' title='bbox 1777 2584 1823 2627; x_wconf 93' lang='lat' dir='ltr'><strong>in</strong></span> <span class='ocrx_word' id='word_1_241' title='bbox 1848 2582 1968 2628; x_wconf 86' lang='lat' dir='ltr'><strong>locis-</strong></span> 
     </span>
     <span class='ocr_line' id='line_1_30' title="bbox 171 2666 1958 2727; baseline -0.002 -14"><span class='ocrx_word' id='word_1_242' title='bbox 171 2673 356 2714; x_wconf 87' lang='lat' dir='ltr'><strong>tantum</strong></span> <span class='ocrx_word' id='word_1_243' title='bbox 389 2667 466 2712; x_wconf 89' lang='lat' dir='ltr'><strong>ubi</strong></span> <span class='ocrx_word' id='word_1_244' title='bbox 498 2673 608 2713; x_wconf 91' lang='lat' dir='ltr'><strong>sunt</strong></span> <span class='ocrx_word' id='word_1_245' title='bbox 640 2669 792 2726; x_wconf 88' lang='lat' dir='ltr'><strong>plures</strong></span> <span class='ocrx_word' id='word_1_246' title='bbox 825 2667 1046 2724; x_wconf 88' lang='lat' dir='ltr'><strong>infideles,</strong></span> <span class='ocrx_word' id='word_1_247' title='bbox 1071 2682 1209 2727; x_wconf 86' lang='lat' dir='ltr'><strong>quam</strong></span> <span class='ocrx_word' id='word_1_248' title='bbox 1234 2667 1471 2713; x_wconf 86' lang='lat' dir='ltr'><strong>christiani</strong></span> <span class='ocrx_word' id='word_1_249' title='bbox 1494 2685 1502 2724; x_wconf 90' lang='grc'>;</span> <span class='ocrx_word' id='word_1_250' title='bbox 1540 2668 1581 2723; x_wconf 81' lang='grc'><strong>5)</strong></span> <span class='ocrx_word' id='word_1_251' title='bbox 1607 2671 1837 2726; x_wconf 85' lang='lat' dir='ltr'><strong>quatenus</strong></span> <span class='ocrx_word' id='word_1_252' title='bbox 1858 2666 1958 2710; x_wconf 88' lang='lat' dir='ltr'><strong>abs-</strong></span> 
     </span>
     <span class='ocr_line' id='line_1_31' title="bbox 168 2748 1966 2811; baseline -0.001 -16"><span class='ocrx_word' id='word_1_253' title='bbox 168 2765 259 2811; x_wconf 87' lang='lat' dir='ltr'><strong>que</strong></span> <span class='ocrx_word' id='word_1_254' title='bbox 306 2750 584 2795; x_wconf 91' lang='lat' dir='ltr'><strong>contumelia</strong></span> <span class='ocrx_word' id='word_1_255' title='bbox 629 2749 849 2796; x_wconf 87' lang='lat' dir='ltr'><strong>creatoris</strong></span> <span class='ocrx_word' id='word_1_256' title='bbox 882 2750 978 2795; x_wconf 86' lang='lat' dir='ltr'><strong>fieri</strong></span> <span class='ocrx_word' id='word_1_257' title='bbox 1014 2751 1172 2810; x_wconf 88' lang='lat' dir='ltr'><strong>possit.</strong></span> <span class='ocrx_word' id='word_1_258' title='bbox 1222 2755 1360 2796; x_wconf 88' lang='lat' dir='ltr'><strong>Porro</strong></span> <span class='ocrx_word' id='word_1_259' title='bbox 1407 2750 1689 2795; x_wconf 88' lang='lat' dir='ltr'><strong>contumelia</strong></span> <span class='ocrx_word' id='word_1_260' title='bbox 1738 2748 1966 2794; x_wconf 83' lang='lat' dir='ltr'><strong>creatoris</strong></span> 
     </span>
     <span class='ocr_line' id='line_1_32' title="bbox 172 2831 1963 2892; baseline -0.001 -15"><span class='ocrx_word' id='word_1_261' title='bbox 172 2833 310 2878; x_wconf 90' lang='lat' dir='ltr'><strong>vitari</strong></span> <span class='ocrx_word' id='word_1_262' title='bbox 343 2833 478 2877; x_wconf 92' lang='lat' dir='ltr'><strong>debet</strong></span> <span class='ocrx_word' id='word_1_263' title='bbox 512 2838 748 2892; x_wconf 89' lang='lat' dir='ltr'><strong>respectu:</strong></span> <span class='ocrx_word' id='word_1_264' title='bbox 788 2835 826 2891; x_wconf 86' lang='lat'><strong>1)</strong></span> <span class='ocrx_word' id='word_1_265' title='bbox 853 2835 1173 2879; x_wconf 89' lang='lat' dir='ltr'><strong>contrahentis</strong></span> <span class='ocrx_word' id='word_1_266' title='bbox 1205 2833 1373 2891; x_wconf 87' lang='lat' dir='ltr'><strong>fidelis;</strong></span> <span class='ocrx_word' id='word_1_267' title='bbox 1418 2836 1460 2891; x_wconf 75' lang='lat'><strong>2)</strong></span> <span class='ocrx_word' id='word_1_268' title='bbox 1498 2833 1634 2892; x_wconf 86' lang='lat' dir='ltr'><strong>prolis</strong></span> <span class='ocrx_word' id='word_1_269' title='bbox 1667 2831 1963 2888; x_wconf 77' lang='lat' dir='ltr'><strong>nasciturae;‚</strong></span> 
     </span>
    </p>
   </div>
   <div class='ocr_carea' id='block_1_7' title="bbox 291 3020 1337 3136">
    <p class='ocr_par' dir='ltr' id='par_1_8' title="bbox 291 3020 1337 3136">
     <span class='ocr_line' id='line_1_33' title="bbox 293 3020 1337 3068; baseline 0.003 -12"><span class='ocrx_word' id='word_1_270' title='bbox 293 3021 302 3039; x_wconf 88' lang='lat'><strong>¹</strong></span> <span class='ocrx_word' id='word_1_271' title='bbox 331 3020 401 3057; x_wconf 83' lang='lat' dir='ltr'><strong>Cl&#39;r.</strong></span> <span class='ocrx_word' id='word_1_272' title='bbox 428 3020 472 3056; x_wconf 91' lang='lat' dir='ltr'><strong>cl.</strong></span> <span class='ocrx_word' id='word_1_273' title='bbox 499 3020 677 3057; x_wconf 81' lang='lat' dir='ltr'><strong>Mansella</strong></span> <span class='ocrx_word' id='word_1_274' title='bbox 704 3021 740 3057; x_wconf 89' lang='lat' dir='ltr'><strong>in</strong></span> <span class='ocrx_word' id='word_1_275' title='bbox 767 3031 829 3068; x_wconf 86' lang='lat' dir='ltr'><strong>op.</strong></span> <span class='ocrx_word' id='word_1_276' title='bbox 855 3022 897 3059; x_wconf 82' lang='lat' dir='ltr'><strong>de</strong></span> <span class='ocrx_word' id='word_1_277' title='bbox 921 3022 1050 3068; x_wconf 79' lang='lat' dir='ltr'><strong>imped.</strong></span> <span class='ocrx_word' id='word_1_278' title='bbox 1077 3025 1188 3059; x_wconf 82' lang='lat' dir='ltr'><strong>matr.</strong></span> <span class='ocrx_word' id='word_1_279' title='bbox 1215 3022 1337 3059; x_wconf 80' lang='lat' dir='ltr'><strong>dirim.</strong></span> 
     </span>
     <span class='ocr_line' id='line_1_34' title="bbox 291 3091 946 3136; baseline 0.003 -7"><span class='ocrx_word' id='word_1_280' title='bbox 291 3092 303 3111; x_wconf 84' lang='lat'><strong>¹</strong></span> <span class='ocrx_word' id='word_1_281' title='bbox 331 3091 499 3130; x_wconf 88' lang='lat' dir='ltr'><strong>Clemens</strong></span> <span class='ocrx_word' id='word_1_282' title='bbox 525 3093 624 3136; x_wconf 88' lang='lat' dir='ltr'><strong>XIII,</strong></span> <span class='ocrx_word' id='word_1_283' title='bbox 650 3092 762 3130; x_wconf 78' lang='lat' dir='ltr'><strong>Instr.</strong></span> <span class='ocrx_word' id='word_1_284' title='bbox 781 3093 829 3129; x_wconf 85' lang='lat' dir='ltr'><strong>ad</strong></span> <span class='ocrx_word' id='word_1_285' title='bbox 846 3093 946 3131; x_wconf 82' lang='lat' dir='ltr'><strong>Miss.</strong></span> 
     </span>
    </p>
   </div>
  </div>
 </body>
</html>
