2176 3386
239 170 319 210 276
877 179 987 208 PARS
1017 180 1040 208 1.
1076 160 1144 208 DE*
1162 178 1374 208 pnnsoms

1001 341 1181 385 CAPUT
1215 343 1268 384 ΙΙ.

796 460 855 495 DE
882 459 1121 497 EPlscoffls
1149 459 1475 496 TITULARIBUS.

363 566 465 610 521.
506 564 709 622 Episcopi
743 564 951 608 titulares
972 562 1001 606 ii
1025 563 1257 619 dicuntur,
1282 563 1359 622 qui
1394 564 1450 607 ad
1484 563 1698 609 ordinem
1726 564 2027 623 episcopalem

245 648 393 693 evecti
428 653 536 691 sunt
567 646 761 691 alicuius
794 646 1011 705 antiquae
1043 645 1324 690 Cathedralis
1347 646 1481 691 titulo
1519 647 1576 691 ab
1611 647 1867 692 infidelibus
1897 662 2029 694 occu-

245 735 375 789 patae
408 731 609 790 adeoque
644 731 765 774 clero
789 735 834 773 et
858 730 1021 787 populo
1056 729 1308 774 christiano
1331 742 1582 788 mensaque
1605 730 1849 788 episcopali
1872 744 2029 776 careu-

247 814 315 859 tis.
355 816 499 858 Antea
534 814 647 856 tales
683 811 887 870 Episcopi
920 814 971 854 in
1002 812 1216 868 partibas
1247 811 1514 870 infidelium
1540 812 1757 869 appellari
1780 825 2030 858 consueve-

247 900 370 951 runt,
398 896 443 940 in
470 909 684 955 praesens
707 909 764 938 ex
789 899 982 939 Decreto
1006 894 1168 939 Leonis
1194 898 1272 938 PP.
1302 898 1399 939 Xlll
1435 896 1650 940 titulares
1686 899 2029 954 nuncupantur.

250 983 383 1024 Porro
417 992 580 1023 causae
613 979 670 1023 ob
692 992 804 1038 quas
838 978 867 1022 ii
904 977 1108 1036 Episcopi
1145 977 1454 1022 instituuntur
1486 983 1618 1022 sunt:
1661 979 1698 1033 1)
1726 980 1783 1022 Ut
1815 983 2033 1036 perpetuo

245 1063 443 1122 quodam
480 1067 784 1106 monumento
819 1062 998 1105 illarum
1033 1060 1271 1119 regionum
1307 1074 1415 1105 cura
1449 1061 1681 1106 excitetur
1712 1065 1758 1105 et
1791 1075 1848 1105 ne
1886 1061 2033 1105 Eccle-

245 1146 309 1190 sia
344 1146 630 1205 acquievisse
665 1145 876 1189 videatur
908 1144 1109 1190 hostium
1144 1144 1419 1199 violentiae3
1459 1146 1500 1197 2)
1530 1145 1586 1187 Ut
1622 1143 1827 1203 Episcopi
1855 1147 2034 1202 praesto

251 1228 344 1272 sint
375 1228 467 1287 qui,
503 1228 600 1272 sine
635 1228 842 1286 propriae
875 1227 1134 1271 dioeceseos
1167 1227 1353 1283 damnO,
1391 1241 1470 1285 pro
1508 1226 1650 1271 variis
1686 1226 1911 1271 Ecclesiae
1957 1241 2033 1270 ne-

247 1311 535 1356 cessitatibus
568 1311 783 1356 advocari
818 1310 992 1369 possint
1025 1325 1048 1354 a
1086 1315 1292 1355 Romano
1331 1309 1547 1355 Pontifice
1583 1309 1628 1353 in
1664 1309 1914 1354 subsidium
1938 1309 2036 1354 sive

247 1401 485 1453 tamquam
519 1395 642 1439 Sedis
677 1395 961 1453 Apostolicae
999 1394 1165 1452 Legati,
1201 1408 1315 1454 quos
1347 1395 1479 1439 decet
1529 1393 1773 1452 episcopali
1816 1392 2037 1450 dignitate

247 1480 451 1524 eminere
486 1484 643 1537 utpote
681 1479 908 1538 Episcopis
944 1479 1239 1537 praepositos,
1284 1479 1381 1523 sive
1428 1483 1664 1536 tamquam
1713 1476 1879 1521 Vicat-ii
1924 1480 2035 1534 Apo-

249 1563 414 1618 stolici,
449 1563 523 1607 vel
556 1562 837 1619 Suffraganei
872 1562 1060 1606 alterius
1097 1561 1318 1619 Episcopi,
1354 1561 1452 1606 sive
1489 1565 1539 1604 ut
1584 1561 1630 1604 in
1672 1559 1804 1605 Curia
1847 1572 2036 1604 romana

252 1644 573 1703 Episcoporum
607 1640 803 1702 negotiis
834 1648 880 1689 et
912 1645 1062 1688 causis
1097 1643 1438 1701 praeficiantur,
1489 1643 1587 1687 sive
1626 1643 1822 1701 denique
1870 1646 1920 1685 ut
1959 1642 2036 1686 ho-

251 1729 350 1773 nori
383 1742 624 1786 supremae
658 1728 903 1772 cathedrae
943 1727 1216 1772 inserviant.
1268 1731 1479 1772 Iamvero
1523 1731 1668 1771 totam
1713 1725 2036 1770 tractationem

250 1813 305 1857 de
340 1812 568 1871 Episcopis
600 1811 862 1856 titularibus
894 1810 1038 1855 tribus
1071 1811 1297 1869 capitibus
1329 1810 1644 1868 expediemus,
1681 1822 1875 1868 quorum
1915 1809 1958 1851 '1⁰
1983 1807 2037 1851 de

250 1909 407 1940 eorum
445 1899 668 1953 potestate
702 1907 914 1951 agemus;
952 1896 999 1938 2⁰
1023 1895 1076 1938 de
1102 1908 1260 1938 eorum
1287 1892 1691 1951 praeeminemus,
1729 1892 1776 1936 50
1800 1891 1854 1935 de
1878 1904 2035 1935 eorum

251 1978 617 2036 obligationibus.

993 2122 1225 2152 ARTlCULUS
1270 2123 1296 2150 Ι.

645 2229 709 2270 De
737 2233 956 2283 potestate
991 2229 1321 2283 Episcoporwn
1356 2226 1640 2270 ciculanum.

375 2361 474 2405 522.
511 2364 573 2404 Ex
598 2374 651 2404 eo
673 2360 793 2419 quod
814 2359 1017 2417 Episcopi
1040 2359 1245 2403 titulares
1267 2363 1376 2402 sunt
1397 2358 1493 2402 veri
1522 2357 1732 2415 Episcopi
1757 2360 1803 2400 et
1822 2369 1933 2400 vero
1955 2355 2041 2413 spi-

258 2444 408 2488 rituali
443 2443 739 2487 matrimonio
778 2442 986 2487 Ecclesiis
1009 2443 1101 2486 suis
1120 2441 1372 2497 coniuncti,
1399 2445 1560 2485 contra
1588 2444 1762 2494 autem,
1784 2441 1903 2498 quod
1922 2439 2042 2483 clero

255 2530 445 2571 careant
477 2529 522 2570 et
556 2525 718 2583 populo
752 2525 953 2583 adeoque
987 2524 1154 2568 actuali
1180 2522 1493 2568 iurisdictione
1518 2527 1564 2567 et
1589 2522 1841 2580 episcopali
1866 2533 2040 2576 mensa,

258 2611 342 2655 hae
376 2610 611 2667 generales
645 2609 824 2666 regulae
858 2612 1229 2666 consequuntur:
1288 2608 1325 2665 l)
1351 2620 1508 2651 eorum
1546 2605 1912 2664 promotionem,
1958 2601 2043 2647 nisi

258 2693 380 2737 aliud
413 2693 587 2748 obstet,
625 2691 852 2750 pertinere
885 2691 941 2735 ad
974 2690 1162 2735 liberam
1191 2689 1383 2735 Romani
1409 2688 1642 2734 Pontificis
1667 2687 1977 2742 collationem,
2000 2689 2046 2730 et

259 2777 418 2821 eadem
452 2776 635 2834 exigere
669 2775 887 2834 requisita
920 2788 1036 2834 quae
1070 2773 1116 2818 in
1151 2775 1315 2819 ceteris
1352 2771 1582 2831 Episcopis
1620 2771 1932 2830 requiruntur,
1961 2768 2045 2813 nisi

258 2859 377 2918 quod
412 2858 733 2917 praecellentia
782 2858 902 2902 inter
948 2857 1108 2915 dignos
1143 2870 1235 2901 non
1269 2855 1492 2914 exigitur;
1541 2856 1583 2910 2)
1612 2868 1728 2914 quae
1759 2853 1816 2898 ad
1850 2855 2044 2912 potesta·

261 2946 356 2986 tem
388 2940 562 2986 ordinis
593 2940 844 2999 pertinent,
884 2940 1031 2984 valide
1064 2939 1121 2984 ab
1151 2938 1206 2983 iis
1228 2938 1411 2994 confici,
1438 2938 1515 2982 sed
1539 2952 1598 2983 ex
1624 2935 1949 2981 iurisdictionis
1971 2935 2044 2980 de-

262 3026 385 3070 fectu
418 3023 592 3080 illicite,
618 3023 704 3068 nisi
727 3022 956 3068 Ordinarii
979 3022 1166 3068 licentia
1188 3025 1450 3068 concurrat.
1489 3021 1615 3066 Unde
1638 3020 1846 3081 sequitur
1865 3019 1902 3064 si
1918 3017 2045 3079 quid-
