2176 3386
797 181 926 210 LIBER
955 181 979 209 1.
1017 181 1073 209 DE
1101 179 1296 209 CLEmcis
1867 169 1938 208 101

159 291 391 345 stantiali,
428 291 501 335 vel
541 289 710 335 vitium
746 293 827 335 aut
864 291 1065 335 fractura
1112 289 1157 334 in
1193 289 1338 347 sigillo
1374 290 1417 344 ¹,
1454 289 1726 347 rescriptum
1772 288 1816 332 in
1851 302 1942 347 quo

160 387 339 420 crassus
369 387 496 418 error
543 378 703 418 contra
754 373 1102 431 grammaticam
1137 373 1379 417 invenitur·
1412 372 1442 417 ².
1494 372 1628 417 Hisce
1673 373 1717 416 in
1761 371 1941 416 casibus

159 457 431 514 rescriptum
465 457 578 514 leqis
609 457 904 514 dispositio-ne
935 456 1000 499 uti
1026 455 1201 500 nullum
1237 456 1447 510 habetur,
1472 455 1579 515 quia
1612 456 1815 500 maxima
1848 468 1941 499 sus—

161 540 276 598 picio
310 540 543 585 inducitur
577 540 848 598 rescriptum
882 540 956 584 vel
989 552 1086 584 esse
1119 539 1436 598 apocryphum
1474 539 1548 583 vel
1580 538 1741 583 saltem
1787 551 1942 582 corru-

159 626 306 681 ptum.
347 624 560 667 Defectus
592 622 752 667 literae
792 627 948 667 tamen
995 636 1086 666 non
1131 621 1356 671 invalidat
1392 621 1682 679 rescriptum.
1733 621 1772 674 b)
1810 620 1944 664 Vitiis

161 705 422 750 intrinsecis
455 710 610 750 autem
646 705 919 763 rescriptum
956 705 1131 750 nullum
1166 711 1251 759 est,
1291 707 1362 750 vel
1394 706 1500 764 quia
1527 705 1836 749 necessarium
1869 705 1942 749 vel

161 789 205 833 in
243 788 462 846 petitione
498 789 569 833 vel
603 788 650 832 in
684 787 904 846 rescripto
938 801 1030 832 non
1074 792 1142 833 est
1182 802 1476 846 expressum,
1513 788 1586 832 vel
1627 790 1733 847 quia
1777 787 1942 832 falsum

115 877 125 885 ‘
161 872 234 916 vel
267 871 312 915 in
348 871 570 930 petitione
606 871 679 915 vel
713 870 758 915 in
795 870 1016 929 rescripto
1048 875 1117 915 est
1149 871 1412 929 allegatum.
1444 871 1684 928 Expressio
1719 870 1843 924 falsi,
1879 869 1943 914 di·

160 955 280 1000 citur
303 955 349 999 in
374 954 471 1000 iure
504 956 719 1019 obgepsto,
757 955 998 1000 reticentia
1034 955 1129 1000 veri
1163 956 1409 1013 sab-&plia
1446 957 1559 1000 Cum
1594 967 1705 998 vero
1738 952 1945 1010 obreptio

160 1045 207 1084 et
238 1039 469 1098 subreptio
502 1040 650 1098 quoad
686 1039 901 1083 iuridicos
935 1038 1123 1083 effectus
1168 1038 1360 1083 minime
1402 1037 1641 1092 differant,
1678 1038 1946 1096 frequenter

160 1124 206 1167 in
242 1125 339 1167 iure
372 1127 418 1167 et
451 1136 534 1167 usu
569 1122 826 1179 promiscue
861 1126 1109 1166 sumuntur
1143 1122 1173 1165 ³.

283 1205 412 1266 ¹⁴3¹}ss
448 1206 604 1269 primjs
637 1207 758 1268 quod
795 1207 848 1251 ad
881 1206 1153 1265 petitionem
1190 1206 1394 1264 rescripti
1429 1205 1613 1251 attinet.
1639 1205 1841 1266 obfflcio
1870 1205 1943 1249 vel

159 1290 388 1358 suffitio
423 1290 572 1333 locum
622 1289 781 1333 babuit
814 1290 887 1333 vel
930 1290 1048 1349 dolo,
1096 1289 1165 1333 vel
1211 1288 1470 1353 ignorantia
1504 1293 1550 1332 et
1591 1287 1884 1350 simplicitate
1909 1289 1939 1331 ¹⁸.

161 1374 201 1418 si
237 1375 338 1419 dolo
372 1375 521 1419 locum
558 1373 716 1418 habuit
749 1373 955 1431 obreptio
982 1375 1050 1418 xel
1074 1372 1323 1431 subreptio,
1356 1373 1574 1431 rescripta
1603 1372 1701 1417 sive
1734 1372 1907 1429 gratiae
1931 1372 1944 1393 ⁵

110 1495 117 1500 .
160 1458 258 1503 sive
292 1457 492 1502 iustitiae
517 1458 532 1482 ὃ
567 1462 675 1501 sunt
710 1460 803 1514 ipso
848 1460 950 1501 icore
993 1458 1049 1502 ab
1088 1456 1220 1502 initio
1264 1456 1496 1511 invalida,
1539 1457 1647 1500 dum
1691 1470 1818 1501 error
1852 1470 1942 1499 non

161 1540 293 1584 cadat
326 1539 516 1583 omnino
552 1538 596 1582 in
633 1539 1008 1583 accidentalibus.
1050 1539 1179 1592 Quod
1213 1539 1247 1581 si
1282 1539 1487 1597 obreptio
1522 1538 1592 1583 vel
1628 1538 1860 1596 subreptio
1895 1538 1939 1582 in

162 1623 382 1681 petitione
420 1638 475 1667 ex
523 1625 799 1680 ignorantia
842 1623 914 1667 vel
953 1623 1250 1679 simplicitate
1293 1622 1525 1680 irrepserit
1566 1622 1941 1679 distinguendum

160 1710 243 1750 est.
283 1707 359 1750 Vel
397 1707 494 1750 νει-ἰ
529 1706 788 1761 reticentia,
825 1711 904 1750 aut
939 1706 1038 1750 falsi
1072 1705 1283 1762 allegatio
1317 1705 1438 1750 cadit
1474 1706 1517 1749 in
1552 1718 1739 1750 causam
1774 1706 1942 1762 impal-

158 1792 323 1841 sivam,
365 1791 437 1834 vel
472 1788 515 1832 in
552 1802 738 1833 causam
774 1792 1010 1834 motivam.
1052 1792 1195 1835 Causa
1242 1792 1412 1833 motiva
1455 1788 1525 1833 vel
1568 1787 1716 1832 finalis
1757 1787 1941 1843 dicitur,

160 1888 248 1933 qua
283 1874 493 1931 princeps
526 1873 587 1916 ita
624 1877 842 1917 movetur
874 1873 930 1917 ad
964 1872 1312 1918 concedendum
1348 1872 1621 1930 rescriptum
1647 1876 1695 1916 ut
1720 1870 1827 1915 illud
1852 1885 1943 1915 non

160 1958 433 2002 concederet
467 1957 502 2001 si
536 1956 673 2002 sciret
718 1970 904 2001 causam
951 1971 1042 2000 non
1082 1970 1180 2001 esse
1228 1970 1410 2013 xeram;
1456 1969 1592 2000 causa
1636 1955 1889 2012 impulsiva
1923 1968 1945 1997 e

161 2046 322 2085 contra
354 2045 424 2084 est
455 2054 544 2099 qua
582 2040 795 2098 Princeps
828 2040 1077 2097 impellitur
1108 2040 1184 2084 sed
1218 2054 1295 2098 per
1328 2053 1375 2084 se
1409 2038 1640 2084 sufficiens
1675 2038 1792 2082 haud
1828 2041 1946 2082 esset

160 2126 216 2169 ad
252 2126 523 2182 rescriptum
558 2125 898 2182 impetrandum
936 2126 965 2168 ⁷.
1018 2129 1081 2168 Ex
1117 2125 1186 2169 his
1226 2124 1370 2182 liquet
1402 2125 1438 2168 si
1479 2123 1686 2181 obreptio
1730 2127 1811 2167 aut
1843 2122 1946 2165 sub—

162 2207 307 2266 reptio
356 2209 402 2252 in
452 2221 638 2253 causam
690 2209 914 2253 motivam
960 2208 1123 2259 cadat,
1162 2207 1435 2265 rescriptum
1487 2207 1726 2251 voluntate
1779 2197 1945 2250 Princi-

163 2290 230 2349 pis
261 2291 463 2346 destitui,
502 2290 692 2350 ideoque
725 2291 850 2335 omni
889 2292 932 2334 xi
967 2304 1123 2336 carere
1157 2294 1387 2348 oportere;
1424 2303 1555 2335 secus
1588 2289 1737 2348 quoad
1755 2303 1942 2333 causam

162 2373 457 2431 impulsivam
485 2374 748 2418 dicendum.
789 2377 957 2419 Verum
993 2377 1077 2419 bac
1111 2375 1157 2419 in
1193 2389 1240 2419 re
1281 2374 1561 2433 distinguere
1603 2379 1800 2433 oportet,
1838 2388 1944 2417 nam

282 2553 290 2571 ¹
321 2553 357 2590 C.
385 2554 417 2595 5,
443 2554 465 2589 6
491 2553 535 2589 de
564 2553 633 2590 fide
662 2555 828 2590 instrum.

280 2624 292 2642 ²
317 2624 358 2661 C.
391 2625 430 2660 11
462 2625 497 2660 h.
527 2630 548 2661 t.

282 2695 294 2713 ³
320 2695 405 2740 Cap.
437 2695 489 2738 11,
516 2696 561 2732 de
589 2696 658 2733 fide
687 2697 858 2734 instrum.

283 2765 296 2784 ⁵
322 2766 373 2803 Cf.
402 2766 573 2810 MAanT,
601 2778 659 2814 op.
688 2777 716 2804 c.
746 2768 779 2804 h.
808 2772 830 2806 ῑ.

282 2837 294 2855 ¹⁵
322 2838 358 2874 C.
385 2838 428 2874 51
459 2838 494 2874 h.
522 2844 557 2883 t„
583 2849 663 2885 cap.
691 2839 714 2874 8
739 2839 819 2876 eod.

282 2907 295 2927 ⁰
319 2908 370 2945 cf.
398 2909 541 2946 SUAnEz
568 2920 648 2956 cap.
675 2911 731 2953 51,
758 2912 793 2947 h.
822 2917 846 2947 ῑ.
874 2916 1002 2948 contra
1038 2922 1175 2958 paucos
1202 2922 1280 2958 cap.
1318 2913 1382 2957 15,
1411 2914 1474 2957 16,
1501 2914 1558 2951 20.
1591 2916 1644 2952 Cf.
1674 2917 1834 2953 MAan‘r
1864 2918 1883 2952 l.
1914 2918 1942 2959 1,

165 2979 218 3015 tii.
244 2979 276 3023 5,
304 2989 361 3025 op.
390 2989 420 3016 c.

281 3038 294 3057 ⁷
322 3038 373 3075 Cr.
399 3039 559 3077 MAcuAT
586 3050 645 3086 op.
673 3050 704 3077 c.
732 3042 767 3078 h.
795 3047 818 3078 t.
