2176 3386
231 141 307 182 110
901 153 1010 181 PARS
1040 153 1079 182 ιι.
1111 153 1167 182 DE
1198 153 1335 182 REBUS

229 274 283 305 ac
316 260 522 319 repetitis
554 259 743 304 monitis
774 259 998 305 eiusmodi
1033 259 1324 306 Sacerdotem
1357 259 1412 304 ad
1445 259 1805 318 resipiscendum
1838 262 2005 307 frustra

230 343 502 389 invitaverit
535 348 580 388 et
612 343 667 388 de
701 343 798 388 eius
831 342 1104 388 criminibus
1134 346 1182 388 et
1214 342 1391 401 publica
1424 342 1737 388 diffamatione
1784 344 2010 403 probatio·
2149 328 2176 388 1!

230 440 312 471 nes
334 430 483 470 certas
506 425 646 470 etiam
670 425 1081 470 extraiudicialiter
1103 424 1385 484 conquisitas
1409 424 1493 469 sibi
1519 426 1873 484 comparaverit,
1898 441 2013 486 quas

231 509 278 554 in
311 522 418 556 casu
454 521 666 555 recursus
706 509 923 554 exhibere
961 508 1111 554 valeat
1153 510 1314 553 Sacrae
1346 509 1713 568 congregationi.
1770 512 1833 556 Ad
1867 512 1925 556 ‘2¹¹¹
1962 512 2008 556 in

230 606 338 637 casu
374 593 602 650 proposito
637 590 914 650 praedictam
967 590 1285 636 instructionis
1331 591 1676 651 dispositionem
1717 609 1807 640 non
1844 596 2011 640 habere

231 676 397 720 locum.
433 675 495 720 Ad
531 676 592 719 5¹¹²
617 676 657 717 S.
684 673 983 731 Congregatio
1017 673 1238 732 indulget,
1264 679 1315 718 ut
1346 675 1589 734 Episcopus
1621 681 1870 736 antequam
1905 691 2014 723 con-

233 760 350 804 ferat
382 758 568 802 titulum
619 756 849 802 missionis
899 757 1194 814 Regularibus
1227 772 1250 802 e
1284 772 1365 802 suo
1407 758 1577 803 Ordine
1624 761 1837 817 egressis,
1875 761 2014 820 possit

231 856 308 887 eos
342 841 524 886 mittere
557 841 613 885 ad
646 845 829 899 tempus
862 853 1115 897 congruum
1150 840 1205 884 ad
1239 840 1437 899 aliquam
1473 841 1737 887 missionem
1768 845 2013 901 regendam

214 923 539 983 'experimenti
573 927 619 967 et
653 922 933 981 probationis
967 936 1121 976 causa,
1158 923 1363 980 exceptis
1395 924 1630 981 apostatis,
1667 929 1713 968 et
1745 925 1799 970 iis
1831 925 1907 985 qui
1945 931 2016 970 ut-

233 1012 336 1064 pote
369 1005 700 1063 incorrigibiles
731 1005 863 1050 eiecti
901 1007 1104 1061 fuerunt,
1139 1019 1252 1065 quos
1286 1011 1532 1064 perpetuae
1566 1007 1853 1065 suspensioni
1877 1008 2016 1053 obno-

233 1091 332 1135 xios
364 1104 462 1135 esse
497 1089 644 1134 voluit
687 1089 893 1133 Urbanus
927 1091 1026 1134 Vlll
1059 1089 1243 1134 decreto
1281 1089 1404 1133 edito
1437 1103 1516 1147 per
1549 1092 1589 1135 S.
1626 1092 1791 1148 Congr.
1828 1091 2015 1137 Concilii

233 1174 304 1219 die
338 1174 386 1218 21
426 1177 540 1231 sept.
582 1173 709 1217 1624.
746 1172 809 1216 Ad
842 1174 901 1216 4¹¹¹
940 1172 1216 1217 affirmative
1248 1172 1302 1216 ad
1337 1177 1598 1232 utrumque,
1635 1179 1684 1218 et
1718 1174 1774 1218 ad
1809 1175 1868 1218 5¹¹¹
1901 1175 2018 1219 affir—

235 1256 421 1301 mative.

352 1338 454 1383 855.
496 1338 698 1397 Denique
734 1337 987 1382 notandum
1023 1341 1117 1391 est,
1153 1337 1273 1396 quod
1306 1337 1426 1394 leges
1458 1351 1731 1382 communes
1777 1337 1906 1381 titulo
1942 1341 2018 1382 Be·

236 1421 404 1476 neficii,
441 1425 487 1465 et
519 1421 653 1465 titulo
687 1419 956 1465 Patrimonii
993 1424 1125 1464 sunt:
1178 1422 1223 1476 a)
1262 1422 1316 1464 [ft
1348 1421 1621 1465 alterutrum
1659 1421 1825 1466 habeat
1856 1435 2023 1467 census

235 1517 461 1562 congruos
496 1503 626 1548 iuxta
651 1509 806 1548 taxam
833 1502 1136 1548 constitutam
1171 1503 1216 1546 in
1252 1502 1473 1559 dioecesi;
1509 1504 1549 1560 b)
1574 1516 1740 1548 census
1769 1503 1879 1548 nulli
1913 1503 2023 1548 obli-

235 1593 387 1646 gatos3
422 1590 459 1642 c)
497 1593 548 1631 ut
580 1587 872 1632 Ordinandus
909 1601 1001 1631 non
1037 1586 1177 1644 possit
1209 1599 1255 1631 se
1290 1585 1510 1631 beneficio
1536 1587 1607 1631 vel
1646 1586 1922 1644 patrimonio
1945 1589 2022 1632 ab·

235 1671 387 1716 dicare
425 1670 667 1715 vendendo
699 1675 779 1714 aut
811 1669 942 1714 alteri
978 1669 1269 1726 resignando,
1296 1668 1382 1713 nisi
1416 1669 1469 1713 de
1507 1669 1711 1727 Episcopi
1748 1670 2023 1715 auctoritate

236 1770 340 1800 cum
391 1754 580 1800 alterius
628 1754 746 1798 tituli
799 1753 1007 1812 perpetui
1041 1767 1093 1798 ac
1126 1753 1394 1798 sufficientis
1433 1752 1635 1811 legitima
1676 1752 2021 1798 substitutione.

238 1843 337 1884 Non
372 1843 520 1897 potest
555 1843 710 1883 autem
744 1838 844 1897 quis
893 1837 1092 1882 ordinari
1128 1837 1181 1881 ad
1217 1836 1261 1881 id
1294 1837 1411 1896 quod
1447 1836 1626 1895 propria
1662 1836 1913 1892 industria,
1949 1837 2020 1881 vel

238 1923 429 1967 honesto
465 1921 613 1966 officio
636 1920 895 1965 lucraturus
917 1924 1001 1975 est,
1027 1933 1176 1979 neque
1210 1920 1262 1964 ad
1289 1918 1492 1964 redditus
1515 1921 1738 1964 bonorum
1765 1919 2022 1977 mobilium·,
2071 1945 2076 1951 ·

239 2010 386 2064 potest
418 2009 573 2049 autem
607 2018 663 2048 ex
698 2004 832 2048 titulo
867 2002 1123 2062 pensioniS,
1160 2003 1234 2046 vel
1269 2015 1458 2058 census,
1495 2001 1567 2046 vel
1611 2002 1922 2061 cappellaniae
1955 2001 2024 2046 in-

236 2090 512 2134 amovibilis.

356 2172 459 2216 854.
497 2171 539 2216 Si
574 2169 736 2230 aliquis
773 2169 1016 2227 Episcopus
1049 2167 1189 2213 sacris
1223 2167 1514 2225 insigniverit
1546 2167 1782 2212 ordinibus
1804 2166 2023 2212 clericum

239 2255 408 2314 absque
441 2254 593 2308 titulo,
629 2258 741 2298 tunc
774 2252 810 2297 si
848 2252 1092 2310 Episcopus
1125 2250 1336 2296 conscius
1368 2251 1455 2295 fuit
1486 2250 1692 2295 defectus
1725 2250 1863 2306 tituli,
1888 2250 2022 2295 debet

239 2351 320 2382 suo
353 2342 539 2395 sumptu
573 2337 694 2381 alere
727 2335 945 2381 clericum
990 2333 1277 2388 ordinatum,
1313 2333 1349 2378 si
1384 2333 1457 2377 hic
1491 2347 1582 2378 nou
1620 2332 1761 2391 possit
1799 2332 1892 2378 suis
1925 2346 2026 2390 pro-

243 2419 350 2478 priis
399 2418 650 2464 redditibus
681 2431 728 2463 se
762 2421 1056 2471 sustentare3
1107 2430 1237 2461 secus
1269 2416 1304 2460 si
1339 2416 1550 2461 conscius
1574 2429 1664 2459 non
1692 2414 1793 2460 fuit.
1832 2418 2028 2473 Suspen-

241 2503 417 2548 sionem
470 2517 550 2561 per
590 2515 765 2547 annum
800 2515 824 2545 a
860 2500 1103 2546 collatione
1137 2499 1349 2544 ordinum
1396 2502 1445 2543 R.
1483 2497 1705 2544 Pontifici
1743 2502 2025 2543 reservatam

241 2587 337 2646 ipso
372 2587 469 2632 iure
503 2587 764 2640 incurrunt,
799 2584 894 2644 qui,
931 2587 1124 2641 excepto
1157 2595 1262 2627 casu
1298 2580 1488 2639 legitimi
1538 2580 1780 2639 privilegii,
1816 2579 2024 2625 ordinem

242 2684 423 2716 sacrum
457 2669 740 2714 contulerint
771 2668 940 2727 absque
973 2665 1107 2710 titulo
1141 2664 1349 2710 beneficii
1376 2664 1447 2709 vel
1481 2662 1744 2721 patrimonii
1778 2663 1944 2708 clerico
1977 2661 2022 2706 in

242 2754 392 2814 aliqua
425 2753 788 2811 Congregatione
820 2749 1019 2805 viventi,
1056 2748 1101 2792 in
1135 2762 1223 2807 qua
1257 2747 1475 2792 solemnis
1508 2746 1726 2805 professio
1761 2760 1851 2791 non
1889 2745 2024 2790 emit-

243 2837 372 2893 titur,
410 2836 482 2881 vel
505 2835 714 2893 religi.›so
747 2833 953 2879 nondum
988 2833 1188 2891 professo
1214 2832 1243 2876 ¹.
1280 2830 1632 2889 suspensionem
1668 2843 1746 2888 per
1770 2827 2022 2874 triennium

364 3014 370 3033 ¹
401 3013 525 3050 Const.
559 3013 628 3060 Ap.
657 3013 761 3049 Sedis.
