2176 3386
733 182 862 211 Lmen
890 182 930 211 11.
969 182 1026 211 DE
1057 181 1362 211 REGULAmBUs
1866 167 1945 209 427

159 286 382 332 vinciales
415 291 706 345 peregerunt,
742 291 789 331 et
820 286 924 332 dein
961 301 1041 346 per
1070 292 1246 332 secreta
1282 286 1497 345 suffragia
1530 287 1742 344 definire,
1777 301 1836 333 an
1869 301 1945 346 ap-

161 368 367 427 probatio
401 369 522 414 facta
555 369 600 413 in
635 368 857 414 scrutinio
889 369 1264 415 examinatorum
1301 359 1654 428 provinciarium
1688 370 1747 415 sit
1780 370 1945 415 confir-

162 451 346 506 manda,
374 452 443 496 vel
479 452 754 497 revocanda.
792 451 833 495 Si
868 452 1081 510 Superior
1111 451 1337 510 generalis
1369 452 1416 495 in
1451 452 1569 497 Urbe
1602 466 1695 497 non
1731 452 1942 507 resideat,

159 533 260 578 eius
285 533 407 578 vices
430 538 557 592 geret
590 539 862 580 Procurator
885 534 1125 592 generalis,
1150 534 1366 580 adhibitis
1398 535 1560 579 saltem
1594 534 1739 581 tribus
1771 535 1946 580 exami-

158 614 396 660 natoribus
429 615 715 673 generalibus
748 616 793 660 in
831 617 946 661 Urbe
979 599 1267 674 degentibus,
1296 617 1368 661 vel
1401 617 1456 662 ad
1493 616 1656 662 [rbem
1692 617 1942 662 accersitis.

278 700 492 759 Superior
524 701 748 758 generalis
780 700 947 759 poterit
979 714 1175 758 semper,
1202 701 1336 746 iustis
1370 701 1425 746 de
1457 701 1623 756 causis,
1648 701 1945 746 candidatum

160 783 364 838 reiicere,
401 783 507 828 licet
543 784 586 827 in
622 788 814 843 utroque
849 783 1071 828 scrutinio
1105 784 1427 842 approbatum,
1454 797 1691 843 nunquam
1729 798 1838 828 vero
1870 784 1945 827 ad-

157 867 342 911 mittere
374 866 431 911 ab
463 866 857 911 examinatoribus
891 867 1203 925 reprobatum.
1253 867 1378 911 Idem
1412 866 1616 926 quolibet
1648 868 1856 911 semestri
1890 867 1944 911 ad

156 951 200 994 S.
242 951 408 1007 Conyr.
445 963 586 1006 saper
630 955 756 994 statu
804 950 1117 1006 Reyttlarc'um
1165 949 1219 993 de
1260 948 1452 1006 singulis
1500 949 1688 994 novitiis
1737 948 1946 994 admissis

162 1034 328 1077 referre
361 1033 511 1077 debet.
549 1032 749 1086 Quilibet
782 1031 1017 1090 religiosus
1052 1034 1122 1077 vel
1158 1033 1364 1077 novitius
1403 1032 1733 1091 impedimenta
1769 1037 1815 1077 et
1847 1047 1945 1091 gra-

158 1129 238 1160 ves
284 1116 492 1160 defectus
541 1115 704 1160 novitii
755 1115 1028 1160 denuntiare
1080 1120 1280 1170 tenetur,
1315 1115 1349 1160 si
1399 1116 1598 1170 noverit,
1636 1121 1680 1160 et
1730 1115 1947 1174 magister

158 1200 441 1244 novitiorum
479 1199 753 1244 Provinciali
799 1199 1002 1258 quolibet
1034 1198 1255 1243 trimestri
1289 1199 1343 1243 de
1379 1199 1566 1243 novitiis
1602 1200 1788 1243 referre.
1830 1203 1945 1243 Duo-

161 1284 244 1328 bus
278 1298 386 1328 vero
419 1289 526 1327 ante
562 1283 890 1342 professionem
941 1283 1177 1327 mensibus
1213 1283 1426 1328 voluutas
1470 1282 1753 1327 novitiorum
1792 1285 1945 1341 explo-

162 1367 248 1412 rari
283 1367 417 1412 debet
441 1369 469 1410 ¹.

275 1486 282 1504 ¹
315 1486 592 1522 Declaraliones
619 1496 730 1532 super
756 1487 901 1523 decreto
919 1487 1094 1532 chularz'
1120 1486 1327 1532 disciplinae
1355 1486 1391 1522 in
1419 1486 1532 1528 Italia,
1552 1490 1586 1522 et
1614 1486 1746 1522 insulis
1773 1486 1944 1522 adiacen-

162 1558 258 1594 tibus
285 1558 484 1594 servando:
515 1558 545 1593 1.
575 1558 610 1594 Si
640 1558 814 1603 Superior
841 1558 1023 1604 generalis
1050 1558 1209 1594 alieuius
1237 1557 1397 1602 Ordinis,
1422 1558 1460 1593 in
1488 1568 1560 1604 quo
1587 1558 1842 1594 provinciales
1869 1568 1944 1594 non

162 1628 375 1671 habeantur,
409 1629 455 1665 sit
481 1629 612 1665 eodem
638 1633 803 1675 tempore
823 1629 996 1675 Superior
1022 1633 1240 1670 conventus,
1270 1639 1335 1665 seu
1363 1629 1494 1665 domus
1522 1629 1735 1671 novitiatus,
1754 1629 1941 1674 quomodo

161 1712 199 1737 se
227 1710 352 1746 gerere
379 1701 509 1737 debeat
539 1701 713 1747 Superior
739 1701 816 1746 ipse
843 1701 881 1736 in
910 1700 1133 1746 persiciendo
1163 1701 1282 1746 primo
1310 1699 1519 1736 scrutinio?
1548 1702 1653 1746 Resp.
1677 1701 1855 1746 Superior
1883 1711 1944 1746 ge-

156 1772 291 1809 neralis
317 1773 466 1818 deputet
492 1773 538 1809 ad
565 1772 746 1815 effectum,
773 1773 816 1809 de
843 1783 916 1818 quo
943 1774 1075 1818 agitur,
1103 1772 1261 1818 probum
1289 1774 1324 1808 et
1354 1773 1526 1809 idoneum
1554 1773 1796 1819 Religiosum,
1816 1779 1850 1810 et
1871 1783 1944 1810 una

154 1854 239 1880 cuin
268 1844 500 1890 praescriptis
530 1844 853 1881 Examinatoribus
880 1845 1039 1890 primum
1066 1844 1284 1880 scrutinium
1312 1844 1486 1888 perficiat.
1506 1864 1552 1869 —
1577 1843 1610 1880 2.
1630 1844 1666 1880 Si
1695 1848 1757 1880 aut
1785 1854 1849 1890 per
1871 1844 1937 1880 ob-

156 1915 258 1957 itum,
285 1920 346 1951 aut
375 1925 438 1961 per
462 1915 795 1959 renunciationem,
823 1919 885 1951 aut
911 1915 983 1951 alia
1021 1924 1254 1961 quacumque
1282 1924 1395 1951 causa
1434 1925 1609 1952 numerus
1637 1916 1942 1953 Examinatorum

155 1986 436 2032 provincialium
466 1987 522 2023 vel
549 1986 780 2032 generalium
809 1987 846 2022 in
871 1991 982 2032 parte,
1012 1985 1068 2021 vel
1095 1985 1207 2021 etiam
1244 1985 1403 2022 totaliter
1429 1985 1586 2030 deficiat,
1613 1995 1682 2022 nec
1710 1991 1855 2032 tempus
1882 1996 1941 2023 ce-

156 2058 368 2094 lebrationis
388 2057 544 2104 Capituli
566 2057 619 2094 vel
640 2058 765 2094 Dietae
792 2057 989 2099 advenerit,
1017 2057 1202 2102 quomodo
1222 2057 1268 2093 ad
1288 2057 1502 2093 eorumdem
1530 2058 1834 2094 Examinatorum
1863 2058 1941 2094 ele-

155 2128 313 2164 ctionem
343 2128 613 2173 procedendum
640 2126 739 2163 erit?
766 2128 874 2174 Resp.
895 2128 1064 2164 Servetur
1089 2128 1285 2164 methodus
1312 2128 1348 2163 in
1366 2128 1512 2164 decreto
1532 2129 1706 2174 Requlari
1731 2130 1940 2176 disciplinae

155 2202 247 2246 (Art.
275 2200 325 2236 III
352 2206 387 2236 et
415 2200 463 2236 IV
490 2201 527 2236 in
555 2200 638 2243 fine,
665 2204 700 2236 et
727 2199 807 2236 Art.
836 2198 919 2244 VII)
946 2200 1171 2245 praescripta
1209 2210 1274 2245 pro
1315 2199 1494 2236 electione
1522 2200 1847 2246 Examinatorum‚
1874 2203 1937 2248 qui

154 2272 313 2318 eligendi
340 2276 446 2308 erunt
473 2272 594 2308 statim
623 2276 705 2318 post
732 2272 846 2308 latum
874 2271 970 2307 idem
998 2271 1196 2313 decretum,
1215 2275 1250 2308 et
1276 2275 1360 2307 ante
1388 2271 1676 2308 celebrationem
1705 2272 1862 2315 proximi
1887 2273 1939 2309 fu-

157 2343 226 2379 turi
253 2342 410 2388 Capituli
437 2343 493 2378 vel
522 2343 667 2386 Dietae;
694 2342 975 2378 Examinatores
1002 2343 1055 2378 sic
1082 2342 1187 2378 electi
1217 2342 1253 2377 in
1282 2342 1404 2378 officio
1442 2342 1638 2388 perdurent
1666 2352 1782 2389 usque
1809 2343 1854 2379 ad
1882 2352 1942 2379 ce-

156 2413 396 2451 lebrationem
424 2414 581 2460 proximi
609 2413 765 2460 Capituli
794 2414 849 2450 vel
870 2414 1006 2450 Dictae.
1035 2414 1136 2457 Quae
1166 2413 1362 2449 methodus
1389 2414 1498 2449 etiam
1526 2417 1692 2449 servetur
1718 2413 1867 2459 quando
1894 2423 1940 2449 ex

157 2486 191 2523 S.
218 2485 322 2522 Sedis
356 2485 633 2531 dispensatione
661 2485 829 2531 Capitula
856 2485 912 2521 vel
940 2486 1066 2522 Dietae
1100 2494 1175 2521 non
1202 2485 1444 2526 celebrantur,
1473 2490 1508 2520 et
1533 2484 1666 2520 electio
1694 2484 1936 2529 Superiorum

156 2566 221 2601 per
257 2549 444 2592 decretum
471 2555 506 2592 S.
533 2555 635 2592 Sedis
663 2556 719 2593 vel
759 2566 823 2602 per
849 2556 1003 2592 schedas
1044 2555 1117 2592 fiat.
1146 2576 1187 2580 —
1216 2556 1248 2591 5.
1277 2556 1318 2591 In
1345 2555 1533 2601 aliquibus
1561 2555 1742 2591 Institutis
1770 2554 1940 2599 Capitula

157 2629 398 2675 provincialia
423 2629 606 2666 ordinarie
633 2629 867 2665 celebrantur
893 2638 1007 2675 prope
1036 2628 1146 2665 finem
1175 2629 1334 2670 triennii,
1353 2633 1389 2664 et
1415 2628 1453 2663 in
1481 2628 1803 2674 praeparationem
1831 2627 1939 2673 Capi-

158 2699 223 2735 tuli
260 2700 454 2745 generatis,
482 2700 572 2746 quin
598 2700 635 2735 in
662 2700 752 2745 ipsis
791 2699 952 2745 eligatur
979 2700 1154 2746 Superior
1179 2699 1429 2745 provincialis.
1457 2699 1649 2742 Quomodo
1690 2699 1758 2734 hoc
1786 2699 1824 2734 in
1852 2707 1939 2735 casu

158 2771 205 2807 ad
227 2771 446 2807 electionem
466 2771 767 2807 Examinatorum
795 2770 1077 2816 provincialium
1107 2771 1380 2816 procedendum
1406 2768 1501 2806 erit?
1530 2770 1636 2815 Resp.
1657 2770 1939 2806 Examinatores

107 2873 113 2883 ,
159 2844 400 2889 provinciales
437 2844 597 2890 eligendi
636 2848 743 2881 erunt
768 2854 790 2880 a
816 2844 985 2889 Capitulo
1025 2843 1265 2889 provinciali,
1297 2842 1382 2879 licet
1421 2842 1510 2878 illud
1545 2842 1757 2879 celebretur
1795 2843 1833 2878 in
1869 2842 1940 2879 [ine

107 2949 110 2951 ,
158 2915 317 2958 triennii,
343 2921 379 2953 et
403 2915 595 2952 dumtaxat
621 2915 658 2951 in
684 2915 1003 2961 praeparationem
1023 2914 1180 2960 Capituli
1210 2913 1404 2959 generalis.
1433 2914 1538 2957 Quod
1565 2914 1595 2949 si
1623 2913 1747 2959 aliqua
1773 2913 1853 2950 vice
1873 2912 1941 2949 Ca-

160 2986 315 3032 pitulum
352 2986 577 3032 provinciale
605 2995 681 3022 non
719 2990 951 3028 convocetur,
977 2985 1109 3022 electio
1147 2985 1193 3020 ad
1219 2984 1428 3021 consultam
1468 2983 1733 3029 provincialem
1765 2983 1811 3019 ad
1843 2983 1942 3019 hunc

157 3056 328 3094 effectum
354 3057 632 3094 convocandam
659 3057 850 3103 spectabit.
868 3076 911 3083 —
939 3056 971 3092 lt.
1000 3057 1058 3093 An
1085 3057 1130 3093 ad
1157 3056 1321 3092 officium
1348 3056 1652 3092 Examinatorum
1678 3055 1754 3091 sive
1782 3063 1940 3100 genera-

978 0 998 15 *
1009 0 1569 35 Wssffl‘sswr-‘Wffl
1579 0 1698 27 §osv
1704 0 1743 20 sv-
1754 0 1867 30 W&
1874 0 1957 22 ww·

1960 0 1974 5 ,.
2003 0 2131 26 „ww
