2176 3386
787 205 917 235 LlBER
946 205 970 234 1.
1006 205 1062 233 DE
1092 204 1286 234 eLEmcls
1851 195 1932 236 255

141 311 550 357 constitutionibus
582 312 785 370 prolatae
818 315 943 367 sunt,
979 311 1167 357 obnoxii
1201 316 1503 368 censeantur,
1539 313 1750 359 iniuncto
1793 318 1948 372 Supe-'

142 395 339 441 rioribus
369 395 552 441 Ordinis
584 395 640 440 ad
673 408 786 455 quos
817 398 1011 452 spectat,
1047 396 1283 451 mandato,
1321 396 1504 441 eosdem
1538 397 1595 442 ad
1627 397 1828 442 claustra
1862 412 1930 443 re-

145 477 358 523 vocandi.

262 561 362 607 289.
402 561 466 607 Ad
496 574 657 605 causas
689 566 969 605 excusantes
1000 561 1120 620 quod
1152 561 1322 607 attinet
1359 561 1449 606 duo
1486 561 1759 620 inquirenda
1792 566 1927 606 sunt:

147 645 184 702 l)
213 648 450 698 Quaenam
484 644 600 700 sint3
653 645 695 701 2)
723 649 819 698 Qua
853 644 1118 689 conditione
1167 644 1371 690 munitas
1403 658 1502 690 esse
1544 649 1768 703 oporteat.
1815 648 1930 690 Iam-

144 742 252 773 vero
275 722 440 773 causae
463 731 756 783 excusantes,
780 727 885 772 licet
908 733 1107 786 quatuor
1129 743 1152 773 a
1179 729 1380 774 Concilio
1405 728 1673 773 Tridentino
1697 728 1930 786 assignen-

142 814 266 868 tur‘,
302 813 358 858 ad
391 811 504 857 duas
538 816 695 857 tamen
738 814 943 859 revocari
989 817 1206 871 possunt:
1253 815 1298 870 α)
1326 813 1380 858 311
1416 814 1774 869 113338811313111,
1815 826 1932 872 quae

141 897 466 955 complectitur
498 897 639 942 etiam
673 896 1009 954 obedientiam3
1061 898 1101 953 b)
1133 897 1188 941 ad
1223 897 1498 952 caritatem,
1535 910 1625 956 qua
1665 895 1934 941 continetur

143 981 282 1025 etiam
319 981 544 1026 Ecclesiae
578 982 651 1025 vel
686 981 962 1038 reipublicae
997 980 1189 1025 utilitas.
1844 966 1847 969 ’

263 1068 450 1122 Propter
485 1064 807 1109 necessitatem
842 1069 1034 1109 excusat
1069 1079 1093 1108 a
1127 1063 1398 1108 residentia:
1440 1064 1477 1119 l)
1510 1062 1770 1108 obedientia
1795 1065 1933 1120 Supe-

144 1146 249 1191 riori
282 1147 432 1192 debita
468 1147 510 1192 id
544 1153 613 1192 est
646 1153 744 1193 tum
783 1153 989 1193 Romano
1027 1148 1232 1193 Pontifici
1267 1148 1344 1207 qui
1381 1147 1654 1205 Episcopum
1690 1147 1762 1191 vel
1797 1147 1853 1190 ad
1886 1159 1933 1190 83

144 1236 294 1283 vocet,
333 1232 403 1276 vel
431 1231 519 1276 alio
554 1231 724 1288 mittat,
762 1237 861 1277 tum
898 1233 1037 1277 etiam
1074 1232 1392 1291 Metropolitae
1438 1233 1482 1277 in
1524 1246 1631 1277 casu
1676 1230 1933 1277 vocationis

143 1313 199 1358 ad
232 1314 484 1359 Concilium
520 1314 823 1360 provinciale.
863 1317 904 1372 2)
934 1315 1183 1360 infirmitas
1218 1315 1357 1373 ipsius
1395 1315 1617 1374 Episcopi,
1660 1329 1777 1374 quae
1819 1327 1932 1357 non-

145 1400 229 1444 nisi
263 1400 352 1445 alio
386 1401 470 1444 sub
502 1401 627 1445 coelo
661 1400 810 1445 curari
854 1400 1044 1459 possit2.
1099 1405 1196 1445 Huc
1239 1400 1439 1459 pertinet
1481 1400 1622 1444 etiam
1672 1399 1935 1457 malignitas

143 1484 277 1538 aeris,
313 1497 429 1542 (11133
462 1488 588 1528 certo
621 1485 730 1528 anni
767 1489 972 1542 tempore
1007 1488 1152 1529 totam
1188 1484 1434 1529 dioecesim
1469 1488 1678 1541 occupet,
1715 1487 1762 1527 et
1803 1484 1935 1528 cuius

145 1582 279 1613 cansa
315 1573 494 1626 praeter
525 1570 759 1613 trimestre
792 1569 991 1628 spatium
1027 1570 1123 1626 lege
1157 1568 1404 1624 indultum,
1440 1568 1556 1614 alius
1589 1569 1728 1613 etiam
1773 1570 1934 1613 absen-

144 1652 235 1696 tiae
270 1652 440 1697 mensis
473 1652 661 1697 concedi
698 1653 894 1711 11013813.
938 1652 1173 1711 Excipitur
1220 1657 1315 1697 tam
1362 1652 1523 1711 pestis,
1566 1667 1682 1712 quae
1729 1652 1934 1710 Episcopi

145 1735 399 1780 absentiam
435 1749 457 1779 3
493 1739 587 1780 1013
621 1735 816 1780 dioecesi
854 1736 1043 1780 minime
1078 1736 1320 1780 excusati.
1366 1737 1407 1792 5)
1435 1736 1697 1781 Persecutio
1743 1740 1823 1780 aut
1857 1736 1933 1780 ho-

145 1818 259 1863 stilis
291 1818 508 1873 incursio,
546 1818 630 1862 nisi
669 1823 823 1863 tamen
858 1820 1004 1877 gregis
1037 1821 1159 1864 salus
1192 1819 1385 1877 pastoris
1419 1819 1726 1877 praesentiam
1760 1820 1931 1877 exigat.

268 1906 329 1946 Ex
365 1915 500 1946 331183
535 1902 741 1946 caritatis
774 1917 798 1947 a
833 1903 1078 1947 residentia
1104 1907 1317 1948 excusat:
1361 1904 1397 1960 l)
1423 1901 1597 1947 utilitas
1622 1903 1828 1961 propriae
1855 1907 1933 1948 Ec-

145 1985 326 2040 clesiae,
363 1999 436 2029 ex.
474 2000 538 2043 gr.
575 1986 672 2030 eius
705 1986 874 2031 iurium
909 1987 1128 2031 defensio.
1167 1988 1208 2043 2)
1237 1986 1416 2031 Utilitas
1442 1987 1666 2032 Ecclesiae
1699 1991 1932 2032 Romanae

148 2069 219 2112 vel
254 2068 545 2113 universalis.
581 2074 679 2123 Quo
713 2070 854 2114 etiam
888 2070 1049 2114 referri
1084 2075 1230 2127 potest
1268 2070 1516 2114 necessitas
1548 2071 1745 2115 adeundi
1793 2070 1934 2115 comi-

147 2151 208 2195 tia
234 2151 428 2209 publica,
455 2152 507 2197 iis
543 2152 586 2196 in
610 2152 720 2197 locis
744 2153 817 2196 ubi
841 2153 1039 2210 dignitas
1062 2153 1291 2198 senatoria
1320 2153 1548 2212 Episcopis
1571 2154 1789 2198 adiuncta
1813 2157 1881 2198 est
1901 2154 1931 2198 5.

148 2238 245 2278 Huc
278 2234 418 2279 etiam
454 2237 611 2280 referri
646 2241 794 2294 potest
827 2237 1081 2282 necessitas
1114 2238 1315 2282 navandi
1351 2252 1538 2297 operam
1572 2237 1721 2282 causis
1759 2236 1932 2281 beatifi-

149 2318 381 2363 cationum
417 2320 490 2363 vel
523 2320 926 2366 canonizationum
962 2335 1041 2380 pro
1074 2321 1126 2366 iis
1159 2322 1236 2381 qui
1270 2321 1546 2366 auctoritate
1589 2319 1837 2378 apostolica
1879 2320 1934 2364 ad

150 2399 192 2444 id
225 2401 508 2459 delegantur.
555 2407 654 2456 Quo
687 2407 845 2448 tamen
879 2404 924 2448 in
959 2418 1067 2449 casu
1103 2405 1146 2449 id
1179 2405 1373 2463 speciale
1408 2408 1492 2461 est,
1531 2410 1580 2448 ut
1619 2405 1665 2448 in
1698 2403 1935 2449 absentiae

149 2487 354 2541 tempore
389 2485 620 2530 trimestre
653 2487 852 2544 spatium
885 2487 981 2544 lege
1015 2488 1246 2533 indultum
1280 2488 1608 2547 comprehendi
1650 2489 1839 2544 debeat,
1874 2487 1934 2532 ei-

149 2579 236 2624 que
269 2566 370 2611 addi
405 2567 650 2612 dumtaxat
683 2569 857 2627 possint
889 2570 964 2616 alii
998 2571 1186 2629 triginta
1220 2572 1332 2627 dies,
1368 2572 1489 2631 quod
1522 2571 1557 2616 si
1594 2586 1686 2616 non
1720 2571 1931 2626 sufficiat,

270 2788 276 2806 ¹
308 2788 403 2825 Sess.
431 2790 565 2833 XXIII,
593 2791 677 2836 Cap.
709 2791 739 2827 1.

271 2860 283 2878 ¹
311 2861 442 2898 Bened.
472 2862 558 2898 XIV
585 2863 708 2899 Const.
736 2862 792 2900 Ad
818 2866 1009 2901 universae
1033 2869 1115 2902 tert.
1143 2864 1237 2900 Non.
1266 2865 1363 2910 Sept.
1394 2864 1494 2901 1746.

271 2930 284 2949 ³
310 2931 445 2969 Bened,
474 2933 561 2970 XIV
590 2934 610 2970 l.
639 2943 672 2969 3.

275 3003 289 3024 '⁴
315 3005 518 3042 FAGNANUS
546 3006 582 3041 in
609 3007 694 3052 Cap.
725 3007 879 3044 clericas
905 3007 948 3043 de
975 3007 1061 3043 cler.
1089 3017 1165 3043 non
1192 3008 1300 3044 resid.

271 3076 284 3095 ³
310 3077 482 3115 Urbanus
510 3078 594 3115 VIII
621 3079 744 3115 Consl.
773 3081 902 3116 Sancta
929 3081 1093 3125 synodus
1120 3079 1163 3115 12
1190 3081 1275 3117 Dec.
1304 3079 1405 3118 1654.
