2176 3386
842 0 875 7 “’“
899 0 919 15 J
940 0 954 20 ζ
986 0 1071 19 ''TW'‘
1098 0 1141 26 -ζ
1158 0 1207 9 ““’
1251 0 1500 27 “fr-VX‘WRV

1268 26 1273 31 ⁴
1322 27 1335 41 Δ]
1514 24 1541 35 ¹¹1

225 153 306 193 250
506 148 510 151 ⁴
869 163 979 193 PARS
1009 164 1033 192 1.
1069 163 1126 192 DE
1155 162 1368 192 pensoms

227 270 430 327 decreta,
466 285 583 331 quae
617 271 764 316 solum
797 270 981 316 Clerum
1015 270 1284 328 respiciunt,
1320 270 1488 316 sufficit
1509 271 1644 317 lectio
1675 286 1792 331 quae
1837 272 1885 317 in
1928 273 2010 331 Sy-

230 353 349 398 nodo
382 352 462 410 fit;
498 353 646 412 quoad
679 353 879 408 decreta,
914 366 1030 412 quae
1063 353 1120 397 ad
1153 357 1302 397 totum
1338 353 1553 411 populum
1587 358 1824 412 spectant,
1868 354 2010 414 publi-

228 435 349 481 catio
382 435 460 480 fiet
495 436 567 481 vel
601 450 680 494 per
712 435 958 479 lectionem
993 435 1039 479 in
1073 432 1265 479 ecclesia
1298 435 1566 490 cathedrali,
1602 437 1674 481 vel
1709 451 1789 495 per
1805 437 2009 483 edictum

232 520 409 578 publice
442 523 648 574 affixum,
689 520 757 563 vel
792 519 880 563 alio
913 519 1049 563 simili
1086 519 1235 563 modo.
1274 519 1431 565 Clerici
1455 520 1714 566 dioecesani
1737 521 1793 565 ad
1816 522 2009 566 emenda

230 604 395 662 synodi
428 602 709 661 exemplaria
743 602 841 660 cogi
877 615 968 646 non
1005 603 1242 660 possunt².

355 688 551 732 Effectus
584 691 651 730 est
683 685 913 743 obligatio,
949 699 1065 744 quae
1099 686 1207 742 ligat
1244 685 1445 743 Episcopi
1469 686 1688 742 subditos,
1713 686 1788 746 qui
1813 687 1859 730 in
1887 686 2010 732 Dioe-

230 771 319 816 cesi
354 775 487 827 sunt,
525 770 657 829 idque
692 769 769 824 ita,
808 774 857 813 ut
889 770 1110 814 adversus
1141 783 1195 814 ea
1228 769 1412 814 nonnisi
1447 769 1492 813 in
1530 770 1796 815 devoluti'vo
1818 770 2011 828 appella-

231 853 295 898 tio
328 853 509 897 admitti
545 852 700 910 possit,
737 856 787 896 ut
820 852 1029 912 superius
1062 853 1277 896 diximus.

715 1038 732 1083 ξ
759 1039 791 1074 2.
818 1060 865 1062 —
891 1039 949 1074 De
976 1038 1285 1074 Praedicatione
1310 1037 1424 1074 Verbi
1455 1039 1538 1074 Dei.

352 1185 452 1229 284.
491 1183 787 1228 Praedicandi
824 1198 992 1228 munus
1014 1185 1076 1228 ita
1102 1183 1337 1242 proprium
1374 1184 1578 1242 Episcopi
1612 1190 1696 1240 est,
1723 1190 1772 1229 ut
1803 1185 1839 1230 si
1873 1186 2014 1244 impe-

233 1270 354 1315 ditus
389 1283 478 1314 non
513 1270 588 1324 sit,
625 1268 732 1312 illud
770 1282 847 1325 per
878 1281 976 1312 sese
1009 1268 1193 1325 explere
1229 1268 1489 1312 teneatur-2.
1529 1271 1684 1327 Neque
1718 1267 1763 1312 in
1789 1283 1842 1313 eo
1877 1268 2014 1325 negli-

234 1354 379 1411 gendo
414 1353 673 1397 contrariae
707 1351 1054 1396 consuetudinis
1088 1351 1277 1396 nomine
1310 1350 1520 1396 excusari
1565 1351 1760 1409 {iotest³.
1813 1350 1942 1404 Quod
1980 1351 2015 1395 si

236 1437 373 1481 fuerit
397 1436 599 1494 legitime
633 1435 895 1493 impeditus,
933 1434 1040 1479 illud
1074 1449 1152 1492 per
1184 1434 1296 1480 alios
1318 1437 1482 1493 exequi
1509 1434 1699 1479 omnino
1722 1433 1904 1488 debet&
1939 1434 2014 1492 qui

234 1522 374 1566 etiam
399 1521 601 1565 declarat
634 1520 689 1563 ad
722 1533 970 1578 quemnam
1006 1518 1169 1563 electio
1205 1517 1530 1576 praedicatoris
1554 1521 1645 1561 tam
1672 1516 1717 1560 in
1741 1515 2015 1571 Cathedrali,

235 1619 372 1664 quarn
411 1606 454 1649 in
489 1603 589 1648 aliis
631 1603 924 1648 inferioribus
965 1601 1168 1647 ecclesiis
1212 1601 1439 1659 pertineat
1471 1605 1516 1645 et
1555 1600 1742 1644 cuinam
1782 1599 2019 1644 incumbat

236 1703 353 1733 onus
385 1689 730 1745 eleemosynam
765 1687 911 1731 eidem
947 1685 1220 1745 praestandi.

357 1772 480 1816 Licet
514 1775 669 1815 autem
708 1771 924 1828 Episcopo
959 1769 1220 1828 praedicare
1254 1768 1298 1812 in
1334 1781 1623 1827 quacumque
1661 1766 1856 1811 Ecclesia
1879 1766 2019 1811 etiam

237 1855 430 1912 regulari
466 1869 575 1899 suae
601 1852 848 1910 dioecesis;
885 1853 963 1898 sed
1000 1852 1158 1911 nequit
1193 1851 1388 1909 idipsum
1425 1864 1557 1907 agere
1591 1850 1690 1894 sine
1722 1849 1907 1894 licentia
1940 1852 2019 1894 Or-

235 1938 402 1982 dinarii
436 1938 483 1982 in
518 1938 606 1983 alia
639 1937 834 1982 dioecesi
856 1937 885 1982 ⁵.
929 1937 1072 1995 Ipsius
1105 1937 1253 1980 solum
1287 1938 1356 1979 est
1391 1934 1725 1993 praedicatores
1758 1933 1940 1978 mittere
1975 1933 2021 1977 in

237 2035 317 2066 sua
359 2021 554 2066 dioecesi
600 2025 647 2065 et
685 2034 770 2064 nec
803 2019 909 2077 ipsis
945 2018 1240 2077 Regularibus
1272 2017 1395 2069 licet,
1430 2030 1483 2061 eo
1516 2016 1878 2070 contradicente,
1914 2028 2021 2060 con-

238 2106 411 2150 cionari
455 2106 509 2149 ad
555 2105 771 2164 populum
807 2118 863 2147 ne
898 2103 944 2147 in
982 2103 1192 2147 Ecclesiis
1215 2101 1399 2160 quidem
1423 2113 1608 2144 suorum
1633 2098 1857 2144 ordinum
1876 2098 1908 2142 ⁶.

357 2197 454 2245 Quo
491 2205 599 2235 vero
632 2195 838 2248 tempore
872 2188 928 2232 ad
964 2187 1180 2247 populum
1214 2199 1348 2231 suum
1384 2185 1523 2230 verba
1546 2183 1656 2229 facit
1682 2183 1942 2242 EpiscopuS,
1967 2195 2021 2227 eo

243 2276 486 2333 Regulares
519 2287 699 2333 quoque
733 2273 806 2318 vel
841 2272 887 2316 in
922 2272 1015 2316 suis
1048 2269 1252 2315 ecclesiis
1284 2269 1455 2313 debent
1487 2272 1641 2313 tacere
1662 2269 1692 2311 7.

362 2455 369 2474 ¹
399 2455 433 2491 S.
461 2455 575 2500 Cong.
603 2454 712 2490 Conc.
741 2453 779 2489 in
809 2448 936 2498 Aquin.
965 2451 1070 2496 Susp.
1098 2454 1133 2486 et
1159 2449 1261 2486 Conf.
1290 2448 1336 2485 28
1362 2448 1468 2485 Febr.
1498 2446 1599 2490 1750,
1625 2446 1663 2482 in
1689 2446 1858 2482 Larinen.
1884 2443 1931 2481 50
1947 2443 2025 2480 Au-

240 2533 338 2574 gust.
369 2526 470 2563 1752.

360 2599 372 2616 ³
400 2599 511 2635 Cone.
539 2597 634 2634 Trid.
663 2597 762 2633 Sess.
790 2596 834 2639 V,
862 2596 948 2641 Cap.
976 2593 1020 2633 11,
1047 2593 1091 2630 de
1120 2592 1195 2630 Res.

360 2669 372 2688 ³
399 2670 601 2706 FAGNAxus
628 2669 666 2704 in
692 2669 778 2713 Cap.
806 2667 906 2703 Inter
931 2669 1049 2702 cetera
1075 2665 1119 2702 de
1147 2663 1207 2700 oss'.
1235 2663 1314 2700 Iud.
1341 2661 1416 2698 ord.
1443 2670 1479 2697 n.
1509 2660 1566 2696 11.

360 2740 374 2759 ¹·
400 2740 448 2777 Cf.
478 2740 646 2776 FAGNAN.
676 2739 699 2774 Ι.
727 2749 761 2775 c.

359 2812 371 2832 '¹⁵
399 2813 431 2849 S.
460 2812 594 2857 Congr.
622 2811 732 2848 Conc.
759 2811 796 2846 in
827 2810 947 2846 Theat.
977 2808 1020 2845 12
1047 2809 1132 2844 Dec.
1162 2806 1264 2844 1614.

360 2886 374 2906 ⁸
399 2885 497 2922 Trid.
523 2885 621 2922 Sess.
652 2884 785 2926 XXIV,
813 2883 900 2929 Cap.
931 2882 994 2924 VI,
1020 2882 1065 2918 de
1091 2881 1196 2924 Res.;
1224 2878 1422 2925 Gregorius
1449 2877 1518 2914 XV
1539 2877 1664 2913 Consi.
1690 2871 1935 2910 Inscrutabili.
1962 2870 2033 2908 Be-‘

242 2959 325 2996 ned.
351 2958 437 2995 XIV
464 2957 510 2994 de
536 2955 685 3002 synodo
712 2955 752 2991 L.
776 2953 810 2997 9,
838 2963 867 2989 e.
896 2953 950 2990 15.
978 2952 1029 2989 Cf.
1058 2951 1155 2997 App·
1185 2951 1210 2986 Ι.

362 3029 375 3049 ⁷
401 3028 535 3066 Bened.
563 3027 651 3065 XlV
677 3026 721 3063 de
748 3026 836 3072 Syn.
862 3025 902 3062 L.
931 3024 965 3067 9,
992 3023 1079 3069 Cap.
1109 3022 1163 3065 17,
1189 3031 1224 3058 n.
1252 3021 1290 3057 7..
