2176 3386
554 207 683 236 mBER
711 207 736 235 1.
766 207 824 236 DE
854 205 993 235 izi-:nus
1022 206 1260 235 ECCLEsmr:
1288 206 1615 236 SPIRITUALOEUS
1896 197 1977 237 259

194 327 305 358 num
341 313 482 358 ritum
515 317 726 373 spectent
760 313 837 372 qui
873 312 1027 358 latinis
1073 312 1376 358 caeremoniis
1408 313 1624 370 baptizati
1658 314 1863 372 fuerint,
1897 317 1975 376 qui

193 410 304 442 vero
336 397 427 441 ritu
461 411 623 454 graeco
655 401 1000 443 sacramentum
1033 395 1247 454 baptismi
1279 375 1585 454 susceperunt
1613 396 1661 441 in
1695 400 1974 443 Graecorum

193 497 387 528 numero
421 483 513 528 sint
547 482 764 539 habendi;
814 482 1020 541 adeoque
1051 481 1088 526 si
1119 485 1228 526 ante
1262 494 1394 526 usum
1441 481 1630 526 rationis
1674 482 1972 538 decesserint,

191 581 216 612 a
250 566 449 625 proprio,
484 566 614 611 cuius
647 566 736 610 ritu
775 564 992 624 baptizati
1015 570 1139 620 sunt,
1167 565 1365 624 parocho
1397 570 1442 610 et
1476 565 1522 610 in
1558 566 1737 625 propria
1762 567 1974 624 parochia

193 654 301 694 sunt
333 650 431 694 iure
464 647 701 694 communi
725 648 996 707 sepeliendi,
1023 647 1110 692 nisi
1145 648 1197 692 iis
1228 648 1482 707 baptismus
1515 649 1707 694 collatus
1742 650 1878 694 fuerit
1905 651 1973 695 xel

193 733 250 778 ob
282 747 469 791 gravem
505 733 846 788 necessitatem,
872 746 977 778 cum
1014 732 1234 777 nimirum
1270 732 1406 776 morti
1443 732 1640 791 proximi
1675 733 1863 789 fuerint,
1890 749 1974 779 nec

193 817 349 862 haberi
384 817 617 876 potuerint
639 816 825 874 parochi
860 816 933 860 xel
966 816 1226 861 sacerdotes
1250 815 1416 874 proprii
1451 816 1581 872 ritus,
1608 817 1761 861 velex
1796 817 1974 875 dispen-

193 901 369 946 satione
401 901 667 960 apostolica,
703 914 808 946 cum
848 899 1063 945 videlicet
1096 900 1290 945 facultas
1322 901 1427 944 data
1461 900 1599 945 fuerit
1632 905 1682 944 ut
1714 901 1854 946 latine
1877 902 1973 961 qui-

193 986 296 1031 dem
332 985 639 1044 baptizentur,
675 985 752 1029 sed
787 984 835 1029 in
870 997 951 1029 suo
983 983 1074 1028 ritu
1109 997 1271 1041 graeco
1304 988 1624 1042 permaneant.
1665 988 1714 1029 ln
1750 985 1818 1029 his
1851 985 1973 1030 enim

192 1069 372 1114 casibus
403 1082 496 1117 non
540 1072 790 1114 censentur
823 1082 848 1112 a
885 1067 1064 1126 proprio
1105 1068 1160 1112 ad
1200 1067 1340 1112 alium
1381 1067 1521 1112 ritum
1569 1068 1817 1113 transiisse.
1871 1074 1976 1115 Post

192 1167 324 1198 usum
350 1167 460 1197 vero
485 1151 674 1197 rationis
708 1151 827 1196 idern
852 1151 1116 1206 dicendum,
1143 1151 1229 1196 nisi
1253 1151 1354 1211 quis
1387 1151 1433 1196 in
1467 1151 1605 1197 alieni
1632 1152 1744 1197 ritus
1764 1153 1971 1210 ecclesia,

192 1236 370 1295 sepeliri
404 1237 577 1294 cupiat;
614 1235 650 1281 si
675 1236 776 1295 quis
800 1234 923 1280 enim
948 1248 1110 1292 graeco
1134 1236 1223 1279 ritu
1249 1235 1504 1293 baptizatus
1527 1235 1572 1280 in
1598 1235 1738 1281 latina
1763 1237 1972 1293 ecclesia,

192 1321 266 1365 vel
299 1320 439 1365 latine
474 1319 749 1377 baptismate
785 1319 994 1363 initiatus
1017 1318 1061 1362 in
1087 1318 1277 1363 ecclesia
1312 1333 1473 1376 graeca
1507 1319 1786 1377 sepulturam
1820 1319 1971 1378 eligat,

191 1403 302 1448 iuris
335 1404 515 1460 regulae
550 1407 659 1446 sunt
683 1402 960 1454 servandae,
985 1401 1206 1446 nimirum
1238 1401 1437 1447 cadaver
1468 1405 1599 1447 extra
1637 1403 1861 1461 propriam
1899 1418 1972 1462 pa·

190 1486 394 1533 rochiam
429 1501 453 1531 a
490 1486 668 1544 proprio
706 1486 903 1544 parocho
936 1491 1006 1530 est
1038 1485 1339 1540 efferendum,
1375 1491 1536 1545 quarta
1588 1487 1782 1531 funerali
1817 1487 1855 1532 ei
1893 1487 1973 1532 mi-

192 1571 317 1616 nime
352 1570 623 1627 imminuta;
659 1574 704 1614 et
739 1569 813 1613 ubi
847 1569 1172 1614 tumulandum
1206 1575 1274 1614 est
1307 1570 1521 1625 cadaver,
1557 1570 1615 1614 ibi
1651 1585 1675 1616 a
1701 1572 1897 1628 parocho
1925 1571 1973 1615 il-

191 1653 276 1698 lius
308 1653 525 1699 ecclesiae
559 1653 656 1697 sive
689 1653 859 1697 latinae
892 1653 989 1697 sive
1013 1667 1203 1710 graecae
1236 1653 1458 1712 exequiae
1501 1657 1610 1698 sunt
1656 1654 1970 1699 celebrandae.

192 1739 322 1782 Seoeto
354 1738 536 1796 quando
571 1751 680 1782 vero
714 1737 968 1781 infantibus
1001 1737 1244 1795 praedictis
1276 1751 1354 1782 seu
1379 1738 1518 1783 etiam
1553 1739 1719 1783 adultis
1751 1739 1973 1798 exequiae

191 1822 280 1866 ritu
315 1836 476 1880 graeco
510 1826 555 1865 et
588 1821 635 1865 in
671 1820 863 1866 ecclesia
899 1835 1078 1879 graeca,
1105 1827 1153 1866 ut
1177 1823 1450 1880 praefertur,
1476 1823 1574 1867 iure
1607 1824 1841 1868 communi
1868 1829 1975 1868 sunt

190 1905 507 1960 celebrandae,
535 1909 648 1949 tunc
683 1905 861 1948 nullum
897 1904 967 1949 ius
1000 1905 1137 1950 habet
1170 1905 1339 1950 latinus
1373 1907 1598 1964 parochus
1631 1906 1974 1952 interveniendi

190 2005 295 2035 cum
330 2004 491 2048 graeco
526 1991 740 2048 parocho,
779 2004 864 2035 nec
898 1994 1074 2048 partem
1109 1990 1310 2050 aliquam
1344 1992 1485 2037 stolae
1508 1993 1814 2051 percipiendi;
1851 1994 1975 2039 simi-

190 2073 294 2118 liter
318 2073 493 2118 nullum
515 2073 584 2118 ius
608 2073 829 2131 competit
852 2074 1049 2131 parocho
1072 2088 1234 2131 graeco
1255 2075 1438 2134 quando
1461 2075 1683 2135 exequiae
1712 2077 1755 2120 in
1782 2078 1972 2124 ecclesia

190 2158 330 2202 latina
355 2162 401 2202 et
424 2171 500 2215 per
526 2157 721 2202 latinum
747 2157 997 2215 parochum
1034 2162 1142 2202 sunt
1168 2158 1467 2215 peragendae,
1495 2160 1571 2204 sed
1605 2162 1831 2206 servanda
1866 2167 1972 2206 sunt

190 2241 430 2300 utrobique
472 2244 643 2285 statuta
678 2240 732 2284 de
766 2240 940 2284 iuribus
988 2240 1291 2298 parochorum
1333 2240 1451 2285 circa
1487 2243 1767 2299 sepulturam
1813 2258 1972 2289 eorum

190 2324 266 2384 qui
300 2324 353 2368 ad
389 2323 618 2383 propriam
653 2323 919 2381 parochiam
968 2327 1193 2381 spectant.
1250 2325 1448 2380 Septimo
1481 2339 1617 2383 quem
1653 2325 1790 2368 ritum
1831 2328 1969 2371 semel

191 2407 237 2452 in
271 2407 498 2465 baptismo
531 2411 641 2451 sunt
674 2406 882 2465 professi,
909 2405 1006 2451 sive
1041 2405 1235 2451 latinum
1261 2406 1357 2451 sive
1381 2421 1614 2464 graecum,
1642 2407 1687 2451 in
1715 2422 1768 2452 eo
1792 2407 1970 2452 institui

190 2495 236 2535 et
269 2489 452 2535 educari
485 2490 673 2545 debent,
700 2502 787 2534 nec
811 2489 867 2534 ad
899 2489 1039 2534 alium
1070 2494 1260 2548 possunt
1296 2490 1506 2545 transire,
1532 2490 1567 2535 si
1603 2491 1797 2536 latinum
1831 2494 1970 2538 semel

191 2572 492 2631 susceperint.
532 2572 659 2617 Ritus
684 2572 811 2617 enim
848 2572 1019 2617 latinus
1040 2577 1225 2631 propter
1247 2586 1376 2618 suam
1404 2574 1750 2631 praestantiam,
1775 2590 1828 2619 eo
1851 2577 1970 2634 quod

190 2659 260 2700 est
291 2654 406 2699 ritus
439 2658 633 2700 Sanctae
670 2659 904 2700 Romanae
950 2655 1176 2701 Ecclesiae
1221 2656 1429 2701 omnium
1469 2656 1771 2701 Ecclesiarum
1812 2658 1971 2703 matris

191 2742 238 2782 et
271 2738 531 2796 magistrae,
558 2738 621 2784 ita
644 2752 778 2798 supra
802 2753 1017 2797 graecum
1052 2740 1193 2784 ritum
1216 2740 1468 2798 praevalet,
1496 2740 1698 2785 maxime
1732 2740 1777 2784 in
1806 2741 1970 2787 italicis

191 2820 467 2878 regionibus,
503 2821 577 2866 ubi
612 2821 766 2867 latinis
803 2822 1031 2881 Episcopis
1064 2823 1213 2881 graeci
1246 2822 1437 2868 subiecti
1470 2826 1594 2879 sunt,
1623 2828 1674 2867 ut
1706 2837 1799 2869 non
1836 2825 1968 2869 modo

190 2903 248 2948 ab
280 2903 375 2962 ipso
407 2904 464 2950 ad
495 2918 709 2962 graecum
744 2905 966 2951 transitus
997 2906 1262 2950 nullatenus
1293 2905 1604 2964 permittatur,
1631 2919 1794 2950 verum
1827 2906 1967 2952 eliam

190 2999 216 3031 a
250 2986 423 3044 graecis
460 2987 600 3033 semel
632 2994 924 3046 assumptus,
958 2989 1128 3049 absque
1160 2989 1408 3047 apostolica
1451 2988 1789 3047 dispensatione
1822 2990 1967 3035 deseri

191 3072 406 3127 nequeat.
441 3067 559 3114 Hinc
592 3069 798 3129 sequitur
830 3070 951 3129 quod
985 3069 1176 3115 maritus
1208 3070 1379 3115 latinus
1411 3069 1566 3115 uxoris
1604 3083 1792 3127 graecae
1825 3070 1965 3115 ritum
