2176 3386
760 182 890 211 LIBER
916 183 942 211 1.
981 182 1038 211 DE
1066 183 1258 212 cnnmms
1826 173 1903 212 113

387 326 404 372 ἓ
431 327 463 362 1.
497 347 537 350 -
562 326 622 362 De
647 326 895 373 Regularum
922 327 1040 364 Cane.
1068 328 1335 376 descriptione
1362 331 1398 365 et
1424 329 1629 393 divisione.

245 420 338 465 148.
380 421 574 478 Regulae
620 421 928 467 cancellariae
974 426 1083 467 sunt
1129 426 1473 468 constitutiones
1515 425 1748 483 quaedam
1785 440 1900 483 pon-

118 504 290 561 tificiae
323 506 495 548 ›naiori
524 518 580 548 ex
600 510 736 561 parte
768 511 1095 549 concernentes
1127 520 1296 551 causas
1327 513 1368 550 et
1400 509 1737 552 reservationes
1769 509 1900 553 bene-

118 588 347 646 ficiales...
384 588 454 632 Sic
476 587 625 632 dictae
652 588 722 631 vel
745 587 851 647 quia
877 587 994 632 bona
1018 601 1178 633 eorum
1204 602 1307 647 pars
1329 595 1619 634 concernunt
1649 590 1900 648 expeditio·

56 697 59 699 -
119 670 508 714 nernlilterarum
532 683 648 728 quae
673 669 719 714 in
744 670 1015 715 cancellaria
1041 670 1366 728 expediuntur,
1386 673 1458 717 vel
1476 672 1582 731 quia
1606 672 1652 717 in
1677 674 1900 718 cancella-

120 753 186 798 ria
221 752 511 810 publicantur
543 757 590 796 et
623 753 812 810 regestis
844 754 1204 811 consignantur,
1243 754 1375 813 iilque
1414 757 1691 800 auctoritate
1737 760 1897 815 Papae.

118 836 239 880 Solet
271 836 460 895 quilibet
497 835 707 880 Pontifex
741 836 822 880 has
855 837 1033 893 regulas
1066 850 1288 881 revocare
1320 842 1366 881 ct
1399 837 1685 896 publicare...
1724 840 1902 885 Primus

118 919 329 963 omnium
354 932 430 963 eas
452 918 645 963 edidisse
677 923 724 963 et
755 919 820 964 sic
843 920 1092 977 appellasse
1125 920 1294 964 dicitur
1322 926 1516 966 loannes
1540 926 1672 967 XXII.
1713 923 1901 970 Initium

118 1015 195 1046 eas
215 1002 423 1046 hahuisse
442 1002 625 1046 circiter
642 1017 718 1046 an.
745 1003 857 1047 1550
880 1002 943 1046 ait
968 1003 1221 1049 Cardinalis
1242 1004 1296 1048 de
1319 1009 1435 1049 Luca
1457 1005 1487 1049 ².
1516 1007 1768 1065 Sequentes
1787 1011 1900 1051 Pon-

119 1084 264 1128 tilices
297 1090 342 1128 et
367 1084 632 1142 praesertim
659 1085 872 1130 Nicolaus
898 1089 930 1128 V
960 1087 1107 1143 (lew)
1147 1087 1226 1131 lias
1262 1088 1438 1145 regulas
1473 1094 1731 1146 auxerunt,
1769 1090 1901 1136 hodie

118 1168 174 1210 72
208 1167 328 1212 circa
364 1174 684 1214 numerantur.
732 1170 912 1227 Triplex
946 1184 1103 1214 eornm
1154 1183 1298 1228 genus
1345 1171 1667 1230 distinguitur,
1703 1178 1750 1217 et
1787 1173 1907 1235 Qififl

119 1256 227 1296 sunt
264 1253 538 1311 (igme,
580 1267 696 1312 quae
732 1254 935 1297 maxime
970 1253 1219 1312 respiciunt
1258 1255 1600 1312 expeditionem
1642 1255 1901 1302 litterarum

116 1335 488 1392 apostolicarum,
515 1336 629 1382 aliae
652 1338 1175 1401 reQQnguibus
1198 1338 1419 1384 beneficia
1444 1346 1759 1397 reservantur,
1786 1342 1902 1387 aliae

119 1418 363 1462 iudiciales
395 1432 475 1476 pro
507 1418 730 1483 faciendis
762 1421 1145 1478 appellationibus
1179 1422 1192 1443 ”·’
1229 1421 1273 1466 in
1314 1436 1525 1480 processu
1572 1424 1898 1470 ecclesiastico<

402 1542 419 1584 ᾗ
445 1541 478 1575 2.
506 1561 549 1563 Α
576 1540 644 1576 Dc·
660 1541 864 1576 nonnullis
887 1542 1117 1588 praecipuis
1143 1542 1304 1588 Reyulis
1324 1543 1610 1579 Cancellaricie.

244 1635 338 1703 lgr—9.
377 1636 572 1692 Regulae
606 1636 930 1692 Cancellariae,
959 1642 1088 1681 notat
1111 1638 1283 1682 clariss.
1313 1638 1527 1694 Aichner,
1551 1639 1758 1697 proxime
1788 1654 1902 1685 non-

120 1718 205 1762 nisi
239 1718 453 1764 officiales
484 1705 792 1765 Cancellariae
825 1722 1049 1776 officiunt,
1087 1722 1321 1766 nonnullis
1357 1723 1562 1781 exceptis
1605 1738 1722 1783 quae
1767 1725 1904 1769 latius

122 1815 201 1861 per
240 1801 480 1847 ecclesiam
526 1802 680 1861 vigere
729 1809 998 1862 coeperunt.
1048 1810 1144 1850 Hae
1176 1810 1285 1850 sunt
1326 1807 1567 1865 praecipue
1610 1822 1726 1866 quae
1766 1807 1901 1852 bene-

120 1884 328 1929 ficiorum
378 1885 740 1930 reservationem
790 1887 1028 1945 attingunt
1078 1894 1125 1933 et
1173 1889 1404 1934 notandae
1459 1895 1567 1934 sunt
1624 1891 1745 1935 inter
1791 1891 1903 1936 alias

119 1971 165 2022 α)
204 1969 370 2026 regula
412 1970 480 2019 12
509 1970 564 2014 de
596 1972 780 2027 viginti.
839 1971 880 2015 si
924 1973 1024 2030 quis
1067 1972 1268 2030 resignat
1309 1973 1585 2018 beneficium
1624 1978 1670 2019 et
1705 1975 1904 2020 moritur

118 2054 228 2094 ante
261 2050 317 2094 ΞΟ
361 2050 456 2094 dies
497 2052 628 2107 plene
668 2053 920 2111 completos
960 2059 1062 2112 post
1110 2054 1498 2112 resignationem,
1551 2056 1799 2114 resignatio
1846 2058 1902 2102 ad

120 2133 302 2178 fraudes
350 2133 562 2179 vitandas
613 2149 703 2179 non
753 2137 906 2181 valere
956 2143 1187 2183 censetur.
1240 2140 1279 2195 h)
1317 2142 1428 2196 Regi.
1467 2141 1529 2183 20
1563 2141 1618 2184 de
1652 2142 1899 2186 idiomate.-

121 2216 345 2261 Ohtinens
390 2216 666 2263 beneficium
698 2219 834 2264 debet
866 2220 1029 2265 callere
1064 2220 1268 2279 linguam
1305 2222 1391 2266 loci
1427 2223 1561 2269 illius.
1607 2226 1645 2277 c)
1685 2227 1795 2282 Re9.
1840 2226 1899 2268 35

117 2299 174 2343 de
216 2301 391 2345 annali
425 2305 727 2358 possessione,
772 2317 860 2364 qua
906 2310 1008 2363 post
1046 2306 1183 2350 unius
1223 2306 1334 2351 anni
1379 2306 1616 2365 pacificam
1659 2309 1903 2366 possessio·

120 2395 226 2426 nem
261 2382 469 2428 beneficii
503 2384 643 2430 etiam
687 2386 786 2431 sine
831 2386 979 2443 titulo,
1030 2402 1261 2447 possessor
1292 2389 1518 2434 dimoveri
1572 2390 1629 2435 ab
1681 2392 1769 2437 alio
1807 2407 1902 2437 ‘non

116 2467 255 2521 possit
303 2466 390 2510 nisi
442 2467 500 2524 ¹l⁰)
543 2482 728 2513 causam
772 2474 980 2528 apertam
1023 2475 1070 2514 et
1115 2471 1400 2529 perspicuam
1450 2478 1497 2517 et
1545 2473 1681 2519 simul
1732 2490 1900 2521 nomen

119 2552 168 2592 et
199 2549 387 2606 gradum
424 2554 692 2609 possessoris
723 2552 966 2611 significet,
1001 2557 1048 2597 et
1081 2553 1166 2598 nisi
1216 2555 1281 2611 2⁰)
1319 2557 1440 2600 intra
1474 2569 1554 2601 sex
1592 2572 1774 2603 menses
1806 2573 1903 2617 pos-

121 2644 342 2677 sessorem
378 2633 422 2677 in
459 2633 679 2680 iudicium
714 2641 866 2692 vocet,
891 2650 1170 2696 causamque
1187 2638 1396 2683 absolvat
1418 2639 1539 2685 intra
1563 2655 1739 2686 annum
1764 2642 1903 2687 salvis

119 2715 336 2773 legitimis
369 2718 725 2777 impedimentis.
765 2725 980 2767 Attamen
1016 2722 1128 2767 haec
1162 2723 1316 2780 regula
1352 2724 1397 2768 vi
1431 2724 1720 2780 destituitur,
1757 2725 1792 2770 si
1828 2740 1902 2783 pa·

123 2802 299 2857 tronus,
333 2802 388 2846 de
421 2801 550 2847 cuius
583 2803 860 2861 praeiudicio
893 2804 1074 2862 agitur,
1110 2819 1202 2850 non
1237 2806 1386 2864 potuit
1418 2821 1542 2851 anno
1587 2807 1656 2851 ius
1690 2821 1900 2866 praesen-

240 2966 248 2985 ¹
280 2967 330 3004 De
350 2968 468 3005 benef.
486 2968 575 3005 disc.
597 2970 628 3012 l,
646 2980 681 3006 n.
701 2969 759 3006 25.
786 2970 838 3007 Cf.
857 2971 988 3014 Bomx,
1007 2971 1051 3007 de
1071 2972 1232 3016 parocho
1254 2981 1287 3017 p.
1307 2971 1387 3008 520.

240 3036 252 3055 ¹
279 3036 330 3073 Cf.
348 3037 528 3082 Amasim,
555 3048 675 3086 comp.
695 3040 716 3076 l.
735 3050 766 3077 c.
786 3044 799 3080 Ξ
822 3039 876 3077 19.

243 3107 557 3141 erELm-Somem.
1758 3112 1778 3143 8
