2176 3386
1194 0 1205 19 x
1263 0 1472 22 --n--fflevs
1550 20 1567 26 ,.
1591 18 1635 33 ,,,

250 185 331 224 214
892 198 1002 228 PARS
1030 199 1055 226 1.
1093 199 1150 227 DE
1179 199 1392 229 PERSONIS

251 306 361 348 sunt
393 302 437 346 vi
471 302 599 347 citati
635 303 828 347 canonis
859 304 1112 349 concedere
1145 306 1193 349 in
1231 305 1577 364 emphyteusim
1625 308 1891 365 perpetuam
1935 308 2038 353 fu'n-

251 386 331 430 dos
365 386 569 430 valorem
603 386 659 431 25
691 400 937 431 aureorum
971 387 1249 432 excedentes
1273 388 1300 431 ².
1338 388 1539 433 Pretium
1584 389 1926 436 divenditarum
1971 405 2037 436 re-

253 483 354 514 rum
389 469 435 513 vi
469 470 716 528 supradicti
750 470 958 525 canonis,
992 470 1127 514 debet
1150 471 1309 514 favore
1336 470 1562 516 Ecclesiae
1586 473 1816 530 occupari,
1842 475 1929 518 lioc
1950 477 2035 528 est,

254 557 305 597 ut
336 554 472 611 vulgo
506 553 751 612 loquimur,
788 552 1016 608 investiri,
1054 559 1187 611 prout
1219 554 1397 598 caverit
1430 553 1467 598 is
1488 555 1564 614 qui
1589 555 1916 602 alienationem
1941 570 2038 614 per—

254 636 396 691 misit,
432 641 478 680 et
509 636 545 680 si
578 635 614 680 is
647 636 709 680 nil
743 636 936 692 caverit,
972 636 1286 681 collocandum
1319 637 1408 681 erit
1441 651 1567 684 more
1616 637 1720 682 boni
1764 639 2038 696 patrisfami-

254 717 349 762 lias.
388 723 487 763 Non
523 718 627 764 licet
660 724 815 763 autem
849 732 903 763 eo
938 718 1118 776 praedia
1155 719 1412 775 meliorare,
1450 734 1524 765 ex.
1561 735 1626 778 gr.
1663 735 1721 766 ex
1747 727 1874 780 prato
1897 722 2037 767 olive·

254 804 351 846 tum
388 803 553 858 facere,
591 802 932 855 meliorationes
956 802 1079 846 enim
1105 803 1389 847 accessiones
1411 807 1521 847 sunt
1542 808 1588 848 et
1613 803 1743 848 facile
1766 804 2033 862 depereunt.

259 884 382 928 Licet
413 898 522 929 vero
560 900 677 929 nova
712 885 917 929 aedilicia
952 890 1237 941 construere,
1275 887 1347 930 vel
1381 885 1572 946 antiqua
1613 901 1849 944 reponere,
1876 888 1947 932 vel
1972 901 2038 932 re—

257 982 429 1026 parare.
468 971 638 1012 Census
670 974 825 1013 autem
862 969 1102 1023 redimere,
1141 968 1411 1027 regulariter
1453 983 1543 1014 non
1590 970 1712 1014 licet.
1760 974 1949 1028 Insuper
1990 971 2038 1014 li-

258 1053 546 1096 mitationem
585 1052 756 1110 patitur
788 1052 1021 1110 dispositio
1055 1051 1258 1096 eiusdem
1294 1053 1486 1097 canonis
1519 1053 1564 1096 in
1599 1066 1652 1097 eo
1685 1054 1803 1112 quod
1843 1052 1961 1097 illius
1994 1052 2038 1097 vi

257 1150 347 1179 non
384 1141 531 1193 potest
564 1135 752 1179 alienari
778 1149 879 1193 pars
904 1135 1080 1180 modica
1106 1135 1258 1193 magni
1286 1135 1452 1194 praedii
1482 1135 1721 1180 Ecclesiae.
1772 1140 1906 1180 Porro
1933 1149 2039 1180 con-

256 1223 429 1273 tractus
463 1219 562 1262 initi
598 1233 704 1262 cum
741 1219 1053 1263 reservatione
1088 1218 1333 1278 Apostolici
1367 1219 1660 1278 beneplaciti,
1699 1225 1807 1264 sunt
1854 1234 2041 1278 genera·

259 1300 340 1344 tim
378 1299 532 1355 validi,
568 1300 603 1343 si
639 1304 793 1343 tamen
831 1314 922 1344 non
957 1299 1015 1343 sit
1049 1300 1215 1344 tradita
1251 1300 1487 1358 possessio.

374 1385 474 1428 271.
516 1384 718 1442 Denique
741 1384 889 1443 quoad
914 1383 1164 1428 locationes
1184 1383 1437 1427 notandum
1465 1388 1534 1428 est
1557 1384 1675 1442 quod
1713 1398 1818 1429 cum
1843 1384 2040 1429 vetitum

257 1469 315 1511 sit
338 1467 383 1511 in
409 1467 712 1511 locationibus
733 1468 1034 1511 triennalibus
1060 1472 1242 1526 pactum
1267 1467 1463 1512 adiicere
1489 1472 1538 1511 ut
1564 1473 1811 1512 renovatae
1836 1482 1913 1525 per
1939 1467 2040 1512 sub-

258 1564 453 1609 sequens
486 1551 737 1594 triennium
773 1556 1068 1605 censeantur,
1106 1550 1190 1594 nisi
1225 1565 1249 1594 a
1284 1550 1381 1594 loco
1418 1550 1487 1608 pio
1523 1551 1567 1594 in
1592 1550 1718 1595 exitu
1745 1550 1876 1608 primi
1902 1550 2041 1595 trien-

259 1634 322 1678 nii
357 1634 623 1679 conductori
658 1634 965 1679 denuncietur
998 1636 1222 1691 cessatio;
1266 1634 1339 1677 ubi
1377 1633 1681 1678 nihilominus
1726 1636 1810 1680 hoc
1858 1638 2040 1693 pactum

259 1717 417 1761 fuisset
449 1718 680 1762 adiectum
715 1717 882 1777 absque
917 1718 1202 1776 beneplacito
1235 1717 1501 1776 apostoliCO,
1538 1730 1668 1762 suam
1714 1717 1810 1761 vim
1854 1717 2043 1761 haberet

262 1802 424 1846 locatio
458 1817 537 1860 pro
572 1801 718 1861 primo
755 1802 969 1856 triennio,
1006 1816 1029 1845 a
1064 1801 1161 1845 iure
1194 1802 1318 1845 enini
1356 1801 1591 1845 inhibetur
1626 1804 1808 1845 tantum
1857 1804 2040 1857 pactum

261 1886 623 1930 r‹'nox·ationis².
689 1888 905 1930 Attamen
948 1898 1032 1929 nec
1079 1885 1254 1929 valeret
1301 1884 1464 1930 locatio
1514 1899 1593 1942 pro
1637 1884 1780 1941 primo
1824 1883 2039 1939 triennIO,

259 1970 441 2028 quando
475 1974 631 2013 mente
665 1968 1041 2013 contrahentium
1077 1967 1242 2012 locatio
1276 1968 1389 2012 inita
1426 1967 1584 2012 fuisset
1626 1967 1680 2012 ad
1730 1967 1856 2026 plura
1903 1967 2042 2012 trien-

262 2054 353 2108 nia,
391 2058 496 2111 puta
530 2054 585 2097 ad
618 2052 914 2106 sexennium,
953 2056 1187 2110 tamquam
1222 2050 1385 2096 unicus
1408 2055 1690 2106 contractus,
1718 2055 1816 2094 tum
1842 2050 1966 2094 enim
1990 2065 2042 2095 ea

262 2150 352 2180 non
389 2136 634 2180 haberetur
669 2141 902 2194 tamquam
936 2140 1155 2179 constans
1188 2133 1418 2178 distinctis
1464 2132 1764 2178 locationibus
1807 2132 2041 2177 triennali-

261 2221 359 2274 bus,
395 2219 472 2263 sed
507 2223 556 2263 ut
590 2233 707 2263 unus
740 2224 869 2263 actus
902 2217 1182 2262 individuus.
1225 2217 1398 2275 Duplex
1434 2230 1542 2261 vero
1565 2216 1620 2260 ad
1655 2215 1697 2260 id
1729 2215 2041 2260 internoscen-

261 2303 369 2347 dum
403 2302 603 2361 suppetit
636 2316 828 2356 norma3
865 2301 1012 2360 prima
1045 2301 1228 2360 quando
1263 2314 1341 2359 pro
1374 2300 1588 2344 omnibus
1630 2299 1764 2344 annis
1811 2303 2042 2345 conventa

263 2387 349 2431 fuit
382 2386 517 2432 unica
551 2386 725 2444 pensio,
760 2387 902 2430 altera
935 2386 1118 2444 quando
1151 2385 1321 2444 absque
1355 2384 1445 2428 ulla
1480 2383 1747 2441 interposita
1785 2384 2042 2428 renovatio-

262 2471 333 2515 nis
366 2471 477 2528 lege,
512 2470 794 2528 subsequens
830 2468 1082 2513 triennium
1125 2467 1396 2524 intelligitur
1443 2466 1643 2525 incipere
1687 2481 1712 2511 a
1756 2466 1827 2510 die
1871 2466 2044 2524 primae

262 2553 502 2598 locationis
535 2552 707 2598 finitae.
744 2552 947 2596 Tandem
989 2551 1155 2596 locatio
1204 2551 1299 2596 lieri
1346 2550 1506 2610 nequit
1547 2551 1716 2610 absque
1759 2549 2044 2608 beneplacito

264 2637 521 2694 Apostolico
554 2635 817 2694 anticipatis
848 2634 1150 2681 solutionibus
1183 2634 1229 2678 in
1263 2634 1597 2679 detrimentum
1621 2645 1952 2678 successorum.
1992 2635 2045 2676 Et

263 2721 298 2767 si
331 2722 570 2779 contingat
604 2726 654 2764 ut
686 2720 819 2766 locati
854 2721 960 2764 boni
995 2732 1224 2779 possessor
1245 2717 1609 2778 sequestratione
1635 2718 1867 2762 fructuum
1891 2716 1948 2760 ibi
1969 2715 2044 2760 ad·

263 2806 353 2851 huc
386 2804 685 2864 pendentium
720 2808 954 2861 gravetur,
989 2803 1244 2848 conductor
1281 2802 1420 2846 nimis
1463 2804 1765 2860 tempestivae
1805 2798 2046 2845 solutionis

384 2998 390 3016 ¹
421 2998 455 3035 S.
483 2997 596 3044 Cong.
625 2998 715 3043 Epp.
743 3001 776 3033 et
805 2997 893 3041 Reg.
922 2995 958 3031 in
986 2995 1090 3031 lustr.
1118 2994 1202 3031 data
1217 3003 1274 3031 an.
1303 2993 1406 3030 1760.

318 3081 323 3085 ·
383 3069 395 3087 ¹
423 3069 566 3106 GAncm
591 3069 632 3105 de
658 3068 779 3114 Benef.
797 3069 837 3104 P.
861 3066 895 3110 2,
922 3067 1008 3113 Cap.
1038 3066 1070 3102 1.
