<?xml version="1.0" encoding="UTF-8"?>
<!DOCTYPE html PUBLIC "-//W3C//DTD XHTML 1.0 Transitional//EN"
    "http://www.w3.org/TR/xhtml1/DTD/xhtml1-transitional.dtd">
<html xmlns="http://www.w3.org/1999/xhtml" xml:lang="en" lang="en">
 <head>
  <title>
</title>
<meta http-equiv="Content-Type" content="text/html;charset=utf-8" />
  <meta name='ocr-system' content='tesseract 3.04.00' />
  <meta name='ocr-capabilities' content='ocr_page ocr_carea ocr_par ocr_line ocrx_word'/>
</head>
<body>
  <div class='ocr_page' id='page_1' title='image "apparatus00ziteuoft_0152.png"; bbox 0 0 2176 3386; ppageno 0'>
   <div class='ocr_carea' id='block_1_1' title="bbox 198 176 1334 217">
    <p class='ocr_par' dir='ltr' id='par_1_1' title="bbox 198 176 1334 217">
     <span class='ocr_line' id='line_1_1' title="bbox 198 176 1334 217; baseline -0.003 0"><span class='ocrx_word' id='word_1_1' title='bbox 198 176 276 217; x_wconf 80' lang='lat'>140</span> <span class='ocrx_word' id='word_1_2' title='bbox 840 187 949 216; x_wconf 81' lang='lat' dir='ltr'>PARS</span> <span class='ocrx_word' id='word_1_3' title='bbox 978 187 1002 215; x_wconf 92' lang='lat'>1.</span> <span class='ocrx_word' id='word_1_4' title='bbox 1037 186 1094 215; x_wconf 74' lang='lat' dir='ltr'>1)ss</span> <span class='ocrx_word' id='word_1_5' title='bbox 1123 185 1334 215; x_wconf 68' lang='lat' dir='ltr'>pensoms</span> 
     </span>
    </p>
   </div>
   <div class='ocr_carea' id='block_1_2' title="bbox 199 236 1929 247">
    <p class='ocr_par' dir='ltr' id='par_1_2' title="bbox 199 236 1929 247">
     <span class='ocr_line' id='line_1_2' title="bbox 199 236 1929 247; baseline 0 0"><span class='ocrx_word' id='word_1_6' title='bbox 199 236 1929 247; x_wconf 95' lang='lat' dir='ltr'> </span> 
     </span>
    </p>
   </div>
   <div class='ocr_carea' id='block_1_3' title="bbox 198 295 1977 434">
    <p class='ocr_par' dir='ltr' id='par_1_3' title="bbox 198 295 1977 434">
     <span class='ocr_line' id='line_1_3' title="bbox 315 295 1977 351; baseline -0.001 -12"><span class='ocrx_word' id='word_1_7' title='bbox 315 297 353 351; x_wconf 87' lang='lat' dir='ltr'>c)</span> <span class='ocrx_word' id='word_1_8' title='bbox 392 313 413 336; x_wconf 75' lang='lat' dir='ltr'>a</span> <span class='ocrx_word' id='word_1_9' title='bbox 443 297 744 339; x_wconf 57' lang='lat' dir='ltr'>Decor-nentes</span> <span class='ocrx_word' id='word_1_10' title='bbox 776 297 967 339; x_wconf 71' lang='lat' dir='ltr'>irritam</span> <span class='ocrx_word' id='word_1_11' title='bbox 1000 301 1043 338; x_wconf 79' lang='lat' dir='ltr'>et</span> <span class='ocrx_word' id='word_1_12' title='bbox 1073 297 1220 339; x_wconf 72' lang='lat' dir='ltr'>inane</span> <span class='ocrx_word' id='word_1_13' title='bbox 1252 307 1282 338; x_wconf 70' lang='lat' dir='ltr'>a,</span> <span class='ocrx_word' id='word_1_14' title='bbox 1314 295 1534 351; x_wconf 68' lang='lat' dir='ltr'>quopiam</span> <span class='ocrx_word' id='word_1_15' title='bbox 1571 295 1735 351; x_wconf 71' lang='lat' dir='ltr'>quavis</span> <span class='ocrx_word' id='word_1_16' title='bbox 1776 297 1977 339; x_wconf 70' lang='lat' dir='ltr'>auclorv&#39;-</span> 
     </span>
     <span class='ocr_line' id='line_1_4' title="bbox 198 377 1976 434; baseline 0.001 -15"><span class='ocrx_word' id='word_1_17' title='bbox 198 383 289 421; x_wconf 77' lang='lat' dir='ltr'>tate</span> <span class='ocrx_word' id='word_1_18' title='bbox 319 379 517 421; x_wconf 77' lang='lat' dir='ltr'><em>scienter</em></span> <span class='ocrx_word' id='word_1_19' title='bbox 557 378 627 421; x_wconf 78' lang='lat' dir='ltr'>vel</span> <span class='ocrx_word' id='word_1_20' title='bbox 672 379 952 434; x_wconf 63' lang='lat' dir='ltr'>ignoranter</span> <span class='ocrx_word' id='word_1_21' title='bbox 992 378 1238 431; x_wconf 60' lang='lat' dir='ltr'>contiJJeric</span> <span class='ocrx_word' id='word_1_22' title='bbox 1279 377 1609 420; x_wconf 72' lang='lat' dir='ltr'>attentari»...</span> <span class='ocrx_word' id='word_1_23' title='bbox 1662 396 1680 415; x_wconf 72' lang='lat' dir='ltr'>a</span> <span class='ocrx_word' id='word_1_24' title='bbox 1708 377 1850 420; x_wconf 76' lang='lat' dir='ltr'>Aliter</span> <span class='ocrx_word' id='word_1_25' title='bbox 1883 391 1976 420; x_wconf 80' lang='lat' dir='ltr'>non</span> 
     </span>
    </p>
   </div>
   <div class='ocr_carea' id='block_1_4' title="bbox 203 459 2021 504">
    <p class='ocr_par' dir='ltr' id='par_1_4' title="bbox 203 459 2021 504">
     <span class='ocr_line' id='line_1_5' title="bbox 203 459 2021 504; baseline 0.001 -1"><span class='ocrx_word' id='word_1_26' title='bbox 203 460 391 504; x_wconf 73' lang='lat' dir='ltr'>valeant</span> <span class='ocrx_word' id='word_1_27' title='bbox 422 466 463 504; x_wconf 77' lang='lat' dir='ltr'>et</span> <span class='ocrx_word' id='word_1_28' title='bbox 498 475 591 504; x_wconf 76' lang='lat' dir='ltr'>non</span> <span class='ocrx_word' id='word_1_29' title='bbox 624 461 922 504; x_wconf 67' lang='lat' dir='ltr'><em>observentur</em></span> <span class='ocrx_word' id='word_1_30' title='bbox 962 465 1049 504; x_wconf 80' lang='lat' dir='ltr'>etc.</span> <span class='ocrx_word' id='word_1_31' title='bbox 1098 459 1167 504; x_wconf 84' lang='lat' dir='ltr'>vel</span> <span class='ocrx_word' id='word_1_32' title='bbox 1214 460 1392 503; x_wconf 70' lang='lat' dir='ltr'>nullius</span> <span class='ocrx_word' id='word_1_33' title='bbox 1431 462 1489 503; x_wconf 71' lang='lat' dir='ltr'>sic</span> <span class='ocrx_word' id='word_1_34' title='bbox 1529 461 1749 504; x_wconf 77' lang='lat' dir='ltr'><em>momenti</em></span> <span class='ocrx_word' id='word_1_35' title='bbox 1779 464 1867 504; x_wconf 87' lang='lat' dir='ltr'>etc.</span> <span class='ocrx_word' id='word_1_36' title='bbox 1905 460 1978 504; x_wconf 82' lang='lat' dir='ltr'>vel</span> <span class='ocrx_word' id='word_1_37' title='bbox 2018 480 2021 483; x_wconf 21' lang='grc' dir='ltr'><strong><em>Δ</em></strong></span> 
     </span>
    </p>
   </div>
   <div class='ocr_carea' id='block_1_5' title="bbox 198 541 1987 2773">
    <p class='ocr_par' dir='ltr' id='par_1_5' title="bbox 198 541 1984 1688">
     <span class='ocr_line' id='line_1_6' title="bbox 198 541 1978 602; baseline 0 -16"><span class='ocrx_word' id='word_1_38' title='bbox 198 543 409 602; x_wconf 70' lang='lat' dir='ltr'>alioquin</span> <span class='ocrx_word' id='word_1_39' title='bbox 443 547 530 588; x_wconf 91' lang='lat' dir='ltr'>etc.</span> <span class='ocrx_word' id='word_1_40' title='bbox 560 544 631 587; x_wconf 85' lang='lat' dir='ltr'>vel</span> <span class='ocrx_word' id='word_1_41' title='bbox 667 544 796 587; x_wconf 70' lang='lat' dir='ltr'>nullo</span> <span class='ocrx_word' id='word_1_42' title='bbox 842 545 971 586; x_wconf 70' lang='lat' dir='ltr'>tteodo</span> <span class='ocrx_word' id='word_1_43' title='bbox 994 562 1012 581; x_wconf 63' lang='grc' dir='ltr'><strong><em>η</em></strong></span> <span class='ocrx_word' id='word_1_44' title='bbox 1050 542 1123 587; x_wconf 81' lang='lat' dir='ltr'>vel</span> <span class='ocrx_word' id='word_1_45' title='bbox 1155 541 1270 587; x_wconf 90' lang='lat' dir='ltr'>aliae</span> <span class='ocrx_word' id='word_1_46' title='bbox 1304 541 1475 587; x_wconf 87' lang='lat' dir='ltr'>similes</span> <span class='ocrx_word' id='word_1_47' title='bbox 1507 541 1774 586; x_wconf 86' lang='lat' dir='ltr'>locutiones.</span> <span class='ocrx_word' id='word_1_48' title='bbox 1822 542 1978 596; x_wconf 83' lang='lat' dir='ltr'>Quoad</span> 
     </span>
     <span class='ocr_line' id='line_1_7' title="bbox 201 624 1979 684; baseline -0.001 -14"><span class='ocrx_word' id='word_1_49' title='bbox 201 626 319 670; x_wconf 89' lang='lat' dir='ltr'>banc</span> <span class='ocrx_word' id='word_1_50' title='bbox 352 626 603 670; x_wconf 74' lang='lat' dir='ltr'>clausulam</span> <span class='ocrx_word' id='word_1_51' title='bbox 637 625 809 684; x_wconf 88' lang='lat' dir='ltr'>optime</span> <span class='ocrx_word' id='word_1_52' title='bbox 843 629 1031 670; x_wconf 86' lang='lat' dir='ltr'>notatur</span> <span class='ocrx_word' id='word_1_53' title='bbox 1053 639 1146 668; x_wconf 32' lang='lat' dir='ltr'>&#39;non</span> <span class='ocrx_word' id='word_1_54' title='bbox 1180 626 1291 669; x_wconf 81' lang='lat' dir='ltr'>bene</span> <span class='ocrx_word' id='word_1_55' title='bbox 1323 639 1347 669; x_wconf 90' lang='lat' dir='ltr'>a</span> <span class='ocrx_word' id='word_1_56' title='bbox 1372 625 1604 669; x_wconf 83' lang='lat' dir='ltr'>nonnullis</span> <span class='ocrx_word' id='word_1_57' title='bbox 1626 624 1846 670; x_wconf 78' lang='lat' dir='ltr'>affirmari</span> <span class='ocrx_word' id='word_1_58' title='bbox 1873 625 1979 669; x_wconf 83' lang='lat' dir='ltr'>effe-</span> 
     </span>
     <span class='ocr_line' id='line_1_8' title="bbox 199 704 1978 764; baseline 0 -12"><span class='ocrx_word' id='word_1_59' title='bbox 199 713 324 752; x_wconf 86' lang='lat' dir='ltr'>ctum</span> <span class='ocrx_word' id='word_1_60' title='bbox 369 722 466 754; x_wconf 84' lang='lat' dir='ltr'>csse</span> <span class='ocrx_word' id='word_1_61' title='bbox 511 710 688 753; x_wconf 86' lang='lat' dir='ltr'>irritare</span> <span class='ocrx_word' id='word_1_62' title='bbox 731 708 1088 753; x_wconf 86' lang='lat' dir='ltr'>consuetudines</span> <span class='ocrx_word' id='word_1_63' title='bbox 1128 709 1306 753; x_wconf 85' lang='lat' dir='ltr'>futuras</span> <span class='ocrx_word' id='word_1_64' title='bbox 1347 707 1629 764; x_wconf 86' lang='lat' dir='ltr'>contrarias,</span> <span class='ocrx_word' id='word_1_65' title='bbox 1660 704 1853 752; x_wconf 76' lang='lat' dir='ltr'>&#39;etiamsi</span> <span class='ocrx_word' id='word_1_66' title='bbox 1894 708 1978 752; x_wconf 88' lang='lat' dir='ltr'>boc</span> 
     </span>
     <span class='ocr_line' id='line_1_9' title="bbox 202 790 1979 851; baseline -0.001 -16"><span class='ocrx_word' id='word_1_67' title='bbox 202 793 438 851; x_wconf 84' lang='lat' dir='ltr'>plusquam</span> <span class='ocrx_word' id='word_1_68' title='bbox 474 794 612 837; x_wconf 84' lang='lat' dir='ltr'>semel</span> <span class='ocrx_word' id='word_1_69' title='bbox 650 795 733 838; x_wconf 90' lang='lat' dir='ltr'>boc</span> <span class='ocrx_word' id='word_1_70' title='bbox 766 798 992 837; x_wconf 85' lang='lat' dir='ltr'>assertum</span> <span class='ocrx_word' id='word_1_71' title='bbox 1018 791 1287 836; x_wconf 78' lang='lat' dir='ltr'>inveniatur</span> <span class='ocrx_word' id='word_1_72' title='bbox 1321 792 1364 836; x_wconf 90' lang='lat' dir='ltr'>in</span> <span class='ocrx_word' id='word_1_73' title='bbox 1401 791 1518 836; x_wconf 85' lang='lat' dir='ltr'>foliis</span> <span class='ocrx_word' id='word_1_74' title='bbox 1552 793 1592 836; x_wconf 88' lang='lat' dir='ltr'>S.</span> <span class='ocrx_word' id='word_1_75' title='bbox 1619 794 1757 849; x_wconf 83' lang='lat' dir='ltr'>Cong.</span> <span class='ocrx_word' id='word_1_76' title='bbox 1791 790 1979 836; x_wconf 86' lang='lat' dir='ltr'>Concilii</span> 
     </span>
     <span class='ocr_line' id='line_1_10' title="bbox 202 874 1980 935; baseline -0.001 -16"><span class='ocrx_word' id='word_1_77' title='bbox 202 890 292 920; x_wconf 90' lang='lat' dir='ltr'>non</span> <span class='ocrx_word' id='word_1_78' title='bbox 327 877 511 935; x_wconf 89' lang='lat' dir='ltr'>quidem</span> <span class='ocrx_word' id='word_1_79' title='bbox 538 877 582 920; x_wconf 89' lang='lat' dir='ltr'>in</span> <span class='ocrx_word' id='word_1_80' title='bbox 609 876 715 934; x_wconf 89' lang='lat' dir='ltr'>ipsis</span> <span class='ocrx_word' id='word_1_81' title='bbox 738 876 1047 921; x_wconf 85' lang='lat' dir='ltr'>Cardinalium</span> <span class='ocrx_word' id='word_1_82' title='bbox 1072 875 1301 933; x_wconf 77' lang='lat' dir='ltr'>responsis</span> <span class='ocrx_word' id='word_1_83' title='bbox 1323 875 1400 919; x_wconf 89' lang='lat' dir='ltr'>sed</span> <span class='ocrx_word' id='word_1_84' title='bbox 1425 875 1469 918; x_wconf 92' lang='lat' dir='ltr'>in</span> <span class='ocrx_word' id='word_1_85' title='bbox 1495 874 1781 933; x_wconf 81' lang='lat' dir='ltr'>expositione</span> <span class='ocrx_word' id='word_1_86' title='bbox 1810 879 1980 919; x_wconf 74' lang='lat' dir='ltr'>Causae</span> 
     </span>
     <span class='ocr_line' id='line_1_11' title="bbox 200 956 1982 1018; baseline -0.001 -16"><span class='ocrx_word' id='word_1_87' title='bbox 200 973 317 1018; x_wconf 89' lang='lat' dir='ltr'>quae</span> <span class='ocrx_word' id='word_1_88' title='bbox 350 960 400 1004; x_wconf 82' lang='lat' dir='ltr'>fit</span> <span class='ocrx_word' id='word_1_89' title='bbox 422 975 446 1004; x_wconf 87' lang='lat' dir='ltr'>a</span> <span class='ocrx_word' id='word_1_90' title='bbox 471 959 738 1004; x_wconf 83' lang='lat' dir='ltr'>Secretario.</span> <span class='ocrx_word' id='word_1_91' title='bbox 777 960 891 1004; x_wconf 86' lang='lat' dir='ltr'>Huic</span> <span class='ocrx_word' id='word_1_92' title='bbox 924 959 1027 1004; x_wconf 89' lang='lat' dir='ltr'>addi</span> <span class='ocrx_word' id='word_1_93' title='bbox 1052 963 1199 1018; x_wconf 85' lang='lat' dir='ltr'>potest</span> <span class='ocrx_word' id='word_1_94' title='bbox 1232 972 1396 1004; x_wconf 88' lang='lat' dir='ltr'>causac</span> <span class='ocrx_word' id='word_1_95' title='bbox 1430 958 1764 1016; x_wconf 77' lang='lat' dir='ltr'>expositionem</span> <span class='ocrx_word' id='word_1_96' title='bbox 1800 956 1982 1002; x_wconf 85' lang='lat' dir='ltr'>etiamsi</span> 
     </span>
     <span class='ocr_line' id='line_1_12' title="bbox 202 1039 1980 1100; baseline -0.001 -15"><span class='ocrx_word' id='word_1_97' title='bbox 202 1043 390 1087; x_wconf 89' lang='lat' dir='ltr'>nomine</span> <span class='ocrx_word' id='word_1_98' title='bbox 434 1043 670 1087; x_wconf 84' lang='lat' dir='ltr'>Secretarii</span> <span class='ocrx_word' id='word_1_99' title='bbox 707 1042 863 1087; x_wconf 81' lang='lat' dir='ltr'>tamon</span> <span class='ocrx_word' id='word_1_100' title='bbox 899 1043 955 1088; x_wconf 87' lang='lat' dir='ltr'>ab</span> <span class='ocrx_word' id='word_1_101' title='bbox 987 1043 1085 1087; x_wconf 86' lang='lat' dir='ltr'>cius</span> <span class='ocrx_word' id='word_1_102' title='bbox 1118 1043 1324 1087; x_wconf 86' lang='lat' dir='ltr'>auditore</span> <span class='ocrx_word' id='word_1_103' title='bbox 1357 1041 1538 1096; x_wconf 80' lang='lat' dir='ltr'>confici,</span> <span class='ocrx_word' id='word_1_104' title='bbox 1575 1041 1766 1100; x_wconf 83' lang='lat' dir='ltr'>ideoque</span> <span class='ocrx_word' id='word_1_105' title='bbox 1801 1039 1864 1084; x_wconf 89' lang='lat' dir='ltr'>nil</span> <span class='ocrx_word' id='word_1_106' title='bbox 1899 1040 1980 1084; x_wconf 90' lang='lat' dir='ltr'>mi·</span> 
     </span>
     <span class='ocr_line' id='line_1_13' title="bbox 203 1124 1982 1186; baseline -0.001 -17"><span class='ocrx_word' id='word_1_107' title='bbox 203 1140 302 1170; x_wconf 89' lang='lat' dir='ltr'>rum</span> <span class='ocrx_word' id='word_1_108' title='bbox 337 1125 371 1171; x_wconf 91' lang='lat' dir='ltr'>si</span> <span class='ocrx_word' id='word_1_109' title='bbox 396 1127 640 1186; x_wconf 86' lang='lat' dir='ltr'>aliquando</span> <span class='ocrx_word' id='word_1_110' title='bbox 665 1127 802 1171; x_wconf 89' lang='lat' dir='ltr'>nimis</span> <span class='ocrx_word' id='word_1_111' title='bbox 828 1127 1006 1185; x_wconf 85' lang='lat' dir='ltr'>proprio</span> <span class='ocrx_word' id='word_1_112' title='bbox 1032 1127 1216 1184; x_wconf 81' lang='lat' dir='ltr'>ingenio</span> <span class='ocrx_word' id='word_1_113' title='bbox 1239 1141 1377 1186; x_wconf 82' lang='lat' dir='ltr'>quain</span> <span class='ocrx_word' id='word_1_114' title='bbox 1403 1125 1567 1182; x_wconf 81' lang='lat' dir='ltr'>regulis</span> <span class='ocrx_word' id='word_1_115' title='bbox 1592 1125 1703 1169; x_wconf 91' lang='lat' dir='ltr'>iuris</span> <span class='ocrx_word' id='word_1_116' title='bbox 1738 1125 1783 1169; x_wconf 92' lang='lat' dir='ltr'>in</span> <span class='ocrx_word' id='word_1_117' title='bbox 1817 1124 1982 1184; x_wconf 88' lang='lat' dir='ltr'>quibus</span> 
     </span>
     <span class='ocr_line' id='line_1_14' title="bbox 202 1209 1982 1266; baseline -0.001 -14"><span class='ocrx_word' id='word_1_118' title='bbox 202 1211 356 1266; x_wconf 81' lang='lat' dir='ltr'>praxis</span> <span class='ocrx_word' id='word_1_119' title='bbox 390 1209 525 1253; x_wconf 83' lang='lat' dir='ltr'>habet</span> <span class='ocrx_word' id='word_1_120' title='bbox 560 1210 914 1254; x_wconf 78' lang='lat' dir='ltr'>fundamentum</span> <span class='ocrx_word' id='word_1_121' title='bbox 949 1215 994 1254; x_wconf 82' lang='lat' dir='ltr'>et</span> <span class='ocrx_word' id='word_1_122' title='bbox 1028 1224 1120 1254; x_wconf 91' lang='lat' dir='ltr'>nou</span> <span class='ocrx_word' id='word_1_123' title='bbox 1154 1226 1178 1254; x_wconf 78' lang='lat' dir='ltr'>c</span> <span class='ocrx_word' id='word_1_124' title='bbox 1211 1222 1451 1263; x_wconf 70' lang='lat' dir='ltr'>conxerso,</span> <span class='ocrx_word' id='word_1_125' title='bbox 1489 1209 1533 1252; x_wconf 89' lang='lat' dir='ltr'>bi</span> <span class='ocrx_word' id='word_1_126' title='bbox 1563 1209 1866 1253; x_wconf 89' lang='lat' dir='ltr'>indulserunt.</span> <span class='ocrx_word' id='word_1_127' title='bbox 1909 1211 1982 1252; x_wconf 82' lang='lat' dir='ltr'>Est</span> 
     </span>
     <span class='ocr_line' id='line_1_15' title="bbox 204 1292 1982 1352; baseline -0.001 -16"><span class='ocrx_word' id='word_1_128' title='bbox 204 1292 341 1350; x_wconf 79' lang='lat' dir='ltr'>igitur</span> <span class='ocrx_word' id='word_1_129' title='bbox 373 1292 618 1337; x_wconf 89' lang='lat' dir='ltr'>dicendum</span> <span class='ocrx_word' id='word_1_130' title='bbox 653 1294 1013 1338; x_wconf 68' lang='lat' dir='ltr'>c211isi1etu‹lines</span> <span class='ocrx_word' id='word_1_131' title='bbox 1048 1295 1225 1338; x_wconf 82' lang='lat' dir='ltr'>futuras</span> <span class='ocrx_word' id='word_1_132' title='bbox 1253 1309 1310 1338; x_wconf 82' lang='lat' dir='ltr'>ex</span> <span class='ocrx_word' id='word_1_133' title='bbox 1336 1293 1521 1352; x_wconf 73' lang='lat' dir='ltr'>praevio</span> <span class='ocrx_word' id='word_1_134' title='bbox 1554 1293 1738 1336; x_wconf 85' lang='lat' dir='ltr'>decreto</span> <span class='ocrx_word' id='word_1_135' title='bbox 1773 1292 1982 1336; x_wconf 87' lang='lat' dir='ltr'>irritante</span> 
     </span>
     <span class='ocr_line' id='line_1_16' title="bbox 202 1375 1983 1436; baseline -0.001 -17"><span class='ocrx_word' id='word_1_136' title='bbox 202 1376 475 1422; x_wconf 83' lang='lat' dir='ltr'>difficiliores</span> <span class='ocrx_word' id='word_1_137' title='bbox 509 1378 604 1422; x_wconf 85' lang='lat' dir='ltr'>lieri</span> <span class='ocrx_word' id='word_1_138' title='bbox 644 1383 738 1423; x_wconf 79' lang='lat' dir='ltr'>tun]</span> <span class='ocrx_word' id='word_1_139' title='bbox 764 1379 877 1436; x_wconf 46' lang='lat' dir='ltr'>&#39;quia</span> <span class='ocrx_word' id='word_1_140' title='bbox 902 1377 1128 1422; x_wconf 86' lang='lat' dir='ltr'>difficilius</span> <span class='ocrx_word' id='word_1_141' title='bbox 1159 1377 1425 1435; x_wconf 76' lang='lat' dir='ltr'>legislatoris</span> <span class='ocrx_word' id='word_1_142' title='bbox 1457 1389 1709 1421; x_wconf 80' lang='lat' dir='ltr'>consensus</span> <span class='ocrx_word' id='word_1_143' title='bbox 1741 1375 1867 1420; x_wconf 83' lang='lat' dir='ltr'>adest</span> <span class='ocrx_word' id='word_1_144' title='bbox 1904 1379 1983 1419; x_wconf 85' lang='lat' dir='ltr'>aut</span> 
     </span>
     <span class='ocr_line' id='line_1_17' title="bbox 204 1458 1983 1520; baseline -0.003 -15"><span class='ocrx_word' id='word_1_145' title='bbox 204 1460 431 1516; x_wconf 80' lang='lat' dir='ltr'>praesumi</span> <span class='ocrx_word' id='word_1_146' title='bbox 468 1466 630 1518; x_wconf 63' lang='lat' dir='ltr'>potest,</span> <span class='ocrx_word' id='word_1_147' title='bbox 667 1465 764 1506; x_wconf 91' lang='lat' dir='ltr'>tum</span> <span class='ocrx_word' id='word_1_148' title='bbox 799 1461 902 1520; x_wconf 89' lang='lat' dir='ltr'>quia</span> <span class='ocrx_word' id='word_1_149' title='bbox 937 1475 1015 1506; x_wconf 88' lang='lat' dir='ltr'>eas</span> <span class='ocrx_word' id='word_1_150' title='bbox 1047 1461 1225 1506; x_wconf 89' lang='lat' dir='ltr'>odiosas</span> <span class='ocrx_word' id='word_1_151' title='bbox 1259 1461 1427 1514; x_wconf 83' lang='lat' dir='ltr'>reddit,</span> <span class='ocrx_word' id='word_1_152' title='bbox 1464 1474 1555 1505; x_wconf 92' lang='lat' dir='ltr'>non</span> <span class='ocrx_word' id='word_1_153' title='bbox 1589 1464 1744 1503; x_wconf 85' lang='lat' dir='ltr'>autem</span> <span class='ocrx_word' id='word_1_154' title='bbox 1779 1458 1983 1501; x_wconf 86' lang='lat' dir='ltr'>absolute</span> 
     </span>
     <span class='ocr_line' id='line_1_18' title="bbox 204 1539 1984 1604; baseline -0.003 -16"><span class='ocrx_word' id='word_1_155' title='bbox 204 1558 279 1589; x_wconf 72' lang='lat' dir='ltr'>cas</span> <span class='ocrx_word' id='word_1_156' title='bbox 321 1545 555 1604; x_wconf 87' lang='lat' dir='ltr'>impedire.</span> <span class='ocrx_word' id='word_1_157' title='bbox 608 1549 745 1591; x_wconf 79' lang='lat' dir='ltr'>Sccus</span> <span class='ocrx_word' id='word_1_158' title='bbox 780 1561 890 1591; x_wconf 77' lang='lat' dir='ltr'>vero</span> <span class='ocrx_word' id='word_1_159' title='bbox 930 1545 1174 1591; x_wconf 84' lang='lat' dir='ltr'>dicendum</span> <span class='ocrx_word' id='word_1_160' title='bbox 1210 1545 1243 1589; x_wconf 91' lang='lat' dir='ltr'>si</span> <span class='ocrx_word' id='word_1_161' title='bbox 1279 1543 1562 1589; x_wconf 90' lang='lat' dir='ltr'>consuetudo</span> <span class='ocrx_word' id='word_1_162' title='bbox 1586 1544 1738 1586; x_wconf 83' lang='lat' dir='ltr'>futura</span> <span class='ocrx_word' id='word_1_163' title='bbox 1775 1540 1837 1584; x_wconf 86' lang='lat' dir='ltr'>uti</span> <span class='ocrx_word' id='word_1_164' title='bbox 1874 1539 1984 1584; x_wconf 89' lang='lat' dir='ltr'>iuris</span> 
     </span>
     <span class='ocr_line' id='line_1_19' title="bbox 204 1631 872 1688; baseline 0.001 -15"><span class='ocrx_word' id='word_1_165' title='bbox 204 1631 460 1686; x_wconf 80' lang='lat' dir='ltr'>corruptela</span> <span class='ocrx_word' id='word_1_166' title='bbox 498 1631 818 1688; x_wconf 77' lang='lat' dir='ltr'>reprobaretur</span> <span class='ocrx_word' id='word_1_167' title='bbox 844 1632 872 1674; x_wconf 85' lang='lat'>¹.</span> 
     </span>
    </p>

    <p class='ocr_par' dir='ltr' id='par_1_6' title="bbox 203 1714 1987 2358">
     <span class='ocr_line' id='line_1_20' title="bbox 324 1714 1983 1772; baseline 0.001 -16"><span class='ocrx_word' id='word_1_168' title='bbox 324 1714 368 1763; x_wconf 68' lang='lat' dir='ltr'>d)</span> <span class='ocrx_word' id='word_1_169' title='bbox 409 1733 428 1753; x_wconf 77' lang='grc' dir='ltr'>α</span> <span class='ocrx_word' id='word_1_170' title='bbox 458 1714 649 1759; x_wconf 68' lang='lat' dir='ltr'>Sublata</span> <span class='ocrx_word' id='word_1_171' title='bbox 683 1715 865 1758; x_wconf 70' lang='lat' dir='ltr'>cuilibet</span> <span class='ocrx_word' id='word_1_172' title='bbox 899 1715 1037 1758; x_wconf 73' lang='lat' dir='ltr'>aliter</span> <span class='ocrx_word' id='word_1_173' title='bbox 1073 1714 1319 1759; x_wconf 69' lang='lat' dir='ltr'>[udicandi</span> <span class='ocrx_word' id='word_1_174' title='bbox 1350 1721 1486 1772; x_wconf 64' lang='lat' dir='ltr'>(cislae</span> <span class='ocrx_word' id='word_1_175' title='bbox 1526 1715 1874 1772; x_wconf 64' lang='lat' dir='ltr'>interpretandi</span> <span class='ocrx_word' id='word_1_176' title='bbox 1911 1714 1983 1770; x_wconf 75' lang='lat' dir='ltr'>fa-</span> 
     </span>
     <span class='ocr_line' id='line_1_21' title="bbox 203 1797 1983 1852; baseline 0.001 -13"><span class='ocrx_word' id='word_1_177' title='bbox 203 1797 373 1841; x_wconf 66' lang='lat' dir='ltr'>cultate</span> <span class='ocrx_word' id='word_1_178' title='bbox 401 1815 437 1839; x_wconf 71' lang='grc' dir='ltr'>υ.</span> <span class='ocrx_word' id='word_1_179' title='bbox 485 1797 640 1850; x_wconf 80' lang='lat' dir='ltr'>Quoad</span> <span class='ocrx_word' id='word_1_180' title='bbox 688 1797 806 1841; x_wconf 79' lang='lat' dir='ltr'>lianc</span> <span class='ocrx_word' id='word_1_181' title='bbox 850 1798 1099 1842; x_wconf 84' lang='lat' dir='ltr'>clausulam</span> <span class='ocrx_word' id='word_1_182' title='bbox 1143 1802 1350 1841; x_wconf 82' lang='lat' dir='ltr'>notetur:</span> <span class='ocrx_word' id='word_1_183' title='bbox 1406 1798 1439 1852; x_wconf 88' lang='lat' dir='ltr'>l)</span> <span class='ocrx_word' id='word_1_184' title='bbox 1479 1797 1547 1842; x_wconf 69' lang='lat' dir='ltr'>vis</span> <span class='ocrx_word' id='word_1_185' title='bbox 1579 1798 1807 1842; x_wconf 78' lang='lat' dir='ltr'>clausulae</span> <span class='ocrx_word' id='word_1_186' title='bbox 1833 1802 1899 1841; x_wconf 86' lang='lat' dir='ltr'>est</span> <span class='ocrx_word' id='word_1_187' title='bbox 1933 1802 1983 1840; x_wconf 90' lang='lat' dir='ltr'>ut</span> 
     </span>
     <span class='ocr_line' id='line_1_22' title="bbox 204 1879 1984 1938; baseline 0.001 -15"><span class='ocrx_word' id='word_1_188' title='bbox 204 1879 410 1924; x_wconf 74' lang='lat' dir='ltr'>firmitati</span> <span class='ocrx_word' id='word_1_189' title='bbox 446 1885 492 1924; x_wconf 84' lang='lat' dir='ltr'>ct</span> <span class='ocrx_word' id='word_1_190' title='bbox 526 1881 776 1938; x_wconf 78' lang='lat' dir='ltr'>integritati</span> <span class='ocrx_word' id='word_1_191' title='bbox 802 1881 911 1936; x_wconf 72' lang='lat' dir='ltr'>legis</span> <span class='ocrx_word' id='word_1_192' title='bbox 934 1881 1200 1925; x_wconf 73' lang='lat' dir='ltr'>consulatur</span> <span class='ocrx_word' id='word_1_193' title='bbox 1234 1881 1513 1938; x_wconf 84' lang='lat' dir='ltr'>probibendo</span> <span class='ocrx_word' id='word_1_194' title='bbox 1554 1880 1984 1937; x_wconf 79' lang='lat' dir='ltr'>interpretationem</span> 
     </span>
     <span class='ocr_line' id='line_1_23' title="bbox 204 1963 1984 2020; baseline -0.001 -13"><span class='ocrx_word' id='word_1_195' title='bbox 204 1964 480 2020; x_wconf 74' lang='lat' dir='ltr'>individui33</span> <span class='ocrx_word' id='word_1_196' title='bbox 518 1967 559 2019; x_wconf 80' lang='grc'>2)</span> <span class='ocrx_word' id='word_1_197' title='bbox 586 1964 862 2009; x_wconf 84' lang='lat' dir='ltr'>difficiliores</span> <span class='ocrx_word' id='word_1_198' title='bbox 896 1964 1043 2008; x_wconf 82' lang='lat' dir='ltr'>reddit</span> <span class='ocrx_word' id='word_1_199' title='bbox 1081 1964 1438 2009; x_wconf 87' lang='lat' dir='ltr'>consuetudines</span> <span class='ocrx_word' id='word_1_200' title='bbox 1480 1964 1735 2008; x_wconf 85' lang='lat' dir='ltr'>contrarias</span> <span class='ocrx_word' id='word_1_201' title='bbox 1771 1977 1876 2008; x_wconf 92' lang='lat' dir='ltr'>cum</span> <span class='ocrx_word' id='word_1_202' title='bbox 1911 1963 1984 2007; x_wconf 83' lang='lat' dir='ltr'>de-</span> 
     </span>
     <span class='ocr_line' id='line_1_24' title="bbox 206 2046 1987 2103; baseline -0.002 -11"><span class='ocrx_word' id='word_1_203' title='bbox 206 2052 384 2092; x_wconf 80' lang='lat' dir='ltr'>cretum</span> <span class='ocrx_word' id='word_1_204' title='bbox 435 2047 621 2092; x_wconf 88' lang='lat' dir='ltr'>irritans</span> <span class='ocrx_word' id='word_1_205' title='bbox 661 2048 705 2092; x_wconf 91' lang='lat' dir='ltr'>in</span> <span class='ocrx_word' id='word_1_206' title='bbox 749 2062 796 2093; x_wconf 91' lang='lat' dir='ltr'>se</span> <span class='ocrx_word' id='word_1_207' title='bbox 847 2048 1087 2093; x_wconf 81' lang='lat' dir='ltr'>continere</span> <span class='ocrx_word' id='word_1_208' title='bbox 1131 2051 1388 2092; x_wconf 82' lang='lat' dir='ltr'>censeatur.</span> <span class='ocrx_word' id='word_1_209' title='bbox 1446 2046 1614 2102; x_wconf 84' lang='lat' dir='ltr'>Quodsi</span> <span class='ocrx_word' id='word_1_210' title='bbox 1663 2046 1707 2091; x_wconf 94' lang='lat' dir='ltr'>in</span> <span class='ocrx_word' id='word_1_211' title='bbox 1758 2046 1987 2103; x_wconf 86' lang='lat' dir='ltr'>rescriptis</span> 
     </span>
     <span class='ocr_line' id='line_1_25' title="bbox 206 2131 1985 2191; baseline -0.001 -14"><span class='ocrx_word' id='word_1_212' title='bbox 206 2131 455 2177; x_wconf 75' lang='lat' dir='ltr'>coniuncta</span> <span class='ocrx_word' id='word_1_213' title='bbox 489 2132 548 2176; x_wconf 89' lang='lat' dir='ltr'>sit</span> <span class='ocrx_word' id='word_1_214' title='bbox 579 2146 683 2176; x_wconf 92' lang='lat' dir='ltr'>cum</span> <span class='ocrx_word' id='word_1_215' title='bbox 730 2132 930 2176; x_wconf 84' lang='lat' dir='ltr'>clausula</span> <span class='ocrx_word' id='word_1_216' title='bbox 968 2151 987 2172; x_wconf 73' lang='lat' dir='ltr'>a</span> <span class='ocrx_word' id='word_1_217' title='bbox 1014 2133 1132 2191; x_wconf 90' lang='lat' dir='ltr'>quod</span> <span class='ocrx_word' id='word_1_218' title='bbox 1167 2132 1220 2175; x_wconf 86' lang='lat' dir='ltr'>de</span> <span class='ocrx_word' id='word_1_219' title='bbox 1244 2131 1511 2189; x_wconf 86' lang='lat' dir='ltr'>obreptione</span> <span class='ocrx_word' id='word_1_220' title='bbox 1539 2150 1556 2169; x_wconf 74' lang='lat' dir='ltr'>n</span> <span class='ocrx_word' id='word_1_221' title='bbox 1596 2131 1710 2176; x_wconf 82' lang='lat' dir='ltr'>idest</span> <span class='ocrx_word' id='word_1_222' title='bbox 1739 2131 1857 2191; x_wconf 92' lang='lat' dir='ltr'>quod</span> <span class='ocrx_word' id='word_1_223' title='bbox 1893 2145 1985 2175; x_wconf 90' lang='lat' dir='ltr'>non</span> 
     </span>
     <span class='ocr_line' id='line_1_26' title="bbox 208 2215 1983 2274; baseline 0.001 -15"><span class='ocrx_word' id='word_1_224' title='bbox 208 2216 348 2274; x_wconf 85' lang='lat' dir='ltr'>possit</span> <span class='ocrx_word' id='word_1_225' title='bbox 380 2220 539 2260; x_wconf 84' lang='lat' dir='ltr'>contra</span> <span class='ocrx_word' id='word_1_226' title='bbox 574 2216 766 2273; x_wconf 82' lang='lat' dir='ltr'>gratiam</span> <span class='ocrx_word' id='word_1_227' title='bbox 802 2216 1022 2274; x_wconf 85' lang='lat' dir='ltr'>disputari</span> <span class='ocrx_word' id='word_1_228' title='bbox 1047 2217 1101 2261; x_wconf 86' lang='lat' dir='ltr'>de</span> <span class='ocrx_word' id='word_1_229' title='bbox 1125 2216 1240 2261; x_wconf 59' lang='lat' dir='ltr'>vitio</span> <span class='ocrx_word' id='word_1_230' title='bbox 1264 2216 1545 2274; x_wconf 86' lang='lat' dir='ltr'>obreptionis</span> <span class='ocrx_word' id='word_1_231' title='bbox 1564 2215 1636 2260; x_wconf 35' lang='lat' dir='ltr'>xfel</span> <span class='ocrx_word' id='word_1_232' title='bbox 1661 2216 1983 2274; x_wconf 72' lang='lat' dir='ltr'>subreptionis,</span> 
     </span>
     <span class='ocr_line' id='line_1_27' title="bbox 208 2298 1815 2358; baseline -0.001 -14"><span class='ocrx_word' id='word_1_233' title='bbox 208 2299 398 2358; x_wconf 83' lang='lat' dir='ltr'>impedit</span> <span class='ocrx_word' id='word_1_234' title='bbox 432 2298 777 2358; x_wconf 79' lang='lat' dir='ltr'>inquisitionem</span> <span class='ocrx_word' id='word_1_235' title='bbox 812 2299 866 2343; x_wconf 79' lang='lat' dir='ltr'>de</span> <span class='ocrx_word' id='word_1_236' title='bbox 900 2299 1096 2344; x_wconf 54' lang='lat' dir='ltr'>ieritate</span> <span class='ocrx_word' id='word_1_237' title='bbox 1130 2313 1289 2344; x_wconf 90' lang='lat' dir='ltr'>eorum</span> <span class='ocrx_word' id='word_1_238' title='bbox 1323 2312 1439 2358; x_wconf 89' lang='lat' dir='ltr'>quae</span> <span class='ocrx_word' id='word_1_239' title='bbox 1473 2302 1657 2343; x_wconf 88' lang='lat' dir='ltr'>narrata</span> <span class='ocrx_word' id='word_1_240' title='bbox 1692 2303 1815 2342; x_wconf 87' lang='lat' dir='ltr'>sunt.</span> 
     </span>
    </p>

    <p class='ocr_par' dir='ltr' id='par_1_7' title="bbox 208 2381 1987 2773">
     <span class='ocr_line' id='line_1_28' title="bbox 328 2381 1986 2440; baseline -0.001 -14"><span class='ocrx_word' id='word_1_241' title='bbox 328 2384 368 2436; x_wconf 79' lang='lat'>5)</span> <span class='ocrx_word' id='word_1_242' title='bbox 406 2383 561 2435; x_wconf 82' lang='lat' dir='ltr'>Quoad</span> <span class='ocrx_word' id='word_1_243' title='bbox 596 2382 814 2440; x_wconf 86' lang='lat' dir='ltr'>rescripta</span> <span class='ocrx_word' id='word_1_244' title='bbox 850 2383 1049 2427; x_wconf 89' lang='lat' dir='ltr'>clausula</span> <span class='ocrx_word' id='word_1_245' title='bbox 1087 2382 1180 2427; x_wconf 87' lang='lat' dir='ltr'>vim</span> <span class='ocrx_word' id='word_1_246' title='bbox 1217 2397 1308 2427; x_wconf 88' lang='lat' dir='ltr'>non</span> <span class='ocrx_word' id='word_1_247' title='bbox 1344 2382 1480 2427; x_wconf 85' lang='lat' dir='ltr'>babet</span> <span class='ocrx_word' id='word_1_248' title='bbox 1512 2382 1545 2426; x_wconf 86' lang='lat' dir='ltr'>si</span> <span class='ocrx_word' id='word_1_249' title='bbox 1581 2381 1720 2427; x_wconf 82' lang='lat' dir='ltr'>etiam</span> <span class='ocrx_word' id='word_1_250' title='bbox 1746 2382 1986 2426; x_wconf 87' lang='lat' dir='ltr'>renuncia-</span> 
     </span>
     <span class='ocr_line' id='line_1_29' title="bbox 211 2465 1986 2525; baseline -0.002 -15"><span class='ocrx_word' id='word_1_251' title='bbox 211 2471 306 2510; x_wconf 79' lang='lat' dir='ltr'>tum</span> <span class='ocrx_word' id='word_1_252' title='bbox 346 2466 483 2509; x_wconf 79' lang='lat' dir='ltr'>luerit</span> <span class='ocrx_word' id='word_1_253' title='bbox 514 2469 571 2509; x_wconf 92' lang='lat' dir='ltr'>ab</span> <span class='ocrx_word' id='word_1_254' title='bbox 593 2480 645 2510; x_wconf 79' lang='lat' dir='ltr'>eo</span> <span class='ocrx_word' id='word_1_255' title='bbox 679 2466 754 2525; x_wconf 94' lang='lat' dir='ltr'>qui</span> <span class='ocrx_word' id='word_1_256' title='bbox 790 2468 1060 2524; x_wconf 78' lang='lat' dir='ltr'>rescriptum</span> <span class='ocrx_word' id='word_1_257' title='bbox 1086 2466 1301 2520; x_wconf 74' lang='lat' dir='ltr'>obtinuit,</span> <span class='ocrx_word' id='word_1_258' title='bbox 1339 2465 1447 2510; x_wconf 83' lang='lat' dir='ltr'>itcm</span> <span class='ocrx_word' id='word_1_259' title='bbox 1483 2465 1518 2509; x_wconf 89' lang='lat' dir='ltr'>si</span> <span class='ocrx_word' id='word_1_260' title='bbox 1552 2465 1756 2522; x_wconf 80' lang='lat' dir='ltr'>obreptio</span> <span class='ocrx_word' id='word_1_261' title='bbox 1780 2465 1851 2509; x_wconf 84' lang='lat' dir='ltr'>vel</span> <span class='ocrx_word' id='word_1_262' title='bbox 1886 2467 1986 2508; x_wconf 88' lang='lat' dir='ltr'>sub-</span> 
     </span>
     <span class='ocr_line' id='line_1_30' title="bbox 211 2548 1985 2608; baseline -0.001 -14"><span class='ocrx_word' id='word_1_263' title='bbox 211 2550 353 2608; x_wconf 79' lang='lat' dir='ltr'>reptio</span> <span class='ocrx_word' id='word_1_264' title='bbox 399 2550 486 2594; x_wconf 90' lang='lat' dir='ltr'>iam</span> <span class='ocrx_word' id='word_1_265' title='bbox 531 2550 677 2607; x_wconf 87' lang='lat' dir='ltr'>palam</span> <span class='ocrx_word' id='word_1_266' title='bbox 714 2549 946 2607; x_wconf 61' lang='lat' dir='ltr'>prodierit.</span> <span class='ocrx_word' id='word_1_267' title='bbox 998 2551 1040 2605; x_wconf 71' lang='lat'>4)</span> <span class='ocrx_word' id='word_1_268' title='bbox 1080 2548 1345 2593; x_wconf 82' lang='lat' dir='ltr'>Remedium</span> <span class='ocrx_word' id='word_1_269' title='bbox 1389 2553 1548 2592; x_wconf 83' lang='lat' dir='ltr'>contra</span> <span class='ocrx_word' id='word_1_270' title='bbox 1583 2548 1701 2592; x_wconf 89' lang='lat' dir='ltr'>banc</span> <span class='ocrx_word' id='word_1_271' title='bbox 1735 2549 1985 2593; x_wconf 89' lang='lat' dir='ltr'>clausulam</span> 
     </span>
     <span class='ocr_line' id='line_1_31' title="bbox 208 2630 1987 2691; baseline -0.002 -13"><span class='ocrx_word' id='word_1_272' title='bbox 208 2634 262 2678; x_wconf 92' lang='lat' dir='ltr'>de</span> <span class='ocrx_word' id='word_1_273' title='bbox 295 2633 393 2691; x_wconf 82' lang='lat' dir='ltr'>lege</span> <span class='ocrx_word' id='word_1_274' title='bbox 426 2633 710 2691; x_wconf 71' lang='lat' dir='ltr'>disceptandi</span> <span class='ocrx_word' id='word_1_275' title='bbox 755 2637 824 2677; x_wconf 84' lang='lat' dir='ltr'>cst</span> <span class='ocrx_word' id='word_1_276' title='bbox 870 2653 887 2672; x_wconf 70' lang='grc' dir='ltr'>ιι</span> <span class='ocrx_word' id='word_1_277' title='bbox 915 2632 1109 2690; x_wconf 87' lang='lat' dir='ltr'>aperitio</span> <span class='ocrx_word' id='word_1_278' title='bbox 1152 2633 1244 2676; x_wconf 85' lang='lat' dir='ltr'>oris</span> <span class='ocrx_word' id='word_1_279' title='bbox 1265 2651 1283 2670; x_wconf 80' lang='lat' dir='ltr'><em>n</em></span> <span class='ocrx_word' id='word_1_280' title='bbox 1321 2631 1437 2676; x_wconf 80' lang='lat' dir='ltr'>idest</span> <span class='ocrx_word' id='word_1_281' title='bbox 1471 2631 1663 2676; x_wconf 86' lang='lat' dir='ltr'>facultas</span> <span class='ocrx_word' id='word_1_282' title='bbox 1697 2645 1720 2674; x_wconf 89' lang='lat' dir='ltr'>a</span> <span class='ocrx_word' id='word_1_283' title='bbox 1757 2633 1797 2674; x_wconf 89' lang='lat' dir='ltr'>S.</span> <span class='ocrx_word' id='word_1_284' title='bbox 1838 2630 1987 2674; x_wconf 87' lang='lat' dir='ltr'>Ponti-</span> 
     </span>
     <span class='ocr_line' id='line_1_32' title="bbox 209 2715 880 2773; baseline -0.003 -12"><span class='ocrx_word' id='word_1_285' title='bbox 209 2717 292 2761; x_wconf 81' lang='lat' dir='ltr'>fice</span> <span class='ocrx_word' id='word_1_286' title='bbox 326 2730 377 2760; x_wconf 92' lang='lat' dir='ltr'>ea</span> <span class='ocrx_word' id='word_1_287' title='bbox 411 2717 465 2760; x_wconf 89' lang='lat' dir='ltr'>de</span> <span class='ocrx_word' id='word_1_288' title='bbox 500 2730 546 2760; x_wconf 88' lang='lat' dir='ltr'>re</span> <span class='ocrx_word' id='word_1_289' title='bbox 582 2715 824 2773; x_wconf 75' lang='lat' dir='ltr'>impetrata</span> <span class='ocrx_word' id='word_1_290' title='bbox 850 2717 880 2759; x_wconf 76' lang='lat'>².</span> 
     </span>
    </p>
   </div>
   <div class='ocr_carea' id='block_1_6' title="bbox 207 2837 1988 3101">
    <p class='ocr_par' dir='ltr' id='par_1_8' title="bbox 207 2837 1988 3031">
     <span class='ocr_line' id='line_1_33' title="bbox 330 2837 1986 2883; baseline -0.004 -5"><span class='ocrx_word' id='word_1_291' title='bbox 330 2843 336 2860; x_wconf 85' lang='lat'>¹</span> <span class='ocrx_word' id='word_1_292' title='bbox 368 2842 418 2878; x_wconf 71' lang='lat' dir='ltr'>of.</span> <span class='ocrx_word' id='word_1_293' title='bbox 439 2842 606 2878; x_wconf 48' lang='lat' dir='ltr'>Florum</span> <span class='ocrx_word' id='word_1_294' title='bbox 635 2841 670 2876; x_wconf 91' lang='lat' dir='ltr'>in</span> <span class='ocrx_word' id='word_1_295' title='bbox 689 2850 721 2875; x_wconf 84' lang='lat' dir='ltr'>c.</span> <span class='ocrx_word' id='word_1_296' title='bbox 739 2841 785 2875; x_wconf 67' lang='lat' dir='ltr'>acl</span> <span class='ocrx_word' id='word_1_297' title='bbox 811 2840 895 2875; x_wconf 73' lang='lat' dir='ltr'>haec</span> <span class='ocrx_word' id='word_1_298' title='bbox 922 2850 955 2875; x_wconf 90' lang='lat' dir='ltr'>n.</span> <span class='ocrx_word' id='word_1_299' title='bbox 976 2839 1032 2881; x_wconf 68' lang='lat'>54,</span> <span class='ocrx_word' id='word_1_300' title='bbox 1060 2840 1104 2876; x_wconf 86' lang='lat' dir='ltr'>de</span> <span class='ocrx_word' id='word_1_301' title='bbox 1123 2839 1199 2875; x_wconf 83' lang='lat' dir='ltr'>Rel-</span> <span class='ocrx_word' id='word_1_302' title='bbox 1219 2839 1356 2875; x_wconf 86' lang='lat' dir='ltr'>domib.</span> <span class='ocrx_word' id='word_1_303' title='bbox 1385 2839 1471 2874; x_wconf 77' lang='lat' dir='ltr'>Gan.</span> <span class='ocrx_word' id='word_1_304' title='bbox 1491 2838 1512 2873; x_wconf 83' lang='grc'>5</span> <span class='ocrx_word' id='word_1_305' title='bbox 1531 2844 1564 2874; x_wconf 74' lang='lat' dir='ltr'>ei</span> <span class='ocrx_word' id='word_1_306' title='bbox 1585 2847 1686 2883; x_wconf 83' lang='lat' dir='ltr'>seqq.</span> <span class='ocrx_word' id='word_1_307' title='bbox 1710 2837 1796 2874; x_wconf 76' lang='lat' dir='ltr'>dici.</span> <span class='ocrx_word' id='word_1_308' title='bbox 1817 2837 1848 2879; x_wconf 85' lang='lat'>8,</span> <span class='ocrx_word' id='word_1_309' title='bbox 1868 2845 1949 2873; x_wconf 84' lang='lat' dir='ltr'>can.</span> <span class='ocrx_word' id='word_1_310' title='bbox 1971 2837 1986 2872; x_wconf 98' lang='grc'><strong>1</strong></span> 
     </span>
     <span class='ocr_line' id='line_1_34' title="bbox 207 2908 1988 2959; baseline -0.003 -9"><span class='ocrx_word' id='word_1_311' title='bbox 207 2920 243 2950; x_wconf 83' lang='lat' dir='ltr'>et</span> <span class='ocrx_word' id='word_1_312' title='bbox 261 2923 363 2959; x_wconf 85' lang='lat' dir='ltr'>seqq.</span> <span class='ocrx_word' id='word_1_313' title='bbox 395 2913 494 2949; x_wconf 81' lang='lat' dir='ltr'>dicit.</span> <span class='ocrx_word' id='word_1_314' title='bbox 524 2912 577 2954; x_wconf 90' lang='grc'>11,</span> <span class='ocrx_word' id='word_1_315' title='bbox 605 2921 683 2948; x_wconf 87' lang='lat' dir='ltr'>can.</span> <span class='ocrx_word' id='word_1_316' title='bbox 702 2912 736 2953; x_wconf 83' lang='lat'>5,</span> <span class='ocrx_word' id='word_1_317' title='bbox 758 2910 811 2953; x_wconf 87' lang='grc'><strong>12,</strong></span> <span class='ocrx_word' id='word_1_318' title='bbox 832 2911 914 2947; x_wconf 73' lang='lat' dir='ltr'>[lici.</span> <span class='ocrx_word' id='word_1_319' title='bbox 938 2910 990 2952; x_wconf 91' lang='grc'><strong>12,</strong></span> <span class='ocrx_word' id='word_1_320' title='bbox 1010 2920 1085 2955; x_wconf 83' lang='lat' dir='ltr'>arg.</span> <span class='ocrx_word' id='word_1_321' title='bbox 1113 2922 1142 2947; x_wconf 84' lang='lat' dir='ltr'>c.</span> <span class='ocrx_word' id='word_1_322' title='bbox 1163 2912 1195 2953; x_wconf 71' lang='lat'>4,</span> <span class='ocrx_word' id='word_1_323' title='bbox 1223 2911 1256 2946; x_wconf 87' lang='lat' dir='ltr'>d.</span> <span class='ocrx_word' id='word_1_324' title='bbox 1278 2910 1322 2947; x_wconf 92' lang='grc'><strong>10</strong></span> <span class='ocrx_word' id='word_1_325' title='bbox 1347 2915 1382 2946; x_wconf 76' lang='lat' dir='ltr'>et</span> <span class='ocrx_word' id='word_1_326' title='bbox 1408 2921 1440 2946; x_wconf 83' lang='lat' dir='ltr'>c.</span> <span class='ocrx_word' id='word_1_327' title='bbox 1458 2910 1491 2952; x_wconf 81' lang='lat'>5,</span> <span class='ocrx_word' id='word_1_328' title='bbox 1508 2909 1542 2952; x_wconf 84' lang='lat'>5,</span> <span class='ocrx_word' id='word_1_329' title='bbox 1562 2910 1596 2945; x_wconf 84' lang='lat' dir='ltr'>h.</span> <span class='ocrx_word' id='word_1_330' title='bbox 1617 2915 1640 2946; x_wconf 81' lang='lat' dir='ltr'>t.</span> <span class='ocrx_word' id='word_1_331' title='bbox 1667 2910 1705 2945; x_wconf 76' lang='lat' dir='ltr'>L.</span> <span class='ocrx_word' id='word_1_332' title='bbox 1734 2908 1755 2944; x_wconf 87' lang='grc'><strong>2</strong></span> <span class='ocrx_word' id='word_1_333' title='bbox 1782 2909 1867 2945; x_wconf 82' lang='lat' dir='ltr'>Cod-</span> <span class='ocrx_word' id='word_1_334' title='bbox 1895 2918 1988 2953; x_wconf 81' lang='lat' dir='ltr'>quae</span> 
     </span>
     <span class='ocr_line' id='line_1_35' title="bbox 207 2980 1695 3031; baseline -0.002 -10"><span class='ocrx_word' id='word_1_335' title='bbox 207 2987 254 3021; x_wconf 76' lang='lat' dir='ltr'>sit</span> <span class='ocrx_word' id='word_1_336' title='bbox 273 2985 568 3031; x_wconf 84' lang='lat' dir='ltr'>longaconsuet.</span> <span class='ocrx_word' id='word_1_337' title='bbox 595 2985 632 3021; x_wconf 84' lang='lat' dir='ltr'>L.</span> <span class='ocrx_word' id='word_1_338' title='bbox 652 2985 685 3028; x_wconf 89' lang='lat'>5,</span> <span class='ocrx_word' id='word_1_339' title='bbox 703 2987 717 3023; x_wconf 68' lang='grc' dir='ltr'>ἓ</span> <span class='ocrx_word' id='word_1_340' title='bbox 735 2983 768 3027; x_wconf 82' lang='grc'>5,</span> <span class='ocrx_word' id='word_1_341' title='bbox 789 2983 823 3019; x_wconf 81' lang='lat' dir='ltr'>ss&#39;.</span> <span class='ocrx_word' id='word_1_342' title='bbox 842 2984 886 3019; x_wconf 88' lang='lat' dir='ltr'>de</span> <span class='ocrx_word' id='word_1_343' title='bbox 907 2983 1023 3028; x_wconf 82' lang='lat' dir='ltr'>sepul.</span> <span class='ocrx_word' id='word_1_344' title='bbox 1046 2982 1143 3025; x_wconf 90' lang='lat' dir='ltr'>viol.‚</span> <span class='ocrx_word' id='word_1_345' title='bbox 1161 2982 1182 3018; x_wconf 90' lang='lat' dir='ltr'>l.</span> <span class='ocrx_word' id='word_1_346' title='bbox 1205 2982 1258 3019; x_wconf 80' lang='lat'>15.</span> <span class='ocrx_word' id='word_1_347' title='bbox 1278 2983 1364 3019; x_wconf 85' lang='lat' dir='ltr'>Cod.</span> <span class='ocrx_word' id='word_1_348' title='bbox 1384 2983 1435 3019; x_wconf 75' lang='lat' dir='ltr'>Cf.</span> <span class='ocrx_word' id='word_1_349' title='bbox 1453 2991 1565 3028; x_wconf 86' lang='lat' dir='ltr'>supra</span> <span class='ocrx_word' id='word_1_350' title='bbox 1583 2990 1621 3017; x_wconf 92' lang='lat' dir='ltr'>n.</span> <span class='ocrx_word' id='word_1_351' title='bbox 1639 2980 1695 3018; x_wconf 80' lang='lat'>25.</span> 
     </span>
    </p>

    <p class='ocr_par' dir='ltr' id='par_1_9' title="bbox 325 3048 1864 3101">
     <span class='ocr_line' id='line_1_36' title="bbox 325 3048 1864 3101; baseline -0.004 -8"><span class='ocrx_word' id='word_1_352' title='bbox 325 3057 337 3075; x_wconf 80' lang='lat'>²</span> <span class='ocrx_word' id='word_1_353' title='bbox 364 3057 415 3093; x_wconf 80' lang='lat' dir='ltr'>Cf.</span> <span class='ocrx_word' id='word_1_354' title='bbox 437 3048 584 3093; x_wconf 68' lang='grc' dir='ltr'>Ζιτιὲιιι</span> <span class='ocrx_word' id='word_1_355' title='bbox 604 3066 663 3101; x_wconf 83' lang='grc' dir='ltr'>ορ.</span> <span class='ocrx_word' id='word_1_356' title='bbox 682 3066 724 3098; x_wconf 74' lang='grc'>0.,</span> <span class='ocrx_word' id='word_1_357' title='bbox 744 3055 928 3096; x_wconf 51' lang='lat' dir='ltr'>Barasasa,</span> <span class='ocrx_word' id='word_1_358' title='bbox 950 3055 1082 3090; x_wconf 66' lang='lat' dir='ltr'>Mmm</span> <span class='ocrx_word' id='word_1_359' title='bbox 1114 3054 1149 3090; x_wconf 91' lang='lat' dir='ltr'>in</span> <span class='ocrx_word' id='word_1_360' title='bbox 1168 3063 1294 3090; x_wconf 87' lang='lat' dir='ltr'>eorum</span> <span class='ocrx_word' id='word_1_361' title='bbox 1314 3052 1595 3090; x_wconf 80' lang='lat' dir='ltr'>tractationibus</span> <span class='ocrx_word' id='word_1_362' title='bbox 1613 3053 1658 3088; x_wconf 88' lang='lat' dir='ltr'>de</span> <span class='ocrx_word' id='word_1_363' title='bbox 1675 3051 1864 3088; x_wconf 80' lang='lat' dir='ltr'>clausulis.</span> 
     </span>
    </p>
   </div>
   <div class='ocr_carea' id='block_1_7' title="bbox 1577 0 2176 271">
    <p class='ocr_par' dir='ltr' id='par_1_10' title="bbox 1577 0 2176 271">
     <span class='ocr_line' id='line_1_37' title="bbox 1577 0 2176 271; baseline 0 3115"><span class='ocrx_word' id='word_1_364' title='bbox 1577 0 2176 271; x_wconf 95' lang='lat' dir='ltr'> </span> 
     </span>
    </p>
   </div>
  </div>
 </body>
</html>
