2176 3386
203 166 254 205 40
845 175 955 204 PARS
985 176 1010 203 1.
1046 175 1103 203 DE
1132 173 1344 203 pssnsoms

203 289 312 330 vota
347 285 569 331 retulerit.
608 290 664 331 At
696 287 731 331 si
765 286 1008 331 evidenter
1038 298 1143 344 pars
1180 284 1328 330 maior
1369 283 1611 340 indignum
1654 283 1865 342 elegerit,
1899 284 1990 329 ele-

203 375 304 415 ctus
337 385 362 415 a
396 370 560 415 minori
595 375 642 416 et
673 371 844 415 saniori
880 374 1007 429 parte
1040 371 1300 428 praefertur
1331 369 1364 414 ¹.
1400 368 1530 423 Quod
1552 368 1587 412 si
1612 381 1716 427 pars
1741 367 1887 412 maior
1909 381 1994 426 pro

203 455 329 500 nullo
368 458 480 509 stet,
516 453 791 498 scrutinium
838 457 1106 497 renovatur.
1159 451 1294 497 Hisce
1337 450 1533 510 peractis
1566 450 1804 496 electionis
1835 450 1994 495 decre-

203 542 301 581 tum
337 537 581 582 conficitur
613 539 659 581 et
692 535 953 594 publicatur
987 535 1019 578 ².
1056 535 1185 589 Quod
1218 534 1254 579 si
1288 535 1461 579 electus
1502 538 1610 578 ante
1645 533 1780 578 huius
1818 532 1992 578 decreti

204 620 586 666 constitutionem
621 620 667 665 in
702 634 831 665 suam
868 619 1142 664 electionem
1177 618 1454 673 consentiat,
1491 617 1654 663 electio
1690 617 1912 670 irritatur,
1945 620 1992 662 et

204 704 477 750 candidatus
509 709 669 762 utpote
702 703 974 749 ambitiosus
1008 703 1058 747 fit
1091 702 1350 761 ineligibilis
1382 703 1414 746 ⁸.

322 791 394 834 46.
434 789 605 834 Electio
639 789 780 833 etiam
815 802 894 845 per
925 789 1309 844 compromissum
1342 785 1440 831 fieri
1485 790 1645 844 potest.
1689 784 1997 845 Compromis-

205 884 306 933 sum
340 875 409 915 est
441 874 572 916 actus
604 884 694 929 quo
727 871 950 915 electores
983 868 1195 913 unanimi
1229 881 1456 913 consensu
1480 869 1769 912 transferunt
1797 871 1999 925 potesta·

205 956 299 997 tem
333 952 528 1010 eligendi
563 953 610 996 in
646 952 822 1011 aliquos
854 951 1043 996 clericos
1077 951 1201 995 viros
1232 949 1421 995 idoneos
1454 949 1574 994 intra
1601 951 1672 994 vel
1696 953 1826 994 extra
1866 949 1994 1015 Capi·

206 1037 355 1080 tulum
394 1040 446 1080 ut
483 1035 671 1080 nomine
711 1040 756 1080 et
790 1035 891 1080 vice
934 1034 1143 1079 omnium
1189 1034 1243 1078 ad
1287 1032 1561 1078 electionem
1605 1031 1793 1090 praelati
1838 1046 1999 1089 proce·

206 1119 318 1163 dant
346 1118 377 1163 ⁴.
414 1119 472 1162 Ut
503 1131 556 1163 ac
589 1119 738 1163 forma
776 1116 1096 1175 compromissi
1131 1115 1293 1161 electio
1317 1115 1412 1160 fieri
1448 1114 1603 1172 possit,
1638 1117 1818 1172 oportet
1864 1114 1901 1168 1)
1944 1116 1997 1157 ut

209 1214 371 1246 omnes
404 1201 678 1259 capitulares
712 1199 998 1263 unanimiter
1030 1200 1076 1243 in
1111 1197 1494 1258 compromissum
1528 1196 1840 1251 consentiant,
1866 1195 1999 1241 iuxta·

208 1283 413 1341 regulam
449 1283 562 1327 iuris
594 1283 641 1328 in
675 1284 723 1328 6⁰
762 1303 780 1323 a
808 1283 928 1341 quod
960 1296 1119 1326 omnes
1152 1284 1320 1339 tanqu,
1357 1281 1482 1324 debet
1512 1280 1569 1325 ab
1590 1279 1802 1323 omnibus
1827 1291 2000 1335 appro-

207 1367 315 1412 bari
341 1386 380 1421 υ,
418 1366 453 1411 si
488 1380 607 1411 unus
640 1366 882 1411 dissentiat
916 1366 1298 1423 compromissum
1335 1377 1426 1408 non
1462 1361 1667 1407 subsistit
1708 1361 1836 1405 iuxta
1873 1359 1994 1419 prin-

208 1452 379 1510 cipium
404 1470 423 1490 α
445 1454 496 1495 in
521 1464 572 1494 re
593 1452 834 1494 communi
862 1452 1014 1506 potior
1034 1455 1096 1493 est
1119 1447 1319 1492 conditio
1348 1445 1632 1503 prohibentis
1652 1463 1672 1484 n
1709 1444 1738 1489 ⁵.
1785 1445 1827 1501 2)
1867 1446 1998 1488 Com-

209 1532 490 1592 promissarii
525 1531 686 1578 Clerici
721 1545 819 1576 esse
852 1531 1022 1576 debent
1054 1531 1108 1575 ad
1143 1530 1229 1575 hoc
1262 1528 1431 1583 idonei,
1468 1541 1661 1572 numero
1693 1528 1767 1571 vel
1800 1526 2000 1584 impares

212 1616 285 1661 vel
321 1615 462 1661 etiam
500 1629 630 1673 pares
653 1614 686 1670 ⁶,
713 1614 805 1659 imo
829 1614 969 1658 etiam
990 1614 1036 1658 in
1057 1627 1203 1658 unum
1229 1610 1543 1670 compromitti
1562 1614 1710 1668 potest
1734 1611 1763 1654 ⁷.
1801 1610 1844 1666 5)
1869 1611 2005 1654 Com·

213 1698 491 1758 promissarii
527 1697 734 1743 mandati
771 1697 940 1742 limites
973 1711 1161 1742 servare
1195 1696 1379 1741 debent.
1418 1692 1811 1752 Compromissarii
1842 1691 1886 1736 in
1911 1692 1998 1737 ele·

211 1783 364 1828 ctione
399 1782 656 1841 peragenda
692 1781 848 1826 omnia
897 1779 1216 1825 substantialia
1258 1778 1468 1823 scrutinii
1510 1792 1694 1823 servare
1735 1777 1919 1831 debent,
1956 1780 2002 1821 et

212 1867 247 1911 si
270 1881 295 1912 a
319 1865 732 1924 compromissariis
767 1864 958 1909 idoneus
983 1863 1156 1908 electus
1188 1866 1258 1907 est
1279 1865 1500 1906 tenentur
1521 1874 1626 1905 eum
1653 1858 1854 1918 recipere
1876 1872 2007 1903 com·

213 1950 537 2009 promittentes
573 1949 603 1993 ³.
641 1947 1033 2006 Compromissum
1068 1951 1217 1991 cessat
1252 1948 1542 1990 revocatione
1573 1944 1608 1989 si
1644 1957 1715 1989 res
1753 1943 1902 1988 adhuc
1943 1943 2003 1987 sit

213 2034 390 2092 integra
423 2035 466 2090 ⁹3
503 2037 651 2078 cessat
693 2031 831 2076 etiam
879 2031 1006 2089 lapsu
1050 2029 1271 2088 temporis
1321 2027 1535 2088 praefixi,
1577 2032 1623 2072 et
1672 2026 2007 2072 terminatione-

214 2117 453 2163 electionis
487 2116 592 2161 licet
627 2116 739 2160 haec
772 2127 1064 2174 quacumque
1097 2113 1152 2157 de
1191 2125 1328 2156 causa
1358 2125 1491 2156 suum
1526 2110 1744 2155 effectum
1780 2123 1872 2154 non
1908 2123 2008 2154 sor·

212 2200 356 2246 tiatur
391 2200 440 2243 ¹⁰.

336 2379 343 2397 ¹
375 2380 461 2424 Gap.
487 2377 542 2419 2⁹2,
572 2378 606 2412 h.
636 2382 659 2412 1.

335 2451 346 2468 ²
374 2450 458 2495 Cap.
487 2449 543 2492 42,
573 2450 610 2485 h.
640 2454 661 2485 t.

337 2525 348 2542 ³
376 2524 460 2569 Cap.
489 2522 544 2566 46,
573 2522 607 2559 h.
634 2526 658 2557 1.

335 2595 347 2613 ³
374 2595 460 2638 Cap.
491 2594 548 2634 42,
576 2594 608 2628 h.
638 2597 661 2628 t.

337 2667 349 2685 ⁵
378 2667 466 2711 Reg.
494 2665 550 2707 56,
578 2665 615 2700 in
641 2663 690 2700 6⁰.

337 2737 350 2755 ⁶
378 2738 414 2773 C.
441 2735 498 2778 52,
526 2736 561 2771 h.
589 2740 612 2770 t.

337 2806 349 2825 ⁷
377 2807 412 2843 C.
440 2807 472 2849 8,
501 2808 537 2842 h.
565 2810 587 2840 ι.

339 2878 351 2897 ⁸
377 2878 414 2913 C.
440 2876 463 2912 8
489 2882 524 2913 et
547 2876 605 2919 52,
633 2875 668 2911 h.
695 2880 719 2911 t.

338 2950 351 2970 ⁹
377 2949 412 2986 C.
441 2949 501 2991 50,
528 2949 564 2984 h.
593 2954 616 2984 t.

329 3019 357 3038 '⁰
385 3020 421 3056 C.
450 3019 508 3062 57,
533 3023 547 3060 ξ
573 3019 609 3055 Si
638 3028 724 3055 vero
751 3018 801 3054 lit.
828 3019 865 3054 in
892 3016 940 3054 6⁰.
