2176 3386
517 165 647 195 Lmen
675 167 698 194 1.
730 167 786 195 DE
817 167 962 196 nesus.
986 161 1229 197 Ecca-:smrt'
1253 167 1580 199 SP1n1TuAL113us
1896 161 1946 201 81

151 274 276 319 lianc
307 273 652 332 deputationem
688 275 942 333 neglexerit
967 274 1200 320 praelatus
1228 275 1478 334 Regularis,
1510 276 1828 335 deputandum
1849 289 1948 322 esse

147 359 212 403 ab
231 357 486 403 Ordinariis
519 358 739 403 locorum.
780 359 823 416 4)
848 362 962 403 Tam
1000 358 1275 417 Episcopum
1309 373 1448 418 quam
1483 361 1742 405 Praelatum
1776 360 1948 418 regula-

151 457 251 487 rem
299 441 442 486 teneri
491 441 766 499 peculiarem
813 442 1156 487 Confessarium
1208 442 1463 492 concedere
1514 443 1699 487 moniali
1745 443 1949 501 graviter

146 525 428 583 aegrotanti,
464 525 498 568 si
536 524 662 570 iilum
698 529 839 583 petat,
876 525 996 569 sicut
1030 530 1076 569 et
1110 525 1171 569 illi
1204 539 1321 584 quae
1356 525 1463 570 licet
1497 540 1588 570 non
1625 526 1834 582 infirma,
1870 527 1945 571 ob-

150 609 333 653 firmate
378 603 532 652 tamen
579 611 757 652 recuset
797 608 1078 652 confessario
1111 607 1346 652 ordinario
1384 601 1610 653 confiteri.
1669 612 1756 653 [ste
1788 604 1944 654 autem

151 691 396 750 peculiaris
410 685 731 741 'confessarius
753 690 1056 748 assignandus
1081 696 1109 736 a'
1134 691 1337 736 praelato
1359 692 1584 749 Regu'lari‚
1610 700 1792 752 semper
1811 693 1945 738 debet

147 769 250 819 esse
283 789 339 819 ex
375 774 635 833 approbatis
667 774 724 818 ab
761 774 978 832 Episcopo
1005 788 1084 830 pro
1109 774 1400 818 monialibus.
1439 775 1566 828 Quod
1590 774 1723 819 si'ille
1755 775 1827 819 cui
1851 783 1944 820 mo-

150 857 288 902 nialis
320 856 603 915 regularibus
643 857 848 902 subiecta
892 855 1099 902 confiteri
1143 856 1297 916 cupit,
1347 871 1437 902 non
1471 857 1530 902 sit
1561 858 1942 916 ex'approbatis,

150 946 264 985 tunc
301 940 544 998 Episcopus
576 940 791 985 eumdem
825 942 1046 999 approbet
1083 945 1148 984 tot
1183 940 1402 995 vicibus,
1436 945 1548 1000 quot
1581 941 1798 999 expedire
1832 942 1943 986 iudi-

145 1024 343 1070 caverit.
382 1025 423 1082 5)
449 1027 582 1070 Posse
609 1024 877 1082 Episcopum
910 1025 1037 1069 iuxta
1065 1019 1303 1069 decretum
1328 1027 1499 1082 Congr.‘
1518 1027 1655 1070 Conc.
1683 1027 1807 1069 anno
1834 1026 1945 1070 1575

145 1121 175 1152 a
212 1109 426 1165 Gregorio
453 1112 548 1152 xlii
581 1108 902 1166 approbatum,
940 1107 1175 1165 assignare
1201 1109 1342 1152 semel
1370 1109 1446 1152 vel-
1465 1109 1632 1166 pluries
1667 1108 1943 1166 peculiarem

144 1192 489 1236 Confessarium
524 1195 618 1236 tam
651 1192 954 1244 saecularem,
991 1206 1129 1250 quam
1168 1192 1420 1249 regularem
1457 1193 1645 1237 alterius
1677 1193 1944 1237 o'rdiniseif-

150 1275 256 1319 dem
302 1274 487 1319 moniali
532 1275 811 1332 regularibus
851 1274 1110 1329 subiectae,
1169 1275 1412 1320 reluctanti
1458 1276 1665 1321 confiteri
1712 1276 1946 1321 ordinario

147 1359 453 1404 Confessario.
491 1360 532 1413 6)
562 1362 661 1402 Non
697 1371 794 1402 esse
828 1357 1125 1403 interdictum
1163 1358 1330 1416 pluries
1363 1359 1510 1402 etiam·
1537 1363 1674 1416 quam
1711 1359 1855 1403 tribus
1877 1361 1942 1404 vi-

148 1443 280 1487 cibus
315 1432 363 1486 in
395 1456 534 1496 anno,
571 1441 992 1486 extraordinarium
1029 1442 1200 1485 nedum
1235 1442 1466 1497 omnibus,
1492 1443 1568 1487 sed
1592 1443 1730 1487 etiam
1751 1444 1945 1501 singulis

152 1525 428 1570 monialibus
460 1525 648 1581 oll'erre,
686 1524 848 1569 sinon
883 1539 941 1569 ex
975 1525 1120 1569 animi
1157 1525 1375 1580 levitate,
1423 1525 1661 1584 il'eque“e.›<
1698 1527 1944 1572 indiscreta

146 1609 408 1654 allectionis
441 1610 757 1667 singularitate
792 1610 919 1653 illum
948 1614 1122 1667 petant,
1147 1610 1266 1668 quod
1293 1609 1546 1653 remittitur
1580 1610 1746 1655 iudicio
1774 1615 1825 1655 ‘et
1857 1611 1944 1655 dis-

145 1692 343 1737 cretioni
374 1693 698 1736 Praelatorum.
737 1694 778 1749 7)
803 1699 1125 1750 Quoscumque
1149 1692 1420 1749 Superiores
1436 1688 1664 1749 regulares
1696 1694 1842 1738 teneri
1879 1694 1944 1738 bis

144 1782 231 1818 -aut
264 1779 333 1819 ter
367 1775 410 1819 in
445 1789 567 1819 anno
591 1776 810 1833 deputare
837 1776 960 1821 hunc
984 1775 1399 1820 extraordinarium
1436 1776 1710 1820 monialibus
1733 1772 1821 1820 sibi
1840 1777 1943 1820 sub·-

150 1857 296 1913 iectis,
332 1858 406 1917 qui
441 1859 604 1903 saltem
638 1860 777 1904 semel
812 1859 859 1903 in
893 1873 1017 1903 anno
1053 1859 1110 1903 sit
1146 1871 1202 1902 ex
1234 1858 1365 1903 'Cle‘ro
1389 1859 1635 1914 saeculari,
1665 1863 1745 1903 aut
1775 1874 1830 1903 ex
1855 1860 1943 1904 alio

144 1941 307 1986 ordine
343 1942 553 2000 regulari,
593 1942 763 1988 tributa
798 1944 1018 1988 facultate
1046 1945 1276 2001 Episcopis
1313 1944 1551 2002 supplendi
1576 1936 1843 1989 eorumdem
1868 1945 1943 1989 de-

147 2025 342 2079 fectum,
378 2025 680 2082 appellatione
717 2031 908 2071 remota.
946 2029 989 2084 8)
1015 2026 1311 2072 ordinarium
1334 2028 1711 2082 confessarium,
1747 2029 1943 2073 durante

144 2106 543 2163 extraordinario,
589 2109 806 2154 accedere
848 2123 940 2154 non
978 2123 1104 2167 posse
1150 2110 1205 2153 ad
1240 2110 1578 2154 confessionei-'n
1620 2111 1940 2168 excipiendam

145 2190 481 2250 cuiuscumque
517 2191 636 2236 intra
674 2192 1005 2237 monasterium
1042 2197 1122 2237 aut
1158 2192 1280 2250 piam
1317 2193 1505 2238 domum
1535 2194 1764 2252 degentis,
1801 2195 1939 2240 etiam

150 2274 501 2329 SuperiOrissae,
530 2275 749 2330 novitiae,
770 2280 858 2320 etc.
885 2276 969 2320 sub
993 2276 1152 2334 poenis
1176 2276 1364 2320 arbilrio
1390 2270 1719 2333 l'raelatorum,
1745 2278 1940 2337 quorum

154 2355 363 2413 regimini
398 2357 674 2402 monasteria
719 2363 800 2402 aut
836 2356 936 2416 piae
967 2360 1129 2404 domus
1163 2359 1403 2404 subiectae
1429 2365 1551 2404 sunt.
1606 2361 1647 2416 9)
1678 2361 1942 2405 'Extraordi-

151 2439 299 2495 nario,
335 2428 433 2485 sive
466 2442 814 2498 communitati,
851 2442 949 2487 sive
972 2443 1106 2487 alicui
1133 2442 1177 2487 in
1206 2443 1484 2488 monasterio
1507 2444 1689 2501 degenti
1714 2435 1942 2501 'peculiari

146 2522 384 2580 deputato,
420 2524 603 2582 expleto
636 2525 721 2570 suo'
753 2523 964 2582 mu'ne're',
1002 2525 1302 2571 interdictum
1336 2518 1434 2571 esse
1467 2528 1791 2572 aceessum'a‘d
1816 2524 1940 2573 'idem

154 2606 498 2651 monasterium¹
529 2608 612 2651 sub
648 2608 804 2666 poe-nis
835 2608 891 2653 'in
928 2611 1200 2654 accedentes
1233 2610 1288 2654 ad
1324 2610 1570 2665 Moniales,
1616 2614 1672 2653 et>
1694 2622 1799 2655 cum
1836 2611 1964 2669 ipsis'

147 2695 484 2754 conversantes
515 2692 714 2737 statutis.
995 2694 997 2697 ’
1369 2695 1372 2699 ’
1541 2698 1544 2703 ’
1824 2700 1826 2702 ’

277 3051 595 3084 ΖιΤΕιῐΑι-ὃοιᾸῐ-ιιη.
623 3043 731 3085 -'11.
1268 3071 1271 3076 r
1498 3055 1501 3057 ’
1797 3057 1818 3087 6
