2176 3386
189 85 271 125 424
830 99 940 128 PARS
970 100 997 127 1.
1034 99 1091 128 DE
1119 99 1331 130 Pssnsoms

191 202 452 260 sectionem.
491 203 609 249 Hinc
641 204 696 250 ad
729 204 828 250 eius
876 205 1182 252 substantiam
1231 205 1584 271 tria-praedicta
1621 211 1730 254 vota
1778 208 1978 275 omnino

190 285 516 345 requiruntur;
553 301 739 333 necesse
772 292 931 333 tamen
965 303 1058 334 non
1092 292 1162 333 est
1193 293 1245 333 ut
1276 288 1369 334 sint
1400 288 1622 335 solemnia
1651 291 1682 335 ¹.

310 372 483 414 Horum
519 374 731 415 votorum
769 370 1069 430 nuncupatio,
1096 376 1147 415 ut
1179 375 1351 416 statum
1387 372 1641 434 regularem
1675 374 1730 418 ad
1766 378 1976 420 mentem

197 449 421 495 Ecclesiae
454 451 723 509 constituat,
748 455 1106 510 perpetuitatem
1131 454 1345 512 postulat.
1370 458 1656 513 Quapropter
1688 455 1901 501 Instituta
1924 456 1973 501 in

191 531 356 592 quibus
388 537 495 578 vota
538 539 754 594 perpetua
789 535 907 580 haud
957 537 1251 592 emittuntur,
1288 550 1380 582 non
1415 536 1479 581 uti
1516 537 1787 596 Religiones‚
1823 552 1978 599 neque

193 613 259 658 uti
291 615 486 661 Ordines
518 617 762 674 regulares,
788 618 863 662 sed
899 618 963 662 uti
999 619 1383 676 congregationes
1416 618 1651 677 religiosae
1682 623 1740 665 ab
1773 620 1973 665 Ecclesia

193 698 545 743 considerantur
576 714 629 744 ac
651 699 882 745 dicuntur.
925 701 1082 746 Tribus
1116 701 1331 759 praefatis
1360 701 1478 747 votis
1510 702 1754 762 aliquando
1787 717 1844 747 ex
1870 704 1980 747 fun-

192 780 403 826 datorum
437 782 532 827 zelo
565 783 653 828 alia
701 783 1007 839 adiiciuntur,
1042 799 1117 830 ex.
1154 799 1218 843 gr.
1256 785 1397 831 sacris
1446 785 1739 830 missionibus
1786 799 1975 844 operam

195 861 504 921 impendendi,
539 865 747 923 captivos
779 866 998 912 liberandi
1033 872 1121 913 etc.

313 949 534 992 Votorum
555 949 888 1007 nuncupationi
913 950 1260 996 candidatorum
1283 951 1497 997 admissio
1519 966 1572 997 ac
1595 952 1817 1010 probati0‚
1833 966 1976 1012 quam

196 1031 471 1074 noviliacum
520 1031 704 1088 dicunt,
750 1048 806 1077 ex
853 1033 1120 1079 'l'ridentino
1171 1034 1401 1093 praemitti
1450 1035 1673 1090 debent2‚
1709 1035 1763 1080 de
1810 1036 1981 1095 quibus

193 1112 382 1157 seorsim
416 1114 730 1160 disserendum
763 1121 846 1162 est.

313 1196 412 1241 555.
450 1198 574 1244 Circa
610 1199 959 1245 candidatorum
994 1201 1336 1257 admissionem,
1362 1202 1450 1246 duo
1476 1202 1659 1246 decreta
1692 1215 1798 1260 prae
1831 1200 1981 1245 oculis

193 1281 402 1326 habenda
439 1287 563 1337 sunt,
598 1297 622 1327 a
648 1285 744 1328 Sac.
771 1288 932 1342 Congr.
969 1298 1105 1343 super
1135 1289 1257 1330 statu
1288 1285 1578 1343 Regularium
1604 1284 1693 1329 lata
1726 1284 1797 1328 die
1830 1285 1976 1329 251a·

194 1364 342 1409 nuarii
372 1364 500 1421 1848,
525 1366 690 1425 quibus
723 1381 914 1412 normae
948 1368 1243 1413 stabiliuntur
1267 1369 1322 1413 ad
1357 1368 1706 1413 candidatorum
1739 1367 1974 1412 admissio-

195 1462 300 1493 nem
336 1448 421 1493 rite
455 1451 775 1508 peragendam.

314 1531 516 1577 Primum
552 1548 609 1584 ex
643 1533 766 1578 hisce
802 1534 962 1593 incipit
996 1538 1201 1580 Romani
1234 1536 1476 1594 Pontifices
1508 1539 1554 1580 et
1591 1533 1979 1593 praescribit‚ne—

194 1617 367 1662 minem
410 1618 464 1662 ad
499 1618 705 1663 habitum
741 1619 1001 1677 religiosum
1052 1619 1389 1665 admittendum
1436 1620 1535 1664 sine
1568 1619 1731 1664 litteris
1771 1617 1974 1662 testimo-

193 1698 389 1744 nialibus
419 1700 648 1746 Ordinarii
675 1705 889 1759 oriyinis,
919 1706 1017 1747 tum
1051 1702 1192 1747 etiam
1224 1701 1452 1747 Ordinarii
1485 1701 1589 1757 loci,
1616 1701 1662 1745 in
1695 1714 1785 1760 quo
1819 1703 1978 1745 Postu-

194 1782 307 1838 lans,
345 1787 444 1840 post
476 1785 711 1842 expletum
760 1785 991 1830 decimum
1027 1785 1239 1845 quintum
1289 1799 1465 1830 annum
1498 1783 1662 1830 aetatis
1694 1797 1819 1839 suae,
1856 1783 1976 1827 ultra

193 1880 368 1911 annum
394 1872 598 1913 moratus
632 1869 786 1925 fuerit,
812 1870 910 1914 sive
934 1875 1095 1927 agatur
1118 1870 1173 1914 de
1196 1868 1406 1914 domibus
1429 1873 1644 1913 votorum
1678 1866 1976 1922 solemnium,

193 1950 291 1994 sive
323 1950 617 2008 simplicium.
642 1955 692 1996 In
728 1952 850 1996 hisce
885 1951 1048 1996 litteris
1080 1952 1308 1997 Ordinarii
1343 1952 1512 1996 referre
1544 1950 1713 1995 debent
1745 1949 1798 1993 de
1822 1953 1977 2007 postu-

194 2033 331 2078 lantis
363 2034 607 2091 natalibus,
633 2040 801 2091 aetate,
831 2036 1047 2091 moribus,
1070 2035 1182 2091 vita,
1214 2037 1351 2091 fama,
1378 2034 1658 2089 conditione,
1684 2033 1977 2087 educatione,

193 2116 410 2174 scientia;
447 2132 505 2162 an
555 2119 614 2163 sit
646 2119 908 2178 inquisitus,
945 2121 1095 2179 aliqua
1144 2134 1354 2176 censura,
1391 2120 1726 2178 irregularitate
1774 2122 1854 2164 aut
1886 2118 1976 2163 alio

193 2200 416 2245 canonico
440 2201 771 2260 impedimento
805 2203 1025 2259 irretitus,
1051 2218 1155 2248 aere
1178 2204 1328 2248 alieno
1362 2207 1595 2262 gravatus,
1621 2203 1694 2248 vel
1719 2201 1979 2246 reddendae

192 2284 385 2329 alicuius
406 2285 820 2331 administrationis
856 2286 1024 2332 rationi
1048 2287 1288 2332 obnoxius.
1323 2291 1412 2331 Has
1434 2286 1610 2331 litteras
1642 2284 1981 2330 testimoniales

191 2367 420 2412 ordinarii
456 2383 622 2427 negare
657 2374 894 2429 nequeunt
927 2384 979 2415 ac
1015 2370 1213 2428 gratuito
1246 2371 1461 2428 expedire
1494 2373 1714 2415 tenentur
1735 2369 1765 2414 ⁸.

314 2477 322 2495 ¹
352 2477 385 2513 S.
414 2477 534 2513 TnoM.
564 2478 631 2514 2³.
658 2478 755 2521 2³0„
782 2489 815 2524 q.
845 2478 923 2521 186,
949 2485 1017 2515 art.
1046 2478 1079 2522 5,
1106 2479 1137 2522 4,
1164 2479 1197 2522 5,
1225 2479 1262 2523 6;
1292 2479 1447 2516 SUAREZ.
1474 2479 1530 2515 De
1555 2479 1656 2525 reliq.
1684 2479 1705 2515 l.
1732 2478 1765 2521 2,
1793 2488 1821 2514 c.
1850 2477 1905 2514 14.

310 2548 321 2566 ²
350 2548 443 2585 Sess.
472 2549 588 2591 XXV,
616 2558 693 2595 cap.
721 2549 790 2586 XV
817 2550 861 2586 de
887 2550 975 2595 Reg.

311 2620 323 2638 ³
349 2620 623 2658 Declarationes
650 2631 760 2667 super
786 2621 933 2658 decreto
961 2622 1116 2658 Romani
1141 2622 1327 2668 Pontifices
1354 2621 1447 2657 latae
1474 2630 1495 2656 a
1521 2621 1555 2658 S.
1577 2620 1613 2657 C.
1640 2630 1751 2666 super
1784 2623 1879 2656 statu
1907 2620 1979 2657 Re-

191 2692 376 2737 gularium
405 2692 435 2728 1.
464 2692 522 2728 An
549 2692 733 2729 sufficiant.
771 2693 1041 2730 testimoniales
1080 2693 1187 2730 datae
1215 2693 1261 2729 ab
1288 2692 1494 2729 ordinariis
1522 2702 1585 2738 per
1618 2692 1758 2728 litteras
1784 2689 1983 2737 privatas?

191 2764 298 2808 Resp.
326 2762 565 2800 Affirmative.
594 2784 636 2790 —
664 2764 696 2801 2.
723 2765 852 2801 Utrum
895 2763 1081 2801 sufficiant
1120 2764 1408 2807 testimoniales,
1437 2764 1475 2800 in
1512 2763 1647 2809 quibus
1678 2763 1860 2799 Ordinarii
1899 2772 1976 2799 non

190 2838 370 2871 testantur
398 2835 435 2871 in
463 2836 585 2881 specie
612 2836 656 2872 de
684 2836 728 2872 iis
757 2835 946 2878 omnibus,
976 2845 1071 2882 quae
1098 2836 1136 2871 in
1163 2836 1308 2872 decreto
1334 2836 1486 2872 Romani
1508 2835 1692 2881 Pontifices
1717 2834 1978 2881 praescribun-

190 2911 260 2950 tur,
287 2907 351 2943 sed
378 2907 568 2944 dumtaxat
602 2908 639 2943 in
665 2916 799 2953 genere
841 2907 1001 2944 referunt
1039 2907 1083 2944 de
1123 2906 1364 2952 qualitatibus
1390 2904 1646 2943 Postulantis?
1670 2906 1777 2952 Resp.
1804 2904 1978 2941 Affirma-

194 2979 277 3022 uve,
306 2979 369 3015 sed
397 2988 419 3015 a
445 2978 704 3024 Superioribus
733 2976 985 3024 Regularibus
1024 2981 1219 3015 serventur
1258 2977 1329 3013 alia
1355 2977 1400 3013 de
1427 2977 1503 3014 iure
1534 2977 1714 3014 servanda
1737 2976 1783 3013 ad
1809 2974 1982 3021 singulas
