2176 3386
708 8 714 13 =
755 14 759 18 -
779 0 1770 35 “vv&zm-wvwrgs’n-fvfwffffw*ww-v:
1822 0 1837 26 ῑ·
1862 0 2018 27 ’ἤτ’-νῖν
2031 0 2079 23 ν.
2098 0 2110 10 ⁴

785 184 914 212 Lmen
943 183 967 211 1.
999 180 1056 208 DE
1086 181 1282 213 ccl-:mas
1848 173 1925 214 201

260 291 463 337 Omnino
495 296 642 348 curet,
678 297 729 337 ut
771 292 1051 338 monitiones
1088 294 1342 338 canonicae
1384 298 1568 339 servata
1609 295 1755 339 forma
1795 295 1926 352 legali

143 376 462 421 adhibeantur.
502 380 702 421 Numero
735 376 875 434 igitur
909 376 1021 421 liant
1053 380 1171 432 tres,
1207 391 1287 422 sex
1332 378 1508 423 dierum
1550 378 1697 436 spatio
1740 380 1927 437 explen-
1987 398 1992 405 ·

143 459 243 514 dae,
280 460 365 504 hoc
397 464 482 513 est,
518 458 654 504 biduo
691 459 812 503 inter
845 473 984 502 unam
1020 463 1066 502 et
1098 460 1291 503 alteram
1326 460 1676 513 intercedente,
1712 466 1758 505 et
1792 461 1926 506 modo

145 545 195 585 ut
227 541 405 586 illarum
441 542 654 587 executio
688 556 746 587 ex
779 543 931 601 aliquo
963 547 1067 586 actn
1106 546 1273 600 pateat.
1325 543 1452 596 Quod
1486 542 1521 586 si
1559 543 1838 588 monitiones
1881 544 1926 588 in

145 623 324 668 irritum
368 624 561 679 cedant,
604 624 875 669 Ordinarius
915 625 1040 669 iubet
1085 639 1162 682 per
1203 624 1378 670 curiam
1431 625 1715 684 delinquenti
1774 627 1928 670 analo-

143 720 248 764 gum
284 711 577 764 praeceptum
614 707 836 761 intimari,
875 707 934 751 ita
971 714 1020 751 ut
1056 707 1100 752 in
1137 708 1221 752 lloc
1254 707 1527 765 explicetur,
1563 708 1682 766 quod
1718 708 1811 765 ipse
1856 709 1926 753 tel

145 791 293 834 facere
328 791 398 834 vel
437 790 582 834 vitare
625 791 804 846 debeat,
850 791 1000 836 addita
1046 792 1329 849 respectivae
1373 806 1545 848 poenae
1591 792 1928 836 ecclesiasticae

144 874 522 928 comminatione,
559 888 696 933 quam
733 875 766 918 si
805 880 1099 932 praecepium
1138 875 1516 932 transgrediatur,
1554 875 1774 919 incurret.

270 959 305 1001 l.
344 961 482 1002 Actus
515 957 816 1002 iniunctionis
852 958 1078 1015 praecepti
1114 958 1322 1015 signatur
1362 972 1385 1001 a
1432 958 1636 1016 partibus
1680 957 1927 1015 praesenti-

143 1043 242 1098 bus,
277 1046 324 1086 et
355 1058 378 1086 a
414 1042 709 1100 delinquente
743 1041 901 1095 etiam,
938 1042 972 1085 si
1012 1042 1134 1085 xvlit.
1184 1043 1225 1086 2.
1266 1042 1471 1086 vicarius
1513 1042 1750 1087 Generalis
1797 1042 1931 1085 iusiu-

146 1128 338 1173 randum
374 1127 566 1172 testibus
599 1127 834 1185 imponere
869 1131 1018 1185 potest
1050 1127 1104 1171 de
1138 1131 1315 1171 secreto
1349 1140 1441 1170 serx
1456 1127 1593 1182 ando,
1620 1126 1655 1170 si
1679 1127 1930 1185 prudenter

143 1225 166 1255 a
203 1210 263 1255 rei
301 1215 482 1264 natura,
518 1211 572 1255 de
606 1225 693 1269 qna
728 1210 894 1268 agitur,
934 1210 972 1253 id
1011 1210 1284 1269 requiratur.

263 1294 389 1347 Quod
424 1293 459 1337 si
493 1299 734 1337 accusatus
770 1308 824 1337 ne
860 1298 1152 1351 praeceptum
1187 1293 1370 1351 quidem
1406 1293 1635 1348 obserx‘et,
1672 1292 1827 1338 relicta
1857 1292 1928 1337 via

144 1377 493 1430 extraiudiciali,
531 1383 642 1422 tunc
675 1378 728 1421 ad
766 1390 1027 1435 processum
1064 1377 1321 1421 iudicialem
1355 1377 1695 1422 deveniendum
1722 1382 1804 1422 est.

584 1518 625 1560 b)
655 1538 698 1540 —
724 1517 782 1552 De
809 1517 930 1552 modo
953 1516 1201 1562 procedendi
1227 1517 1489 1552 Izulicz'aliter.

261 1629 362 1672 260.
404 1632 668 1672 l’rocessum
704 1627 964 1672 iudicialem
1005 1629 1250 1686 Episcopus
1285 1629 1511 1674 instruere
1551 1630 1716 1686 debet,
1754 1631 1826 1675 vel
1871 1630 1928 1675 ob

146 1712 539 1757 inobservantium
579 1711 822 1769 praecepti,
860 1711 932 1755 vel
967 1712 1023 1755 ob
1056 1726 1328 1757 communes
1364 1717 1542 1768 reatus,
1582 1714 1652 1757 vel
1687 1714 1744 1757 ob
1785 1714 1929 1757 eccle·

144 1796 430 1842 siasticarum
468 1798 616 1854 legum
654 1795 1082 1853 transgressionem,
1110 1811 1307 1856 eumque
1331 1797 1582 1842 summarie
1616 1802 1662 1842 et
1694 1797 1793 1842 sine
1817 1803 1927 1843 stre-

146 1881 238 1940 pitu
273 1880 502 1925 conficiat.

266 1969 502 2009 Processus
535 1979 592 2009 ex
626 1965 773 2009 ollicio
808 1964 1065 2020 instruitur,
1105 1965 1175 2007 vel
1210 1968 1399 2022 accepto
1431 1964 1619 2022 supplici
1664 1965 1812 2010 libello
1856 1964 1927 2009 vel

144 2047 452 2101 accusatione,
490 2048 560 2091 vel
598 2048 767 2092 nuncio
800 2061 982 2106 quoquo
1018 2047 1151 2091 modo
1185 2047 1240 2091 ad
1275 2047 1455 2092 Curiam
1493 2048 1682 2105 perlato,
1718 2052 1764 2093 et
1787 2062 1929 2108 usque

145 2131 198 2175 ad
226 2130 476 2175 terminum
513 2131 779 2188 perducitur
811 2145 863 2175 co
897 2130 1104 2184 consilio,
1142 2135 1192 2174 ut
1237 2130 1363 2175 omni
1399 2130 1549 2176 studio
1588 2146 1641 2176 ac
1686 2132 1929 2190 prudentia

147 2212 316 2257 veritas
347 2213 602 2270 detegatur,
638 2227 691 2257 ac
726 2219 823 2257 tum
858 2215 912 2257 de
946 2213 1158 2268 crimine,
1196 2218 1294 2257 tum
1329 2213 1383 2257 de
1418 2214 1580 2258 reitate
1607 2216 1677 2258 vel
1707 2214 1928 2259 innocen-

146 2297 206 2341 tia
239 2297 439 2342 accusati
474 2311 609 2341 cansa
644 2297 887 2356 eliqiwtur.

262 2384 409 2424 Instat
442 2380 579 2438 igitur
616 2384 886 2425 Procurator
920 2381 1120 2435 Fiscalis,
1157 2386 1207 2426 ut
1242 2395 1478 2440 processus
1511 2381 1791 2438 instruatur3
1832 2382 1929 2441 Epi-

145 2477 306 2521 scopus
338 2468 493 2508 autem
528 2464 606 2509 dat
638 2464 721 2524 ipsi
759 2465 1029 2510 mandatum
1064 2479 1250 2510 (eausam
1284 2466 1447 2523 agendi
1471 2470 1517 2510 et
1541 2479 1803 2524 processum
1828 2480 1928 2524 pro·

147 2548 376 2592 movendi.

263 2631 530 2690 Compilatio
566 2645 819 2689 processus.
839 2634 932 2689 (seu
961 2645 1197 2689 processus
1221 2632 1564 2689 informativus)
1597 2631 1829 2677 committi
1856 2646 1929 2689 po·

146 2718 235 2759 test
269 2715 405 2774 probo
438 2728 491 2759 ac
526 2714 670 2771 perito
706 2714 803 2759 viro
837 2714 1165 2770 ecclesiastico,
1201 2715 1274 2759 cui
1317 2715 1501 2760 assistat
1541 2715 1809 2770 Actuarius,
1851 2715 1928 2774 qui

107 2854 110 2856 v
146 2797 204 2842 sit
228 2797 536 2843 Cancellarius
567 2797 843 2843 dioeceseos.
894 2799 972 2842 Vir
1004 2797 1066 2843 ita
1109 2798 1355 2856 deputatus
1401 2798 1671 2844 nominatur
1720 2798 1926 2853 Auditor,

148 2879 219 2924 vel
251 2879 390 2925 etiam
427 2884 644 2926 Actorum
672 2881 911 2926 Redactor.

264 2963 306 3008 Si
340 2977 476 3008 causa
510 2968 672 3022 agatur
703 2965 758 3009 de
792 2964 992 3009 reatibus
1023 2956 1365 3021 communibus,
1400 2970 1480 3010 aut
1512 2966 1568 3011 de
1599 2966 1750 3023 legum
1785 2966 1928 3010 eccle-

147 3043 434 3091 siasticarum
468 3047 846 3105 transgressione,
886 3047 1241 3092 fundamentum
1268 3060 1521 3105 processus,
1548 3047 1577 3091 i.
1606 3061 1646 3092 e.
1674 3046 1790 3091 ratio
1817 3048 1930 3091 bene
