2176 3386
471 0 504 40 m*

499 203 627 232 LIBER
654 203 679 231 1.
714 202 771 231 DE
801 202 939 232 Ri-:Bus
967 203 1204 232 Eccm-:smss
1233 202 1560 232 SPIR1TUALIBUS
1846 193 1918 233 121

139 326 198 358 ex
231 326 285 358 eo
317 311 557 371 adquirere
589 308 1142 371 possint,‘praeterquam
1182 312 1239 356 ad
1271 325 1324 356 ea
1357 325 1474 370 quae
1506 311 1560 356 ad
1598 311 1773 356 victum
1813 315 1925 356 sunt

140 395 412 442 necessaria.
448 397 566 441 Hinc
598 400 693 440 tam
728 395 893 440 mulier
923 409 1061 454 quam
1097 395 1174 440 tilii
1208 410 1232 440 a
1266 395 1412 440 titulis
1444 398 1493 440 et
1522 394 1810 440 successione
1844 395 1924 440 bo-

140 493 305 524 norum
339 483 545 524 exsortes
577 482 700 523 sunt.

867 683 1098 712 ARTICULUS
1132 684 1192 713 ΙΙΙ.

434 823 497 864 De
528 820 867 866 conditionibus
898 823 1131 880 requisitis
1163 822 1227 866 ad
1259 824 1620 867 Matrimonium

733 904 888 949 valide
926 904 1320 949 contrahendum.

255 1061 356 1106 856.
394 1060 494 1105 'Pria
527 1061 582 1105 ad
617 1060 967 1105 matrimonium
1007 1059 1153 1106 valide
1187 1061 1555 1106 contrahendum
1592 1060 1919 1121 requiruntur:

146 1146 184 1201 l)
221 1149 274 1190 ut
305 1146 634 1190 contrahentes
665 1144 758 1190 sint
791 1145 992 1203 habiles;
1029 1147 1071 1203 2)
1106 1149 1157 1190 ut
1181 1160 1317 1190 verus
1348 1160 1401 1191 ac
1426 1151 1614 1190 mutuus
1647 1147 1924 1191 contrahen-

137 1230 254 1274 tium
290 1242 541 1274 consensus
575 1243 655 1288 per
679 1230 818 1274 verba
852 1229 907 1274 de
931 1230 1160 1288 praesenti
1185 1230 1500 1288 exprimatur3
1537 1231 1579 1285 5)
1607 1234 1658 1274 ut
1691 1230 1793 1275 talis
1816 1244 1925 1276 con-

139 1325 299 1356 sensus
333 1316 589 1370 praestetur
632 1326 784 1357 coram
832 1313 1034 1357 Paroclio
1067 1327 1119 1356 ac
1153 1313 1361 1357 testibus.
1417 1317 1475 1357 De
1510 1312 1655 1371 prima
1698 1328 1750 1358 ac
1788 1313 1922 1358 tertia

139 1395 404 1440 conditione
438 1395 483 1439 in
519 1396 652 1440 titulo
675 1396 729 1440 de
754 1395 1096 1453 impedimentis
1119 1397 1443 1454 tractabimus3
1481 1397 1554 1442 hic
1578 1397 1716 1455 igitur
1738 1398 1792 1442 de
1816 1412 1924 1442 con-

140 1477 276 1526 sensu
313 1485 494 1525 tantum
530 1481 844 1526 disserendum
879 1487 961 1526 est.

258 1565 360 1609 857.
399 1568 534 1609 Porro
568 1578 819 1610 consensus
866 1566 920 1609 ad
965 1565 1315 1611 matrimonium
1368 1565 1613 1624 requisitus
1660 1564 1794 1610 debet
1827 1579 1925 1610 esse

138 1661 290 1703 verus,
328 1648 429 1692 talis
461 1651 615 1692 autem
652 1647 961 1705 praesumitur
995 1648 1039 1692 in
1076 1649 1173 1693 foro
1207 1652 1418 1703 externo,
1445 1648 1531 1692 nisi
1569 1648 1784 1706 probetur
1816 1662 1926 1693 con-

138 1730 358 1788 trarium3
409 1731 544 1776 debet
590 1745 687 1776 esse
739 1732 869 1789 plene
918 1733 1227 1787 deliberatus,
1265 1737 1311 1777 et
1343 1733 1472 1790 signo
1509 1733 1661 1792 aliquo
1704 1733 1922 1778 exteriori

138 1830 394 1874 empressus.
432 1819 585 1860 Potest
617 1819 773 1861 autem
807 1817 946 1861 etiam
982 1831 1061 1875 per
1094 1822 1439 1875 procuratorem
1464 1816 1678 1874 exprimi.
1720 1816 1927 1876 Requiri-

139 1902 215 1942 tur
258 1902 415 1943 tamen
469 1899 507 1951 l)
544 1902 595 1942 ut
630 1904 896 1956 procurator
933 1901 988 1945 ad
1028 1902 1111 1945 hoc
1160 1901 1326 1946 habeat
1376 1902 1646 1946 mandatum
1696 1901 1920 1959 speciale;

138 1983 180 2035 2)
218 1985 269 2025 ut
303 1986 570 2039 procurator
606 1981 745 2026 alium
781 1982 863 2027 sibi
900 1997 991 2028 non
1026 1984 1304 2039 substituat,
1343 1984 1426 2028 nisi
1464 1985 1549 2030 hoc
1581 1983 1621 2028 ei
1655 1983 1714 2028 sit
1751 1984 1922 2042 specia-

139 2065 243 2110 liter
276 2065 570 2124 permissum,
607 2066 649 2122 5)
677 2069 726 2110 ut
750 2070 1018 2123 procurator
1049 2071 1297 2126 antequam
1333 2067 1636 2122 contraxerit,
1665 2082 1755 2112 non
1786 2069 1925 2113 fuerit

137 2163 163 2193 a
197 2148 384 2193 domino
418 2153 681 2194 revocatus:
719 2148 887 2208 alioqui
912 2149 1259 2194 matrimonium
1297 2151 1472 2195 nullum
1507 2155 1592 2207 est,
1626 2151 1804 2196 etiamsi
1829 2156 1924 2196 tam

140 2229 233 2287 ipse
266 2245 402 2290 quam
444 2244 546 2288 pars
587 2245 785 2290 quacum
836 2231 1099 2285 contrahit,
1138 2232 1482 2277 revocationem
1532 2232 1726 2290 ignoret.
1782 2234 1922 2278 Debet

139 2316 372 2371 praeterea
405 2326 657 2358 consensus
689 2327 786 2359 esse
820 2314 932 2358 liber
962 2329 987 2359 a
1021 2315 1258 2360 coactione
1291 2329 1370 2360 seu
1406 2319 1532 2360 metu
1566 2316 1708 2373 gravi.
1750 2316 1924 2362 Sufficit

138 2398 296 2440 autem
320 2409 570 2442 consensus
593 2396 952 2452 conditionatus,
979 2398 1015 2442 si
1039 2398 1241 2443 conditio
1276 2398 1479 2456 apposita
1513 2398 1572 2442 sit
1594 2399 1648 2443 de
1674 2401 1922 2457 praesenti,

140 2478 214 2523 vel
247 2478 300 2522 de
336 2479 598 2536 praeterito,
624 2494 767 2539 eaque
791 2481 1023 2536 subsistat,
1048 2481 1325 2526 subsistente
1359 2482 1484 2526 euim
1508 2482 1790 2539 conditione,
1816 2498 1926 2528 con-

137 2574 299 2606 sensus
330 2562 678 2621 aequivalenter
710 2569 778 2607 est
810 2563 1060 2608 absolutus.
1098 2564 1140 2608 Si
1173 2569 1328 2609 autem
1364 2564 1566 2609 conditio
1599 2565 1657 2609 sit
1689 2565 1923 2610 defuturo

139 2644 452 2702 contingenti,
498 2645 792 2703 suspenditur
827 2647 953 2691 valor
1003 2647 1314 2702 matrimonii,
1352 2661 1493 2707 usque
1542 2649 1596 2692 ad
1646 2648 1925 2693 conditionis

139 2730 379 2783 eventum,
404 2742 540 2787 quem
568 2733 784 2773 tenentur
805 2730 1133 2775 contrahentes
1155 2735 1416 2788 expectare.
1457 2730 1496 2776 si
1521 2731 1723 2776 conditio
1747 2731 1923 2777 adiecta

140 2815 363 2869 repugnet
403 2815 597 2856 naturae
638 2816 719 2856 aut
760 2811 839 2856 fini
874 2813 1158 2858 matrimonii
1194 2813 1375 2858 irritum
1410 2818 1479 2859 est
1511 2815 1863 2859 matrimonium
1890 2816 1919 2859 ¹.

138 2892 183 2938 Si
217 2899 372 2938 autem
422 2893 625 2939 conditio
671 2895 848 2940 adiecta
895 2910 985 2940 non
1034 2901 1257 2954 repugnet
1306 2902 1498 2941 naturae
1535 2901 1615 2941 aut
1652 2897 1731 2942 tini
1767 2898 1924 2942 matri-

259 3072 267 3092 ¹
297 3073 347 3110 Gt,
374 3082 454 3119 cap.
482 3074 515 3111 Si
541 3074 756 3112 conditiones
781 3075 825 3111 de
852 3075 962 3112 cond.
989 3086 1076 3122 app.
