2176 3386
1313 0 1379 29 ''³5“
1384 0 1411 25 Ξῖ
1434 0 1607 42 &fik-Q
1621 0 1663 27 ⁸(
1669 0 2017 30 ‘'*·W·.'c-⁷5.‘³'*<ffl<

550 199 679 228 Lmen
708 200 732 228 1.
764 199 819 228 DE
850 199 987 228 nanus
1017 198 1253 228 eccmsme
1281 199 1610 229 SPIRITUALIBUS
1923 194 1974 234 77

186 307 318 353 dium,
346 309 390 352 S.
420 310 465 353 C.
502 307 557 351 de
592 306 884 365 propaganda
921 305 1024 351 Fide
1059 306 1103 351 in
1137 305 1328 364 epistola
1361 306 1543 363 clausa,
1585 307 1773 352 nomina
1808 309 1972 356 sollici-

189 390 386 435 tantium
416 408 453 434 n.
491 392 708 434 Summus
742 402 851 438 ,vero
886 388 1098 434 Pontifex
1134 393 1219 434 Leo
1251 391 1370 445 xtn,
1406 390 1452 434 in
1489 375 1731 442 Audientia
1764 391 1967 439 eiusdem

189 471 329 517 feriae
351 487 406 518 ac
426 472 532 527 diei,
558 472 795 517 decretum
822 472 1037 517 Emorum
1066 475 1248 516 Patrum
1273 471 1546 530 approbavit
1577 477 1624 517 et
1649 474 1839 531 petitam
1863 488 1971 520 con-

186 556 324 600 cessit
356 554 692 599 extensionem.

309 709 547 755 Privilegiuin
575 714 699 746 tamen
725 714 779 746 est
809 711 846 746 in
872 711 994 747 causis
1020 720 1114 756 quae
1150 711 1392 747 instituuntur
1421 711 1468 747 de
1496 712 1649 747 crimine
1685 711 1973 756 sollicitationis,

186 782 297 829 quod,
327 786 365 818 ut
391 782 602 827 plurimum,
628 782 779 818 remotis
805 782 952 819 arbitris
981 788 1123 819 secreto
1151 787 1391 828 perpetratur,
1411 789 1448 820 ut
1466 784 1512 820 ad
1539 784 1687 829 plenam
1715 785 1970 830 probationem

190 854 393 891 faciendam
414 855 652 892 admittantur
677 855 788 891 etiam
815 854 1068 891 attestationes
1094 855 1302 901 singulares
1329 856 1526 893 mulierum
1546 857 1602 893 vel
1622 857 1783 894 virorum
1811 858 1855 894 de
1874 859 1970 896 facto

188 926 334 973 proprio
375 926 702 970 denunciantium,
731 927 930 963 dummodo
971 931 1093 963 tamen
1129 937 1324 964 numerum
1363 928 1475 964 trium
1502 937 1743 973 personarum
1774 930 1973 976 attingant.

121 1010 124 1015 ¹
188 998 406 1035 Huiusmodi
433 998 739 1035 denunciationes
768 998 831 1034 tibi
866 1004 1052 1045 tamquam
1089 999 1276 1045 Superiori
1307 999 1599 1037 iurisdictionem
1639 1001 1789 1037 habenti
1828 1007 1970 1039 secreto

183 1070 315 1106 deferri
343 1070 488 1114 debent,
514 1079 633 1116 neque
659 1071 706 1107 ab
734 1070 858 1116 aliquo
886 1071 1005 1107 omitti
1033 1075 1189 1116 possunt
1216 1071 1358 1116 absque
1385 1071 1495 1117 culpa
1521 1071 1660 1108 lethali.

304 1142 374 1179 Sed
401 1151 507 1187 cum,
537 1143 571 1177 in
598 1152 744 1179 summa
771 1142 984 1180 difficultate
1013 1143 1186 1180 itinerum
1214 1144 1251 1180 in
1280 1144 1335 1179 liis
1361 1144 1600 1188 regionibus,
1631 1145 1701 1181 fere
1740 1145 1970 1191 impossibile

185 1214 253 1249 erit
280 1217 319 1249 ut
348 1223 524 1258 personae
552 1213 768 1250 sollicitatae
795 1214 840 1250 ad
868 1219 966 1250 tuam
993 1214 1219 1251 audientiam
1245 1215 1434 1258 accedant,
1454 1220 1492 1252 ut
1518 1216 1585 1251 rite
1613 1215 1775 1252 deferant
1801 1227 1888 1254 suas
1907 1217 1970 1253 de-

186 1286 453 1328 nunciationes‚
481 1291 567 1322 tunc
595 1286 660 1322 tibi
689 1287 908 1332 permissum
935 1287 1002 1322 erit
1028 1287 1197 1333 delegare
1224 1288 1269 1324 ad
1295 1298 1359 1324 eas
1385 1288 1628 1334 recipiendas,
1655 1289 1765 1325 modo
1794 1294 1832 1326 ut
1860 1300 1971 1336 supra

184 1358 388 1400 enuntiato,
416 1358 575 1403 aliq-„em
620 1358 852 1394 Sacerdotem
882 1358 1057 1404 probatae
1084 1358 1180 1403 fidei,
1207 1359 1268 1404 qui
1298 1363 1421 1395 tamen
1448 1368 1524 1395 non
1550 1360 1595 1395 sit
1624 1360 1668 1396 de
1697 1360 1776 1405 ipsa
1795 1360 1969 1398 sollicita-

187 1429 285 1464 tione
312 1428 370 1464 vel
397 1433 588 1474 suspectus
617 1428 672 1466 vel
700 1429 956 1478 denunciatus.

302 1501 475 1546 Acceptis
503 1511 567 1546 per
593 1506 649 1542 te,
682 1510 754 1536 uno
782 1500 838 1536 vel
864 1500 978 1536 altero
1005 1500 1138 1543 modo,
1166 1501 1540 1543 denunciationibus‚
1568 1511 1662 1546 quae
1701 1509 1848 1547 semper
1887 1511 1969 1538 esse

182 1570 318 1606 debent
348 1570 553 1606 iuramento
581 1570 756 1613 firmatae,
784 1580 912 1607 earum
939 1571 1096 1617 pondus,
1122 1571 1317 1616 qualitates
1343 1575 1379 1607 et
1406 1572 1704 1608 circumstantias
1730 1573 1826 1609 serio
1853 1577 1889 1608 et
1910 1582 1967 1608 ac-

182 1647 308 1680 curate
350 1643 556 1689 perpendas
590 1652 744 1679 necesse
770 1647 836 1685 est,
864 1648 897 1679 et
918 1644 1132 1689 praesertim
1161 1643 1272 1680 ullam
1299 1654 1424 1680 curam
1452 1655 1528 1680 non
1555 1646 1821 1690 praetermittes
1842 1649 1881 1682 ut
1900 1646 1967 1683 tibi

184 1719 417 1762 perspectum
445 1720 480 1750 et
506 1715 737 1760 exploratum
767 1715 1042 1766 wadan-quod
1080 1716 1252 1752 mulieres
1281 1716 1338 1752 vel
1366 1717 1432 1753 viri
1465 1717 1731 1754 denunciantes
1767 1718 1838 1754 sint
1879 1718 1968 1755 boni

183 1787 368 1830 nominis,
397 1797 514 1833 neque
541 1787 586 1823 ad
627 1787 878 1824 accusandum
906 1788 961 1825 vel
988 1789 1096 1832 odio,
1125 1789 1180 1825 vel
1208 1790 1425 1832 inimicitia,
1451 1790 1508 1826 vel
1535 1790 1607 1826 alio
1636 1791 1798 1828 humano
1836 1791 1969 1829 affectu

184 1860 424 1896 adducantur.
452 1859 601 1905 Oportet
628 1860 726 1896 enim
753 1866 792 1897 ut
821 1865 930 1898 testes
957 1861 1169 1898 huiusmodi
1197 1862 1402 1908 singulares
1430 1863 1476 1899 ab
1503 1863 1677 1901 omnibus
1704 1865 1855 1910 privatis
1882 1864 1970 1901 alfe-

180 1932 368 1969 ctionibus
394 1932 467 1968 sint
494 1932 689 1974 immunes
720 1936 757 1968 ut
785 1933 875 1978 ipsis
902 1933 1044 1979 integra
1071 1933 1161 1970 fides
1188 1934 1317 1971 haberi
1346 1936 1472 1980 possit.

302 2004 521 2040 praemissis
550 2004 616 2046 his,
635 2009 670 2041 et
692 2005 816 2041 audito
839 2015 899 2041 reo
921 2016 964 2043 eo
985 2006 1094 2042 modo
1122 2016 1195 2052 quo
1223 2008 1416 2043 commode
1444 2008 1522 2044 fieri
1551 2009 1695 2054 poterit,
1716 2010 1758 2052 si,
1777 2020 1822 2046 ex
1850 2011 1969 2047 omni-

186 2075 254 2111 bus
282 2075 347 2111 rite
374 2080 406 2111 et
435 2081 605 2112 accurate
633 2076 838 2121 perpensis⁷
866 2076 931 2112 tibi
958 2077 1046 2113 satis
1074 2082 1268 2123 perspecta
1293 2078 1423 2114 evadat
1450 2079 1604 2116 admissi
1631 2080 1794 2116 criminis
1821 2083 1967 2127 veritas,

185 2153 272 2185 tunc
298 2148 446 2185 demum
474 2149 611 2194 poteris
637 2149 808 2185 devenire
836 2149 880 2184 ad
910 2148 960 2185 illi
1001 2149 1294 2186 interdicendum
1322 2151 1359 2186 in
1386 2156 1604 2196 perpetuum
1638 2162 1684 2188 ne
1710 2153 1966 2191 confessiones

179 2219 350 2264 excipiat,
378 2219 627 2256 subtrahendo
657 2229 786 2256 omnes
811 2224 847 2255 et
874 2229 1127 2266 quascumque
1163 2221 1355 2259 facultates
1384 2222 1421 2257 in
1450 2222 1483 2258 id
1510 2223 1674 2260 muneris
1709 2223 1828 2260 eidem
1855 2225 1966 2262 etiam

183 2299 246 2335 per
272 2289 532 2335 quodcumque
560 2290 815 2335 privilegium,
843 2290 899 2326 vel
926 2291 1035 2327 etiam
1063 2291 1110 2327 ab
1138 2291 1216 2337 ipsa
1245 2293 1278 2329 S.
1307 2292 1399 2328 Sede
1428 2293 1643 2338 impertitas.
1670 2295 1876 2339 Praeterea,
1904 2296 1966 2332 de-

180 2360 320 2397 clarare
348 2361 484 2406 poteris
509 2361 680 2397 eumdem
709 2371 812 2397 reum
839 2362 1042 2399 obnoxium
1080 2372 1161 2399 esse
1200 2363 1330 2399 ceteris
1357 2365 1488 2409 poenis
1529 2365 1794 2411 spiritualibus}
1812 2366 1849 2402 in
1876 2367 1971 2403 Con-

181 2430 459 2474 stitutionihus‚
485 2437 521 2467 et
547 2432 759 2477 praesertim
789 2433 824 2468 in
853 2432 1082 2479 Gregoriana
1108 2434 1275 2478 sancitis;
1302 2434 1369 2470 tibi
1397 2444 1546 2481 quoque
1574 2435 1628 2472 fas
1659 2436 1725 2472 erit
1753 2436 1856 2473 illum
1883 2447 1967 2473 sus-

181 2503 340 2550 pendere
367 2513 388 2540 a
414 2505 642 2541 sacrosancti
670 2505 847 2543 sacrificii
875 2506 1133 2544 celebratione.

301 2575 393 2611 Cum
420 2585 505 2612 vero
531 2576 791 2613 difficillimum
818 2586 906 2614 sane
932 2578 1013 2621 erit,
1040 2578 1078 2614 in
1104 2578 1160 2615 his
1188 2584 1260 2615 tam
1287 2579 1426 2616 dissitis
1454 2584 1488 2616 et
1515 2580 1712 2626 disparatis
1734 2581 1963 2626 regionibuS,

182 2646 272 2683 haec
300 2646 424 2682 omnia
448 2646 676 2685 adamussim
704 2657 869 2692 servare,
897 2653 930 2686 et
958 2659 1062 2692 cum,
1090 2650 1120 2686 si
1147 2650 1273 2696 aliqua
1297 2661 1343 2687 ex
1371 2652 1427 2687 bis
1455 2652 1696 2694 omittantur,
1725 2653 1864 2689 iustitia
1890 2662 1966 2689 non

182 2719 342 2764 patiatur
369 2723 406 2756 ut
433 2729 572 2765 poenae
602 2720 816 2766 infligantur
851 2721 1028 2759 adversus
1055 2732 1139 2760 reos
1165 2723 1208 2759 de
1235 2733 1394 2769 quorum
1434 2724 1588 2760 crimine
1616 2724 1678 2760 tali
1710 2730 1817 2770 pacto
1844 2725 1965 2762 adhuc

179 2787 407 2826 sufficienter
434 2799 508 2826 non
533 2794 689 2834 constat,
718 2795 803 2828 tunc
831 2791 1037 2829 consultius
1063 2793 1217 2831 fortasse
1243 2803 1345 2840 ages,
1365 2794 1396 2831 si
1415 2795 1454 2830 in
1473 2794 1686 2831 huiusmodi
1713 2795 1835 2831 causis
1861 2800 1966 2831 extra

182 2861 308 2898 iudicii
337 2861 505 2898 ordinem
531 2862 720 2908 procedas,
749 2863 795 2899 ad
822 2864 1090 2901 occurrendum
1117 2869 1217 2901 tanto
1243 2865 1340 2902 malo
1367 2866 1502 2902 mediis
1530 2871 1566 2902 et
1590 2865 1710 2902 modis
1728 2866 1848 2912 magis
1874 2866 1965 2904 faci—

183 2933 278 2970 libus
305 2937 340 2970 et
367 2934 559 2980 expeditis,
586 2944 680 2981 quos
712 2935 778 2971 tibi
806 2940 978 2983 suggeret
1006 2936 1043 2972 in
1068 2937 1218 2974 casibus
1246 2937 1528 2982 particularibus
1569 2941 1631 2974 tua
1659 2943 1854 2983 perspecta
1879 2948 1963 2984 pru-

179 3003 305 3041 dentia
333 3013 418 3041 cum
443 3007 648 3042 animarum
674 3005 753 3042 zelo
782 3006 1002 3051 coniuncta,
1030 3011 1066 3043 et
1091 3016 1180 3044 cura
1205 3016 1315 3054 quam
1342 3008 1455 3045 debes
1483 3008 1618 3044 habere
1649 3009 1885 3054 praecipuam
1918 3008 1962 3045 de

180 3076 434 3113 conservanda
459 3087 549 3123 pace
573 3083 609 3115 et
635 3077 833 3114 concordia
868 3079 962 3115 inter
996 3078 1192 3126 Operarios
1226 3079 1469 3126 apostolicos,
1497 3080 1711 3126 praesertim
1742 3081 1876 3118 diversi
1905 3081 1964 3118 In-

181 3146 298 3183 stituti
326 3149 362 3184 ot
386 3147 559 3184 nationis.
992 3151 994 3154 ’
