2176 3386
362 0 366 4 ,
387 0 459 12 ,ἣν
535 0 542 3 .
600 0 602 5 ,
632 7 634 10 ,
754 0 765 10 ,,
783 0 827 18 q,
863 0 907 29 ἣν
922 0 990 29 Ὗς,
1010 0 1101 18 ww.
1117 0 1291 29 „ww-

202 175 282 215 376
764 162 771 170 ’
846 187 956 218 PARS
985 189 1010 217 1.
1041 189 1098 217 DE
1126 188 1340 218 pensoms

204 293 250 338 in
288 294 578 340 Monasteriis
609 298 690 339 aut
724 294 933 340 Ecclesiis
965 294 1012 340 in
1046 294 1371 340 commendam
1413 298 1494 340 aut
1531 295 1982 343 administrationem

203 376 364 422 iisdem
396 378 593 434 traditis,
627 378 725 423 sive
759 378 806 422 in
839 377 986 422 tribus
1019 376 1266 423 maioribus
1306 377 1435 422 Urbis
1477 377 1677 423 Basilicis
1718 378 1794 423 ubi
1829 378 1983 425 Archi-

205 461 573 519 presbyteratum
609 460 836 516 obtinent,
872 460 969 506 sive
993 460 1191 520 denique
1227 460 1289 518 (vi
1323 460 1532 519 specialis
1564 460 1746 517 indulti,
1771 462 1891 521 quod
1913 477 1983 507 or·

204 543 382 588 dinario
415 543 600 599 habent)
638 545 685 588 in
722 542 919 588 Ecclesia
943 542 1199 589 Cathedrali
1232 557 1370 602 quam
1403 543 1686 588 dimiserint:
1722 547 1768 588 et
1800 544 1983 604 quidem

205 626 253 671 in
286 631 534 685 postrema,
568 627 605 672 si
638 627 694 671 ad
727 627 876 685 plures
909 626 1166 672 successive
1200 627 1410 672 translati
1446 628 1618 672 fuerint
1641 629 1670 672 ¹.

323 711 369 768 9)
410 709 700 768 Privilegium
742 709 1048 754 transferendi
1091 709 1137 755 in
1179 709 1292 755 alios
1333 723 1437 755 suas
1481 709 1724 768 pensiones
1756 723 1898 769 usque
1929 710 1986 755 ad

206 807 434 838 summam
484 797 768 837 scutatorum
819 792 940 838 mille
982 793 1120 837 etiam
1167 793 1212 837 in
1251 793 1411 838 mortis
1442 793 1660 849 articulo,
1696 793 1828 852 idque
1872 796 1986 837 nutu

206 876 346 921 etiam
381 881 427 920 et
459 875 615 934 signis,
650 876 855 934 exceptis
899 876 1217 934 pensionibus,
1252 890 1368 936 quae
1401 877 1680 921 constitutae
1723 876 1817 920 sint
1853 889 1989 933 super

207 959 604 1005 distributionibus
635 960 914 1020 quotidianis
947 961 1125 1018 proprie
1158 960 1348 1017 talibus;
1385 960 1544 1020 hisque
1577 960 1763 1018 insuper
1783 959 1984 1017 legibus:

211 1045 249 1102 1)
287 1047 338 1088 ut
386 1043 573 1102 pensio,
608 1058 726 1102 quae
765 1044 1067 1099 transfertur,
1106 1057 1196 1088 non
1236 1044 1429 1089 excedat
1474 1043 1709 1088 dimidiam
1755 1044 1988 1087 fructuum

209 1131 386 1185 partem
420 1126 630 1172 beneficii
664 1127 737 1172 cui
772 1126 982 1184 imposita
1015 1130 1109 1183 est3
1145 1128 1186 1183 Ξ)
1224 1131 1275 1170 ut
1306 1126 1545 1172 translatio
1579 1140 1671 1171 non
1700 1125 1779 1171 fiat
1800 1125 1989 1171 consilio

208 1209 403 1254 aliorum
437 1209 745 1254 cardinalium
771 1209 802 1254 ².

328 1293 372 1349 Ιι)
413 1293 642 1338 ludultum
680 1293 875 1337 testandi
913 1293 964 1350 (si
997 1298 1155 1338 tamen
1190 1294 1386 1351 petatur)
1423 1293 1478 1338 de
1512 1293 1597 1337 illis
1630 1291 1776 1347 bonis,
1807 1292 1860 1335 dc
1893 1290 1990 1350 qui-

210 1377 292 1421 bus
324 1378 435 1421 alias
468 1376 626 1421 testari
661 1391 751 1420 non
788 1382 987 1434 possent,
1025 1377 1140 1421 idest
1171 1377 1225 1421 de
1249 1377 1380 1421 bonis
1413 1378 1653 1422 occasione
1677 1375 1991 1420 cardinalatus

210 1460 460 1520 acquisitis,
495 1464 575 1504 aut
609 1460 777 1505 intuitu
802 1461 1004 1506 eiusdem
1039 1460 1275 1519 diguitatis
1311 1463 1420 1518 (non
1445 1460 1628 1519 quidem
1654 1461 1888 1518 personae)
1915 1457 1991 1502 do-

214 1545 348 1600 natis,
384 1550 482 1589 tum
519 1545 564 1588 in
599 1545 748 1602 specie
783 1546 892 1602 (non
927 1545 1037 1589 item
1073 1545 1119 1589 in
1154 1544 1303 1603 specie
1338 1544 1584 1602 petendum
1618 1545 1702 1600 est)
1739 1543 1793 1587 de
1816 1542 1993 1600 suppel-

211 1630 361 1674 lectile
384 1644 436 1675 ac
460 1629 741 1687 paramentis
763 1628 1100 1684 ecclesiasticis,
1126 1628 1288 1687 quibus
1312 1629 1408 1673 sive
1435 1628 1478 1672 in
1503 1627 1711 1686 Cappella
1737 1624 1989 1678 pontificia,

211 1715 309 1759 sive
344 1713 389 1758 in
425 1714 602 1772 propria
645 1714 711 1757 uti
746 1716 1103 1758 consueverunt.
1146 1712 1302 1766 Quoad
1347 1712 1458 1756 baec
1490 1715 1644 1756 autem
1689 1708 1863 1754 indulta
1906 1708 1993 1751 tria

211 1798 624 1843 animadvertenda
657 1802 789 1842 sunt:
839 1799 877 1855 1)
911 1798 1030 1857 quod
1063 1812 1087 1842 a
1124 1797 1326 1854 priorum
1361 1797 1585 1840 bonorum
1619 1794 1762 1839 classe
1795 1793 1993 1838 annulus

212 1883 528 1928 cardinalitius
575 1882 724 1940 excipi
770 1883 907 1937 solet,
943 1896 1020 1927 seu
1069 1883 1166 1927 loco
1201 1880 1319 1925 illius
1361 1884 1486 1925 certa
1530 1877 1750 1937 pecuniae
1783 1890 1990 1922 summa:

213 1967 255 2023 2)
289 1966 408 2025 quod
440 1966 496 2010 de
530 1965 779 2024 posteriore
812 1965 969 2009 testari
1003 1963 1265 2010 Cat-dinales
1296 1963 1465 2007 debent
1499 1963 1656 2006 favore
1688 1959 1892 2007 alicuius
1915 1963 1993 2004 Ec·

213 2049 377 2094 clesiae
412 2050 484 2094 vel
525 2049 609 2094 loci
645 2048 731 2107 pii,
767 2048 978 2094 oratoriis
1011 2047 1202 2106 privatis
1234 2045 1457 2090 exclusis:
1507 2045 1548 2101 5)
1585 2044 1705 2104 quod
1737 2057 1897 2088 eorum
1931 2047 1994 2086 te-

213 2136 444 2177 stamenta
477 2131 616 2177 etiam
651 2133 749 2176 sine
784 2133 873 2176 ulla
906 2130 1197 2176 solemnitate
1233 2130 1405 2184 valent,
1441 2127 1689 2172 dummodo
1722 2127 1776 2170 de
1801 2124 1996 2171 veritate

214 2230 372 2261 eorum
411 2215 661 2260 voluntatis
693 2214 975 2259 sufficienter
1007 2218 1188 2258 constet
1210 2213 1240 2257 ³.

336 2299 556 2358 Denique,
582 2299 700 2358 quod
735 2298 781 2342 iu
815 2296 1031 2342 humanis
1052 2301 1315 2341 extremum
1349 2298 1433 2350 est,
1469 2295 1665 2338 honores
1696 2292 1752 2337 ad
1785 2290 1996 2336 Cardina-

215 2382 327 2426 lium
353 2383 491 2426 funus
511 2386 774 2440 spectantes
797 2380 832 2425 si
856 2380 958 2440 quis
987 2393 1120 2424 nosse
1144 2379 1314 2437 cupiat,
1345 2378 1479 2422 adeat
1510 2376 1676 2421 Bened.
1705 2376 1819 2429 XlV,
1842 2376 1994 2419 Const.

221 2467 554 2522 Praecipawn,
595 2466 610 2508 l
654 2469 756 2509 Dec.
798 2465 922 2509 1745.

339 2633 346 2651 ¹
375 2633 524 2668 PLATUs
550 2643 615 2668 seu
642 2632 734 2668 TmA
761 2631 783 2667 l.
811 2641 842 2667 c.
870 2640 892 2666 a
916 2639 951 2666 n.
977 2630 1024 2666 95
1050 2629 1096 2665 ad
1123 2628 1200 2671 155,
1229 2628 1289 2665 ubi
1319 2627 1445 2664 confer
1470 2628 1592 2663 const.
1619 2626 1755 2662 Rauen.
1784 2624 1880 2667 XIV,
1900 2624 2000 2660 Sicut

219 2705 432 2750 accepimus,
462 2703 564 2741 1741.

339 2775 351 2794 ²
378 2776 528 2812 PLATus
555 2785 589 2811 n.
616 2774 672 2817 85,
699 2784 776 2820 seq.

340 2847 352 2867 ³
378 2848 526 2884 PLATus
553 2847 575 2883 l.
602 2857 632 2883 c.
659 2857 680 2883 a
698 2856 735 2882 n.
767 2846 833 2882 154
860 2846 905 2882 ad
933 2845 1016 2887 159;
1044 2844 1147 2881 Card.
1175 2844 1229 2879 DE
1253 2843 1355 2879 Luc».
1383 2842 1425 2879 de
1452 2844 1603 2883 testam„
1630 2840 1799 2876 discursu
1823 2838 1845 2874 6
1869 2842 1998 2883 etseq.
