2176 3386
811 0 821 9 ‹
836 0 884 7 ·--
896 14 900 15 ⁷
936 0 1181 21 :zwwgv---v
1197 0 1222 10 w-
1242 0 1248 4 ·
1270 0 1278 3 ’ν
1290 0 1316 13 χ-
1378 0 1404 16 -ῖ
1415 0 1509 20 νηᾱ
1524 0 1614 26 '⁵:3⁷
1628 0 1655 15 ’τ
1669 0 1680 7 “

990 19 1026 32 ;-·
1239 24 1243 25 ⁷
1410 19 1414 21 ·
1486 18 1510 27 ¹-
1589 19 1594 22 ·

798 185 928 216 LIBER
957 185 984 212 1.
1017 182 1073 210 DE
1102 182 1295 213 cLEmms
1861 171 1942 212 263

154 301 272 347 Trid.
310 299 588 360 praescripta
609 299 639 353 ¹,
676 311 735 342 an
769 297 923 341 adsint
956 295 1138 352 regulae
1171 294 1228 338 ab
1255 293 1310 338 iis
1335 287 1615 352 servandae;
1650 291 1727 351 qui
1751 292 1843 337 sint
1866 307 1938 338 eo-

155 384 364 429 rumdem
400 395 549 426 mores
580 394 634 425 ae
666 379 712 424 in
747 375 909 422 studiis
941 377 1198 435 profectus;
1245 390 1303 420 an
1337 375 1496 420 diebus
1539 376 1667 421 festis
1712 375 1940 421 Ecclesiae

153 464 409 513 Cathedrali
444 462 786 518 interveniant;
822 474 882 505 an
915 460 1068 504 adsint
1105 463 1269 504 Rector
1302 463 1348 503 et
1381 458 1585 517 Magistri
1626 463 1673 503 et
1710 459 1940 518 quomodo

152 563 200 594 se
232 553 418 607 gerant3
462 560 521 591 an
554 545 706 590 adsint
744 542 948 601 deputati
990 542 1046 587 ad
1091 544 1285 586 formam
1332 541 1519 587 Concilii
1559 541 1717 597 electi,
1766 541 1942 587 scilicet

151 633 240 678 duo
273 632 327 676 de
360 630 564 688 Capitulo
598 628 881 686 totidemque
914 626 969 670 de
1002 626 1146 681 Clero,
1182 639 1303 669 unus
1334 639 1359 669 a
1393 625 1600 683 Capitulo
1628 625 1723 683 ipso
1746 626 1862 669 alter
1883 625 1940 669 ab

156 715 390 774 Episcopo,
426 713 628 771 itemque
668 723 787 755 unus
818 725 842 754 a
876 710 1003 754 Clero
1046 708 1161 752 alter
1201 709 1258 752 ab
1303 709 1519 766 Episcopo
1564 708 1828 766 cligendus3
1880 721 1938 751 an

153 798 355 844 redditus
389 794 631 840 Seminarii
664 793 859 838 fideliter
890 792 1288 837 administrentur.

272 881 372 925 505.
402 878 607 937 Denique
641 878 682 931 6)
711 875 903 921 materia
927 874 1208 919 visitationis
1230 879 1339 919 sunt
1362 874 1600 932 hospitalia
1634 873 1812 933 aliaque
1842 874 1939 918 loca

157 964 226 1024 pia
250 969 297 1008 et
330 963 535 1020 religiosa
569 967 615 1006 et
647 960 765 1005 circa
792 973 843 1003 ea
870 958 1071 1017 inquiret
1107 957 1352 1017 Episcopus
1374 972 1431 1002 an
1453 957 1706 1015 legitimam
1741 957 1942 1002 habeant

153 1046 433 1091 erectionem
468 1057 664 1102 suasque
692 1041 1064 1095 constitutiones,
1100 1055 1157 1084 an
1193 1054 1273 1084 eae
1307 1045 1570 1094 serventur,
1601 1053 1718 1098 quae
1751 1039 1810 1083 sit
1842 1040 1940 1084 red-

151 1129 330 1173 dituum
364 1126 702 1172 administratio
740 1125 870 1170 cuius
907 1124 1108 1169 rationes
1141 1124 1415 1182 repetendae
1450 1123 1641 1168 omnino
1680 1127 1810 1180 sunt;
1854 1122 1939 1166 nisi

151 1217 308 1257 tamen
341 1212 395 1256 de
430 1211 538 1255 locis
573 1210 656 1268 piis
687 1214 849 1267 agatur
871 1223 987 1268 quae
1011 1208 1068 1252 ab
1094 1208 1297 1266 Episcopi
1333 1206 1647 1251 iurisdictione
1683 1219 1939 1264 proponan-

150 1298 228 1339 tur
259 1298 490 1352 exempta.

273 1378 374 1421 506.
413 1376 476 1420 Ad
513 1377 703 1420 alteram
738 1375 1057 1434 quaestionem
1085 1375 1204 1434 quod
1238 1373 1423 1429 attinet,
1454 1374 1629 1418 scilicet
1661 1374 1718 1418 ad
1751 1373 1939 1418 modum

152 1475 206 1506 ac
228 1465 410 1517 tempus
429 1458 723 1514 visitationis,
746 1459 787 1502 id
807 1472 913 1517 prae
937 1457 1102 1503 ceteris
1124 1463 1294 1502 cavent
1317 1471 1535 1512 canones,
1562 1462 1612 1501 ut
1635 1456 1870 1514 diligentia
1895 1461 1939 1500 et

150 1542 356 1602 aequitas
389 1546 615 1587 servetur.
655 1546 809 1600 ltaque
843 1541 992 1600 quoad
1026 1546 1223 1598 tempus,
1261 1539 1465 1584 visitatio
1498 1539 1764 1598 quotannis,
1789 1543 1870 1583 aut
1903 1538 1939 1583 si

150 1625 370 1671 dioecesis
386 1625 579 1683 amplior
596 1624 671 1680 sit,
691 1624 894 1683 quolibet
923 1623 1108 1668 biennio
1137 1624 1403 1667 renovanda
1431 1622 1623 1667 omnino
1648 1627 1717 1666 est
1739 1623 1770 1666 ².
1808 1623 1939 1666 Nulla

151 1714 307 1754 tamen
343 1723 488 1767 poena
523 1708 569 1752 in
605 1707 832 1753 Ecclesiae
866 1712 1061 1752 externo
1096 1707 1194 1751 foro
1226 1711 1398 1751 statuta
1432 1710 1501 1750 est
1536 1707 1582 1750 in
1616 1719 1709 1761 eos,
1735 1705 1812 1764 qui
1836 1719 1939 1750 eam

150 1797 270 1837 stato
303 1797 510 1850 tempore
545 1791 933 1849 praetermittant.
988 1789 1291 1849 Frequentius
1322 1794 1479 1834 autem
1524 1788 1680 1834 haberi
1727 1793 1875 1847 potest
1904 1789 1936 1845 ³,

150 1875 226 1920 sed
260 1874 474 1933 expensis
507 1874 699 1919 minime
724 1873 977 1932 repetitis&

269 1959 370 2003 507.
394 1958 550 2012 Quoad
571 1958 757 2002 modum
778 1963 985 2015 respectu
1006 1970 1227 2015 personae
1248 1956 1497 2011 visitantis,
1519 1955 1613 2000 fieri
1634 1969 1685 2000 ea
1705 1955 1840 2000 debet
1860 1969 1940 2012 per

151 2055 198 2086 se
230 2043 287 2086 ab
318 2042 414 2100 ipso
451 2041 690 2099 Episcopo,
725 2042 906 2085 etiamsi
942 2040 1039 2084 iura
1073 2040 1483 2098 superepiscopalia
1516 2044 1733 2084 exerceat
1766 2040 1839 2084 vel
1873 2039 1938 2083 di-

153 2126 327 2183 gnitate
350 2124 636 2169 cardinalitia
663 2125 945 2182 praefulgeat
969 2124 982 2147 ⁵
1016 2129 1061 2169 et
1084 2123 1119 2168 si
1145 2123 1346 2181 legitime
1366 2123 1612 2182 impeditus
1639 2123 1699 2168 sit
1721 2123 1795 2168 vel
1818 2122 1939 2167 dioe-

151 2207 267 2252 cesis
297 2207 355 2252 sit
387 2207 525 2252 nimis
556 2207 705 2266 ampla
740 2221 819 2265 per
841 2207 969 2262 alios,
995 2207 1072 2251 sed
1095 2206 1408 2251 conscientiae
1444 2206 1582 2264 ipsius
1619 2205 1823 2264 Episcopi
1871 2219 1938 2250 re-

151 2290 283 2350 liquit
320 2293 456 2336 Conc.
494 2290 611 2335 'lu-id.
659 2290 861 2336 iudicare
894 2304 953 2334 an
988 2289 1319 2348 impedimenta
1353 2289 1446 2333 sint
1478 2288 1683 2347 legitima
1719 2289 1792 2333 vel
1826 2302 1935 2332 non.

151 2373 236 2428 Qui
270 2374 531 2419 visitatores
568 2375 624 2418 ab
660 2374 876 2432 Episcopo
924 2374 1207 2433 deputantur
1255 2373 1430 2417 litteras
1479 2377 1691 2431 patentes
1738 2372 1796 2416 ab
1843 2371 1938 2430 ipso

155 2456 372 2516 Episcopo
404 2457 611 2502 obtinere
644 2457 829 2512 debent,
864 2470 981 2516 quae
1015 2457 1061 2500 in
1096 2469 1373 2515 unoquoque
1405 2456 1505 2500 loco
1545 2460 1795 2515 antequam
1830 2455 1936 2500 visi-

271 2674 280 2693 ¹
305 2674 402 2711 Sess.
429 2673 566 2716 XXIII,
594 2674 680 2720 Cap.
709 2674 841 2716 XVIII,
870 2674 914 2710 de
942 2673 1017 2710 Res.

272 2745 284 2764 ¹
311 2746 423 2782 Cone.
451 2745 551 2782 Trid.
578 2746 674 2782 Sess
703 2746 837 2790 XXIV,
866 2746 952 2792 Cap.
980 2745 1044 2790 ΙΙΙ,
1070 2746 1114 2782 de
1143 2745 1220 2782 Res.

271 2816 284 2836 ³
311 2817 365 2853 Ita
389 2817 463 2853 Leo
490 2816 538 2852 IV
565 2817 612 2853 ad
638 2817 844 2863 Episcopos
886 2818 1095 2854 Britanniae
1135 2817 1240 2854 cuius
1275 2817 1386 2854 verba
1425 2817 1632 2854 referuntur
1658 2826 1679 2852 a
1706 2816 1879 2852 Gratiano
1899 2816 1937 2852 in

153 2896 232 2923 can.
258 2887 291 2931 4,
317 2897 417 2925 caus.
447 2887 501 2931 10,
527 2898 563 2934 q.
591 2888 622 2925 1.

269 2960 283 2980 ⁸
310 2959 444 2997 Bened.
471 2960 570 3005 XIV,
595 2961 641 2998 de
668 2961 755 3008 Syn.
781 2961 953 3003 dioeces„
980 2961 1022 2996 L.
1048 2960 1092 3004 X,
1119 2969 1198 3005 cap.
1229 2959 1283 3002 10,
1312 2969 1347 2996 n.
1375 2959 1408 2996 6.

269 3031 283 3051 ³
309 3031 379 3068 Cfr.
398 3032 547 3068 Collect.
574 3032 611 3068 S.
628 3032 666 3068 C.
686 3033 796 3078 Prop.
815 3032 918 3068 Fidei
945 3041 981 3067 n.
1007 3031 1065 3068 92.
