2176 3386
182 157 263 197 356
825 167 935 197 PARS
963 166 988 196 1.
1023 167 1080 195 DE
1108 165 1319 196 pensoms

182 277 344 322 tabant
366 277 410 334 ¹;
446 276 488 333 2)
526 280 577 320 ut
607 276 828 321 adversus
859 280 1159 321 contumaces
1190 275 1467 334 praesidium
1508 276 1567 329 ab
1599 275 1653 321 iis
1686 276 1957 333 haberetu1·;

183 360 226 416 5)
262 363 314 403 ut
346 358 525 403 itineris
555 371 786 418 expensae
818 363 865 403 et
896 357 1078 403 concilii
1121 361 1329 415 tempore
1374 357 1595 403 alimenta
1642 357 1961 404 subministra·

184 446 346 487 rentur
376 441 540 501 quibus
576 441 898 500 Episcoporum
934 444 1177 499 paupertas
1209 441 1415 486 sufficere
1447 454 1542 485 non
1579 444 1758 500 poterat
1779 442 1809 486 ².

303 525 342 581 b)
378 528 622 583 Perperam
655 524 796 569 etiam
830 522 1138 568 Febronianos
1160 522 1409 578 censuisse,
1433 521 1469 567 si
1494 526 1727 567 Romanus
1751 522 1959 567 Pontifex

185 608 439 656 Concilium
471 620 730 656 convocare
773 606 930 662 nollet,
980 606 1141 651 eodem
1182 605 1329 650 invito
1373 618 1501 663 posse
1549 604 1659 650 illud
1706 603 1957 649 celebrari:

183 698 510 751 argumentum
545 695 700 736 autem
734 690 982 735 deductum
1015 703 1040 733 a
1068 692 1182 747 Papa
1205 687 1341 733 dubio
1368 688 1544 732 nullum
1567 693 1653 744 est,
1677 687 1959 748 quandoqui-

183 777 288 821 dem
326 780 441 834 Papa
474 774 637 819 dubius
669 778 739 818 est
774 778 888 831 Papa
923 772 1099 829 nullus;
1150 771 1398 816 deductum
1439 771 1495 816 ab
1538 770 1781 829 hypothesi
1814 773 1960 829 Papae

185 858 403 903 haeretici
436 861 483 903 et
515 858 691 901 nullum
725 860 810 911 est,
846 855 951 915 quia
984 856 1103 900 sicut
1135 855 1273 899 homo
1307 860 1516 899 mortuus
1549 869 1639 899 non
1689 859 1757 899 est
1804 855 1958 910 homo,

183 943 246 988 ita
283 947 398 1001 Papa
432 940 692 986 haereticus
725 954 817 984 non
847 944 916 984 est
950 943 1066 997 Papa
1090 938 1122 994 ⁸,
1158 943 1204 982 et
1236 943 1304 982 est
1337 937 1627 993 iniuriosum,
1662 938 1768 997 quia
1803 936 1962 995 plenis-

182 1026 297 1071 sima
331 1031 377 1070 et
411 1038 648 1083 nunquam
682 1023 939 1080 interrupta
972 1021 1112 1066 series
1159 1021 1369 1065 omnium
1418 1020 1691 1065 Pontificum
1738 1024 1963 1080 quotquot

184 1123 327 1168 usque
360 1108 634 1162 extiterunt,
670 1121 771 1151 eam
808 1105 1100 1164 hypothesim
1135 1103 1404 1154 iniuriosam
1430 1103 1564 1161 facit3
1599 1104 1795 1163 denique
1824 1103 1962 1148 dedu-

181 1198 308 1237 ctum
342 1206 400 1236 ex
433 1190 657 1235 similibus
688 1189 787 1233 aliis
828 1187 1157 1246 hypothesibus
1206 1191 1351 1245 Papae
1399 1186 1646 1232 manifesto
1687 1186 1959 1242 scandalosi,

184 1276 431 1321 manifesto
464 1273 704 1319 simoniaci
740 1274 823 1317 boc
857 1275 926 1316 est
957 1271 1178 1316 simonias
1211 1270 1486 1324 exercentis,
1523 1269 1787 1328 patrimonii
1820 1270 1960 1315 eccle·

183 1358 353 1404 siastici
389 1357 633 1403 manifesto
666 1355 965 1413 dissipatoris,
1003 1355 1177 1398 laborat
1202 1353 1315 1397 falso
1338 1353 1570 1411 supposito
1594 1352 1699 1411 quia
1725 1353 1836 1397 falso
1859 1366 1962 1410 sup-

187 1441 372 1499 ponitur
405 1440 639 1500 (quidquid
673 1438 747 1483 alii
782 1438 1000 1494 dixerint)
1036 1437 1081 1481 in
1118 1436 1171 1481 iis
1204 1436 1383 1480 casibus
1426 1449 1589 1480 verum
1635 1435 1790 1480 baberi
1835 1448 1962 1493 posse

185 1523 441 1569 Concilium
475 1523 696 1566 adversus
731 1520 1018 1575 Pontificem,
1055 1534 1161 1564 nam
1198 1517 1284 1563 illis
1315 1518 1455 1563 etiam
1491 1518 1536 1562 in
1586 1517 1763 1562 casibus
1810 1517 1963 1562 dicen-

185 1606 295 1650 dum
330 1609 449 1650 esset
486 1624 503 1644 ιι
533 1604 677 1663 prima
712 1603 841 1648 sedes
872 1617 898 1647 a
931 1601 1118 1646 nemine
1152 1601 1380 1647 iudicatur
1406 1619 1425 1639 n
1460 1600 1663 1659 adeoque
1687 1599 1866 1644 etiamsi
1888 1613 1961 1644 co-

185 1689 315 1734 mitia
349 1688 498 1747 aliqua
533 1686 689 1731 haberi
723 1701 746 1730 e
781 1700 828 1730 re
876 1698 973 1730 esse
1026 1688 1309 1739 censeretur,
1364 1697 1416 1727 ea
1465 1687 1620 1727 tamen
1670 1696 1762 1727 non
1810 1686 1964 1727 essent

184 1771 455 1826 Concilium,
491 1771 610 1830 quod
656 1769 830 1814 scilicet
870 1766 1101 1812 iudicandi
1145 1767 1354 1826 legesque
1398 1765 1573 1811 ferendi
1621 1765 1713 1810 vim
1757 1765 1961 1821 haberet,

183 1856 261 1900 sed
294 1861 452 1900 coetus
493 1858 647 1898 essent
690 1852 979 1906 inferiorum,
1026 1851 1103 1910 qui
1155 1854 1334 1894 tantum
1390 1849 1644 1905 obsecrare,
1694 1848 1960 1904 admonere,

185 1937 493 1983 obedientiam
528 1937 574 1981 in
610 1937 743 1981 rebus
777 1935 1019 1980 manifeste
1054 1933 1233 1978 iniustis
1256 1934 1498 1990 denegare,
1524 1938 1660 1992 atque
1683 1935 1734 1975 ut
1755 1931 1829 1976 alii
1853 1945 1963 1991 quo-

183 2035 271 2080 que
305 2021 549 2078 denegent,
585 2033 745 2064 curare
780 2017 1008 2076 possent⁸.

307 2104 347 2160 2)
386 2102 590 2146 Alterum
627 2100 897 2161 requisitum
931 2107 999 2145 est
1031 2105 1082 2144 ut
1104 2113 1265 2144 omnes
1288 2097 1494 2157 Episcopi
1517 2097 1717 2156 generali
1739 2111 1965 2142 convoca-

184 2186 327 2241 tione,
344 2199 460 2244 quae
479 2183 693 2229 omnibus
708 2184 870 2228 saltem
889 2182 1136 2227 maioribus
1147 2181 1410 2226 christianis
1423 2180 1672 2239 provinciis
1687 2180 1962 2236 innotescat,

186 2270 342 2315 vocari
367 2269 581 2323 debeant,
608 2269 713 2312 licet
738 2281 829 2311 non
854 2279 1015 2311 omnes
1037 2266 1193 2313 adesse
1218 2278 1403 2310 necesse
1426 2265 1484 2309 sit
1507 2265 1538 2308 ⁵.
1576 2264 1703 2308 Unde
1725 2264 1961 2323 sequitur:

307 2354 354 2409 a)
389 2350 599 2397 Generali
633 2348 969 2394 convocatione
995 2349 1131 2402 facta,
1158 2348 1264 2392 licet
1287 2345 1490 2391 maxima
1518 2346 1839 2404 Episcoporum
1864 2360 1966 2402 pars

187 2449 280 2480 non
315 2434 520 2489 accedat,
554 2432 851 2478 oecumenici
899 2431 1169 2490 qualitatem
1218 2429 1417 2475 Concilio
1462 2443 1553 2474 non
1597 2428 1798 2485 detrahi,
1845 2429 1965 2488 quod

307 2607 317 2627 ²
346 2609 385 2646 L.
412 2608 444 2650 5,
470 2612 484 2648 Ξ
510 2607 554 2643 In
580 2617 736 2648 summa,
764 2607 798 2653 ff.
827 2606 867 2642 de
897 2606 1084 2651 Colleyiis,·
1113 2606 1151 2642 L.
1179 2604 1199 2640 2
1225 2605 1262 2651 ff.
1288 2605 1329 2641 de
1354 2604 1539 2640 eaetraord.
1569 2604 1798 2641 Criminibus.

306 2681 318 2699 ²
345 2681 446 2717 Conf.
475 2681 650 2717 Cnxnms
675 2680 727 2715 De
755 2679 979 2715 libertatibus
1006 2677 1183 2713 Ecclesiae
1211 2676 1416 2712 Gallicanae
1443 2675 1504 2712 lib.
1531 2675 1565 2718 5,
1584 2685 1662 2721 cap.
1682 2676 1710 2711 '5
1736 2679 1772 2712 et
1797 2685 1911 2722 seqq.;

187 2753 377 2790 ZxccAmA
418 2752 592 2797 Antifebr.
632 2751 665 2793 2,
692 2750 713 2786 l.
740 2749 781 2794 4,
818 2759 894 2795 cap.
921 2748 962 2793 53
998 2748 1042 2785 cl.
1071 2748 1111 2784 D.
1138 2748 1323 2784 Pxnfflmu
1364 2748 1398 2784 S.
1434 2747 1459 2783 Ι.
1502 2747 1621 2784 Tracl.
1647 2747 1689 2784 de
1720 2747 1822 2783 Rom.
1851 2747 1965 2790 Pont„

189 2822 299 2860 Thes.
326 2823 497 2859 XXVIII.

311 2895 325 2915 ⁸
351 2895 422 2932 Cfr.
452 2895 682 2941 Augustinus
709 2893 933 2939 Triumphus
959 2892 997 2928 in
1024 2892 1159 2928 Summ.
1187 2892 1228 2927 de
1253 2891 1348 2927 Eccl.
1375 2893 1503 2937 potest.
1529 2900 1562 2936 q.
1590 2890 1622 2933 5,
1649 2895 1716 2928 art.
1746 2891 1775 2926 1.

311 2967 325 2988 '⁶
351 2969 402 3005 Cf.
429 2969 620 3005 ZAccAmA
647 2966 762 3012 Antis.
790 2976 822 3011 p.
850 2964 883 3007 2,
910 2965 932 3000 l.
958 2964 992 3006 4,
1020 2973 1098 3008 cap.
1128 2963 1159 2999 1.

311 3039 324 3059 ¹⁵
350 3041 546 3077 BeLLAnM.
572 3040 613 3076 de
639 3038 804 3074 Camillis
830 3036 853 3073 l.
882 3035 912 3080 1,
938 3045 1018 3081 cap.
1047 3034 1088 3071 17
1097 3045 1107 3079 ;
1133 3035 1318 3071 PALumm
1345 3033 1414 3071 loc.
1441 3034 1514 3078 cit,
1541 3034 1701 3071 Scholion
1725 3034 1752 3070 Ι.
