2176 3386
419 105 430 127 ‘⁴
513 109 522 113 ''
548 131 679 163 Lmen
705 132 731 161 1.
761 110 818 161 ὀε
846 130 985 162 uenus
1013 130 1261 163 ECGLESIAE.
1277 110 1606 160 SPIRITUALmUs

203 254 359 287 coram
407 240 610 286 Parocbo
641 243 688 284 et
717 239 911 286 testibus
942 238 1017 285 vel
1046 238 1226 297 publice
1257 238 1332 283 vel
1377 238 1549 284 occulte
1596 235 1747 298 prouti
1796 236 1984 283 nullitas

204 323 487 371 matrimonii
522 323 700 384 publica
733 322 804 368 vel
839 322 1019 368 occulta
1051 322 1350 370 sit.1

322 411 372 454 In
406 409 456 453 5⁰
488 421 595 453 casu
638 407 712 452 vel
753 404 1022 452 conceditur
1059 407 1246 451 sanatio
1285 406 1334 449 in
1367 403 1558 460 radice,
1595 404 1669 449 vel
1700 404 1983 462 dispensatio

202 491 398 549 simplex
431 491 488 536 ab
522 490 885 548 impedimentis,
921 503 1013 548 quo
1045 488 1092 533 in
1126 487 1290 533 ultimo
1337 500 1447 532 casu
1480 486 1568 532 tria
1601 491 1710 532 sunt
1752 486 1980 531 notanda:

207 574 246 631 l)
279 576 321 618 si
353 575 713 618 matrimonium
745 578 809 617 est
829 574 1024 622 irritum
1047 571 1377 629 impedimento
1399 572 1520 615 iuris
1535 570 1708 625 divini,
1732 571 1773 615 si
1793 569 1983 628 quando

202 657 415 703 ‘validam'
440 663 596 714 potest,
620 670 706 714 per
738 669 908 700 novam
942 657 1184 714 utriusque
1211 657 1366 712 partis
1397 667 1671 698 consensum
1700 659 1801 711 post
1825 656 1982 712 eogynz'-

203 745 300 785 tam
334 740 598 784 nullitatem
631 737 913 784 convalidari
946 738 1097 783 debet.
1134 737 1205 781 Uti
1238 736 1436 782 infidelis
1467 748 1720 782 conversus
1757 735 1813 780 ad
1845 735 1982 781 fidem

203 821 239 866 si
272 821 419 880 prima
443 835 561 865 uxor
583 825 764 866 recusat
794 820 1009 878 amplecti
1043 819 1179 865 fidem
1207 824 1253 866 et
1277 819 1465 879 pacifice
1497 819 1778 876 cohabitare,
1815 818 1984 879 poterit

201 905 454 964 quamlibet
484 919 541 949 ex
575 904 674 949 aliis
705 904 926 949 uxoribus
959 905 1176 960 retinere,
1211 904 1460 949 dummodo
1510 903 1652 948 fidelis
1685 903 1789 960 fiat,
1825 903 1901 948 sed
1935 902 1983 947 in

201 988 287 1033 hoc
319 1001 426 1033 casu
461 1000 609 1032 novus
642 987 879 1046 utriusque
913 1000 1166 1033 consensus
1198 987 1461 1048 requiritur.
1515 988 1555 1042 2)
1594 988 1643 1031 Si
1677 986 1982 1044 impedimen-

164 1083 167 1086 ⁴
201 1077 298 1115 tam
327 1077 390 1115 est
421 1073 541 1115 iaris
572 1071 741 1126 civilis,
776 1084 1049 1114 eonsensum
1086 1085 1310 1116 renovare
1342 1071 1476 1115 debet
1508 1084 1611 1129 pars
1642 1084 1759 1130 qnae
1794 1068 1982 1128 impedi·

201 1159 411 1199 mentum
445 1154 677 1212 cognovit.
714 1155 756 1210 5)
791 1156 839 1198 Si
860 1155 1029 1211 imped.
1056 1161 1119 1199 esc
1135 1155 1389 1212 publicum,
1416 1155 1696 1212 dispensatio
1729 1160 1792 1198 est
1821 1156 1979 1210 irrita,

201 1240 295 1282 ‘nisi
310 1240 667 1283 n‘iatrimoniam
685 1238 863 1295 publice
897 1240 1090 1283 iteretur
1109 1245 1297 1283 servata
1320 1238 1480 1295 forma
1503 1241 1539 1282 T
1538 1239 1783 1283 ridentina
1801 1237 1982 1282 etiamsi

200 1325 246 1366 et
277 1326 413 1366 antea
437 1325 618 1366 servata
645 1320 831 1378 fuisset;
868 1321 904 1365 si
930 1321 1095 1380 imped.
1124 1322 1183 1366 sit
1205 1323 1437 1367 occultum
1462 1327 1508 1366 et
1529 1326 1712 1367 servata
1746 1326 1816 1367 est
1834 1322 1982 1366 forma

198 1405 481 1461 Tridentina‚
512 1406 622 1450 haec
645 1404 803 1462 forma
828 1408 1053 1451 renovari
1084 1420 1179 1450 non
1202 1407 1340 1462 debet,
1367 1414 1588 1471 renovato
1621 1413 1779 1453 tamen
1812 1414 1981 1452 secreto

198 1503 437 1534 consensa.

2127 3217 2176 3386 eim-,La
2168 3172 2176 3190 -
2128 3115 2176 3142 ζ.
2162 3063 2176 3072 i
