2176 3386
693 226 823 255 LmER
852 226 892 255 11.
927 226 983 254 DE
1014 226 1316 255 REGULARIBUS
1817 216 1898 256 429

237 334 497 382 Novitiatus
529 339 680 394 potest
709 334 866 380 irritus
899 334 1024 380 reddi
1057 349 1115 380 ex
1147 348 1201 380 eo
1236 334 1436 393 praecise
1484 334 1602 394 quod
1637 338 1770 380 extra
1804 349 1899 381 mo—

119 417 369 463 nasterium
402 418 456 463 ad
491 418 533 462 id
566 418 847 464 destinatum
882 421 1139 477 peragatur,
1165 418 1251 463 nisi
1285 418 1329 463 id
1362 418 1442 463 fiat
1474 433 1580 464 cum
1614 419 1816 477 legitima
1847 420 1897 466 li-

114 501 283 547 centia.
335 501 450 546 Fieri
482 501 608 547 enim
653 501 788 546 debet
820 501 864 545 in
899 501 1050 561 aliquo
1087 515 1147 546 ex
1178 501 1486 547 conventibus
1532 502 1782 560 designatis
1820 517 1899 562 per

120 585 422 644 Apostolicam
457 586 617 630 Sedem
646 586 674 630 ².

239 670 378 715 Debet
411 669 506 714 lieri
542 669 587 713 in
627 669 783 714 habitu
819 668 1064 727 religionis,
1107 668 1192 713 nisi
1226 669 1359 714 aliter
1390 668 1703 714 constituatur
1736 670 1782 715 in
1811 673 1891 716 Or-

114 752 235 798 dinis
268 754 419 810 regula
453 767 477 796 a
513 756 700 798 Summo
737 751 954 797 pontifice
985 752 1250 811 approbata.

239 836 378 880 Debet
411 839 639 894 postremo
671 835 836 879 durare
870 849 948 894 per
981 835 1211 893 integrum
1245 849 1421 880 annum
1455 835 1752 891 continuum,
1785 835 1900 880 idest

118 933 209 963 non
244 918 585 976 interpolatum.

114 1102 209 1138 quae
242 1093 278 1128 in
305 1094 467 1129 Decretis
506 1093 817 1139 praescribuntur,
846 1095 999 1131 omnino
1039 1098 1241 1131 serventur.
1270 1114 1314 1120 --
1343 1095 1374 1131 7.
1401 1094 1578 1131 Nonnulli
1617 1095 1900 1132 Examinatores

116 1164 225 1200 nimis
251 1164 352 1200 anxii
381 1169 466 1201 sunt
493 1165 530 1200 in
559 1166 778 1210 praestando
807 1166 1025 1210 iuramento,
1045 1176 1118 1211 quo
1146 1166 1330 1203 declarare
1358 1166 1494 1203 debent
1519 1178 1554 1203 se
1580 1167 1701 1203 omnia
1726 1168 1899 1214 requisita

116 1247 139 1271 (ι
166 1237 285 1273 Sacris
312 1236 526 1278 Canonibus,
556 1237 887 1280 constitutionibus,
916 1241 948 1274 et
974 1239 1126 1275 decretis
1151 1238 1355 1284 apostolicis
1392 1238 1620 1284 praescrIpta
1646 1238 1760 1274 debito
1793 1238 1899 1274 merlo

114 1309 356 1350 eoeamisnasse,
382 1317 467 1343 cum
494 1317 568 1343 non
594 1317 722 1343 omnes
750 1312 825 1344 tuto
853 1308 945 1343 scire
974 1309 1115 1354 possint
1143 1318 1326 1354 quaenam
1352 1310 1425 1345 sint
1451 1309 1576 1345 omnia
1602 1309 1815 1346 huiusmodi
1844 1319 1901 1345 re-

117 1378 272 1424 quisita5
310 1378 592 1424 expostularunt
630 1383 823 1424 propterea
854 1383 892 1415 ut
918 1389 939 1415 a
967 1379 1077 1415 Sacra
1104 1379 1400 1425 congregatione
1439 1390 1550 1426 super
1589 1381 1805 1426 praemissis
1847 1381 1899 1416 in-

115 1451 265 1487 structio
291 1450 407 1493 detur,
433 1461 506 1497 qua
533 1455 609 1487 tuto
638 1451 785 1497 procedi
815 1452 940 1496 possit.
970 1453 1077 1497 Resp.
1106 1451 1356 1488 iuramentum
1387 1452 1511 1498 quoad
1539 1453 1724 1498 requisita,
1751 1458 1787 1490 et
1812 1463 1899 1490 exa-

118 1529 201 1556 men
238 1520 454 1566 qualitatum
495 1521 616 1557 referri
653 1521 843 1558 dumtaxat
883 1522 928 1558 ad
955 1522 1132 1568 requisita
1165 1526 1201 1558 et
1226 1523 1422 1568 qualitates
1461 1534 1628 1569 eoepresse
1653 1527 1688 1559 et
1714 1524 1899 1569 speciatim

116 1592 356 1637 praescriptas
385 1593 422 1628 in
450 1593 602 1629 Constit.
623 1593 713 1629 Sixti
741 1593 772 1629 V
801 1594 1000 1639 incipiente
1029 1594 1119 1630 Cum
1146 1595 1187 1630 cle
1212 1596 1387 1638 omnibus,
1414 1605 1499 1631 eum
1526 1595 1782 1632 moderatione
1812 1595 1899 1633 Gre-

115 1663 209 1708 gorii
237 1663 341 1707 XIV;
368 1669 403 1699 et
430 1664 465 1699 in
504 1664 649 1700 decreto
676 1664 786 1701 Clem.
816 1665 921 1708 VIII,
949 1666 1008 1702 eui
1049 1666 1195 1702 initium
1225 1666 1315 1702 Cam
1353 1667 1399 1702 ad
1425 1667 1633 1713 regularem
1660 1667 1898 1714 disciplinam,

116 1743 183 1769 nec
209 1743 284 1770 non
314 1735 350 1770 in
368 1735 505 1780 regulis
531 1740 566 1771 et
584 1735 918 1773 Constitutionibus
945 1738 1139 1783 respectivi
1159 1737 1307 1774 Ordinis
1338 1748 1403 1774 seu
1429 1738 1601 1774 Instituti.
1627 1739 1673 1774 Et
1691 1739 1898 1776 iuramento

121 1805 288 1842 satisfieri
316 1806 345 1841 si
372 1816 417 1842 ea
441 1807 588 1843 moralis
615 1807 806 1853 diligentia
834 1809 1062 1851 adhibeatur,
1089 1819 1183 1854 quae
1210 1819 1230 1845 a
1257 1811 1344 1846 viris
1371 1810 1498 1855 probis
1525 1814 1560 1846 et
1586 1810 1776 1847 timoratae
1812 1820 1899 1847 con-

116 1879 290 1915 scientiae
317 1880 484 1916 adhiberi
510 1880 613 1917 solet.
639 1901 683 1905 ——
710 1881 741 1917 8.
772 1882 828 1917 An
855 1881 1050 1918 Decretum
1077 1882 1249 1928 Requlari
1275 1883 1483 1928 disciplinae
1510 1883 1583 1919 vim
1611 1883 1745 1919 habeat
1772 1883 1809 1919 in
1837 1883 1900 1920 Sa-

117 1948 277 1986 baudia?
303 1951 411 1997 Resp.
440 1951 680 1988 Affirmative.
707 1952 771 1988 Die
801 1953 817 1988 1
847 1953 932 1989 maii
963 1953 1064 1989 1851.

233 2020 315 2057 Alia
341 2021 542 2058 declaratio
569 2032 590 2058 a
617 2022 813 2059 Sanctitate
841 2023 916 2059 Sua
941 2024 1147 2070 approbata
1173 2024 1231 2060 die
1260 2024 1302 2060 16
1329 2025 1488 2061 ianuarii
1519 2024 1621 2061 1852.
1648 2025 1680 2060 1.
1703 2025 1898 2068 Quaeritur

116 2102 162 2128 an
189 2093 236 2129 sit
261 2092 372 2135 nulla,
394 2093 448 2130 vel
476 2098 617 2130 tantum
646 2094 772 2130 illicita
798 2095 976 2140 professio
1004 2095 1099 2132 faeta
1126 2105 1201 2131 non
1228 2100 1370 2132 servata
1394 2096 1500 2142 prius
1526 2096 1644 2132 forma
1668 2096 1804 2133 decreti
1833 2098 1898 2134 Re-

115 2164 239 2210 yulari
263 2165 497 2211 disciplinae?
523 2167 630 2212 Resp.
657 2165 747 2203 Esse
774 2172 916 2204 tantum
944 2167 1120 2210 illicitam,
1148 2177 1224 2204 non
1250 2178 1335 2204 vero
1362 2168 1514 2205 nullam.

235 2236 242 2254 ¹
274 2237 450 2280 Quaestio
469 2243 524 2274 est
543 2242 664 2275 utrum
685 2238 743 2275 lex
762 2240 1018 2284 praescribens
1038 2241 1267 2286 pontificiam
1286 2240 1584 2286 designationem
1604 2245 1808 2278 conventus
1832 2251 1898 2287 pro

117 2307 297 2344 novitiatu
325 2310 546 2355 peragendo,
573 2311 618 2346 sit
647 2312 878 2356 universalis,
905 2322 955 2348 an
980 2324 1068 2350 vero
1102 2314 1231 2350 localis
1259 2319 1400 2351 tantum
1428 2321 1463 2352 et
1489 2316 1657 2352 restricta
1681 2315 1727 2352 ad
1756 2316 1897 2352 Italiam

118 2385 152 2416 et
178 2379 320 2417 Insulas
347 2381 568 2419 adiacentes.
596 2382 829 2428 Canonistae‚
857 2386 919 2431 qui
947 2386 1204 2431 quaestionem
1231 2387 1328 2423 hanc
1354 2387 1550 2432 attingunt,
1578 2387 1616 2422 in
1642 2386 1805 2423 diversas
1833 2387 1896 2423 ab·

115 2456 204 2487 eunt
229 2452 436 2497 opiniones.
464 2453 665 2491 FAGNANUS
691 2455 736 2491 ad
763 2456 849 2501 Cap.
867 2456 1076 2492 [insinuante
1102 2457 1165 2503 qui
1194 2456 1323 2493 Clerici
1352 2457 1407 2494 vel
1435 2462 1611 2493 voventes
1639 2466 1672 2492 n.
1691 2456 1748 2498 41,
1775 2457 1897 2493 decre-

115 2527 193 2560 tum
218 2523 416 2560 Clementis
445 2525 527 2561 VIII
555 2526 626 2562 hoc
664 2528 932 2572 praescribens,
960 2529 1149 2574 restringit
1175 2529 1222 2564 ad
1248 2529 1390 2565 Italiam
1417 2533 1452 2565 et
1478 2529 1623 2565 Insulas
1662 2529 1896 2572 adiacentes;

115 2604 134 2628 e
159 2597 287 2630 contra
312 2595 446 2632 Lucius
473 2596 657 2633 FennAms
682 2597 726 2634 ad
755 2598 908 2635 verbum
935 2598 1063 2635 Annus
1095 2600 1326 2645 probationis,
1354 2599 1444 2635 illud
1473 2600 1643 2645 proponit
1668 2608 1711 2635 ac
1738 2599 1768 2634 si
1796 2604 1896 2635 esset

119 2672 342 2717 universale;
368 2673 585 2711 Dominieus
611 2675 731 2712 Bouix
758 2675 796 2711 in
823 2676 941 2713 Tract.
968 2677 1010 2712 de
1034 2678 1114 2713 iure
1138 2677 1254 2723 requl.
1281 2677 1319 2713 P.
1338 2677 1372 2719 4,
1399 2681 1486 2713 sect.
1515 2676 1547 2720 1,
1573 2686 1653 2722 cap.
1679 2676 1712 2719 5,
1739 2676 1897 2721 vestigia

120 2753 290 2789 premens
316 2745 494 2791 Fagnani,
521 2747 727 2783 Ferrarium
755 2749 886 2785 refutat
911 2753 948 2784 et
974 2749 1134 2785 ostendit
1171 2749 1319 2785 decreta
1345 2748 1544 2785 Clementis
1571 2748 1658 2785 VIII
1684 2757 1706 2784 a
1730 2748 1896 2784 Ferrario

119 2817 239 2859 citata,
258 2827 339 2853 esse
368 2822 507 2855 tantum
535 2819 608 2855 lata
635 2830 699 2865 pro
719 2820 826 2856 Italia
851 2825 887 2856 et
905 2820 1040 2857 Insulis
1066 2821 1334 2858 adiacentibus.
1361 2821 1525 2858 Tandem
1545 2821 1710 2858 Ubaldus
1729 2821 1898 2858 GenAnm

118 2887 156 2923 in
182 2887 241 2925 ΙΙΙ
262 2888 400 2926 Decret.
427 2889 496 2925 Tit.
523 2890 563 2926 51
594 2890 636 2926 de
662 2891 776 2937 repul.
806 2892 890 2937 Cap.
918 2891 980 2927 Eoe
1002 2894 1108 2937 parte
1134 2891 1189 2934 22,
1215 2891 1386 2928 concedit
1412 2891 1559 2928 decreta
1584 2890 1784 2927 Clementis
1811 2891 1896 2927 VIII

0 2966 1 2972 ¹
51 2998 62 3013 ι,
116 2967 198 2994 esse
223 2962 366 2996 tantum
392 2959 464 2996 lata
492 2970 555 3007 pro
580 2961 814 3007 regularibus
847 2962 939 2998 intra
966 2962 1057 2998 fines
1084 2962 1210 2998 Italiae
1236 2966 1272 2999 et
1297 2962 1508 2999 Insularum
1547 2963 1795 2999 adiacentium
1820 2963 1897 2999 exi-

117 3029 310 3073 stentibus,
330 3030 394 3086 sed
419 3031 607 3068 contendit
632 3031 761 3068 eadem
787 3036 917 3078 postea
941 3032 989 3069 ab
1007 3032 1158 3069 Urbano
1178 3032 1263 3068 VIII
1289 3042 1354 3079 per
1378 3032 1504 3070 Const.
1523 3034 1634 3070 sacra
1662 3033 1897 3080 Conyreqatio

118 3097 162 3134 2¹
189 3103 279 3146 sept.
306 3099 398 3136 1624
423 3100 536 3138 fuisse
562 3105 717 3138 extensa
741 3102 788 3139 ad
815 3111 944 3139 omnes
979 3103 1166 3149 regulares
1192 3103 1329 3150 ubique
1356 3104 1523 3142 locorum
1554 3105 1768 3143 existentes.
1794 3106 1898 3143 Atta-
