2176 3386
258 173 339 213 274
902 184 1012 214 PARS
1041 185 1065 213 1.
1101 185 1158 213 DE
1186 184 1400 214 PERSOle

380 292 481 336 518.
510 291 618 336 Hcic
638 306 748 337 vero
777 292 925 338 obiter
953 293 1208 338 notandum
1232 297 1302 338 est
1323 296 1506 351 praeter
1526 292 1835 351 supradictam
1860 291 2041 338 relatio-

261 391 385 431 nem,
407 376 553 421 teneri
582 378 824 435 Episcopos
846 379 888 421 S.
910 375 1260 434 Congregationi
1283 375 1406 420 Fidei
1429 380 1562 435 Prop.
1588 375 1833 430 subiectos,
1853 375 2042 433 singulis

192 490 200 495 -
259 459 394 503 annis
425 460 596 504 referre
628 459 683 503 de
715 462 855 514 statu,
891 458 1126 504 exercitiis
1158 472 1211 502 ac
1245 457 1354 503 locis
1388 458 1799 512 Missionariorum,
1834 458 1911 518 qui
1945 459 2040 505 fue-

261 546 369 587 runt
401 542 576 587 alumni
609 542 791 600 Collegii
827 541 992 586 Urbani
1028 541 1160 600 idque
1197 542 1240 585 vi
1274 544 1428 587 Const.
1456 542 1584 587 Alex.
1613 542 1877 586 v11201ul.
1908 542 2036 587 1660.

383 628 530 670 Poena
566 639 643 682 pro
677 625 730 668 iis
762 624 837 683 qui
863 637 1041 669 sacram
1067 623 1381 669 visitationem
1405 629 1611 683 tempore
1635 638 1659 668 a
1684 624 1860 669 Sixtina
1883 627 2037 670 Const.

263 707 503 765 praefinito
536 706 775 762 omittunt,
811 711 881 751 est
912 706 1150 764 suspensio
1182 707 1239 751 ab
1271 706 1398 751 omni
1432 708 1720 765 episcopatus
1751 706 2041 751 administra-

264 790 386 835 tione
419 795 465 835 et
498 790 789 849 perceptione
824 791 1077 846 fructuum,
1114 790 1205 836 imo
1239 795 1285 835 et
1317 792 1373 836 ab
1409 792 1614 849 ingressu
1658 791 1703 835 in
1753 792 1943 837 ecclesia
1986 793 2044 838 ab

263 872 357 931 ipsa
391 873 462 917 die
495 887 582 932 qua
619 872 897 918 visitationis
929 878 1110 932 tempus
1142 874 1338 918 recurrit
1372 874 1468 932 ipso
1502 875 1623 918 facto
1646 873 1940 929 incurrenda,
1965 876 2042 920 do-

265 973 348 1003 nec
381 972 405 1002 a
439 957 729 1002 contumacia
768 971 857 1002 non
892 957 1211 1015 resipiscant¹.
1247 958 1363 1002 Huic
1396 962 1555 1002 tamen
1579 972 1753 1016 poenae
1775 959 2041 1016 derogatum

263 1048 331 1087 est
366 1056 444 1100 per
475 1045 626 1087 Const.
664 1041 945 1098 :spostolicae
969 1040 1110 1084 Sedis.

1006 1209 1238 1239 ARTICULUS
1272 1210 1328 1238 Vl.

428 1330 486 1370 De
518 1327 616 1384 lcye
649 1327 924 1370 dioecesana
957 1328 988 1369 i.
1025 1340 1062 1369 e.
1100 1326 1155 1369 de
1192 1327 1403 1382 Episcopi
1432 1326 1675 1370 ordinarii
1707 1326 1885 1370 iuribus

919 1423 998 1452 sea
1030 1409 1388 1452 obventionibus.

385 1540 484 1583 519.
522 1539 919 1592 Quemadmodum
964 1539 1033 1583 ius
1075 1538 1327 1596 imperandi
1362 1543 1498 1597 atque
1532 1536 1744 1595 exigendi
1779 1537 1946 1581 tributa
1989 1537 2046 1581 ad

264 1622 498 1680 legiferam
542 1622 806 1681 Principum
849 1627 1121 1680 potestatem
1156 1622 1383 1680 pertinet,
1419 1621 1481 1667 ita
1518 1621 1740 1667 eiusmodi
1791 1622 1889 1677 ius,
1925 1622 2045 1681 quod

266 1705 394 1750 iuxta
441 1719 643 1750 canones
695 1706 897 1764 Episcopi
947 1706 1119 1750 habent
1150 1705 1197 1750 in
1231 1719 1309 1750 sua
1344 1705 1571 1760 dioecesi,
1608 1705 1717 1763 legis
1748 1704 2049 1750 dioecesanae

266 1790 453 1834 nomine
487 1790 766 1835 continetur.
814 1790 1160 1835 Obventionum
1194 1803 1272 1834 seu
1308 1789 1601 1847 vectigalium
1635 1801 1779 1846 genus
1819 1788 1939 1832 aliud
1978 1791 2052 1831 est

264 1873 565 1928 ordinarium,
600 1873 720 1917 aliud
754 1873 1187 1918 extraordinarium.

386 1957 447 2000 Ad
482 1956 766 2001 ordinarium
800 1956 984 2015 quidem
1023 1956 1244 2013 pertinet:
1292 1957 1328 2011 1)
1357 1955 1720 2000 cathedraticum
1764 1955 1825 1998 ita
1870 1967 2048 1998 nuncu·

265 2045 421 2098 patum
458 2040 562 2099 quia
597 2041 640 2084 in
678 2041 899 2084 honorem
933 2041 1178 2103 cathedrae
1212 2039 1478 2098 episcopalis
1511 2040 1741 2098 penditur,
1767 2038 1878 2084 alias
1909 2052 2046 2095 syno-

265 2122 468 2166 daticum
503 2122 779 2179 appellatum
813 2121 917 2180 quia
956 2122 1000 2165 in
1034 2122 1210 2178 synodo
1244 2122 1513 2166 dioecesana
1536 2121 1651 2166 solvi
1675 2119 1932 2165 consuevit.
1972 2122 2051 2164 Est

265 2209 421 2249 autem
456 2204 652 2262 vectigal
685 2219 893 2249 annuum
931 2204 1147 2263 Episcopo
1180 2205 1453 2249 solvendum
1487 2204 1534 2249 in
1568 2219 1620 2250 ea
1653 2218 1834 2249 summa
1867 2218 1984 2264 quae
2021 2218 2047 2248 a

266 2288 599 2332 consuetudine
632 2287 819 2332 definita
854 2292 937 2332 est.
975 2293 1069 2332 Hoc
1103 2288 1299 2345 vectigal
1331 2287 1446 2332 solvi
1480 2287 1613 2332 debet
1645 2288 1702 2332 ab
1730 2287 1943 2332 omnibus
1974 2301 2052 2331 ec-

267 2370 415 2415 clesiis
447 2370 587 2415 etiam
622 2371 1076 2426 confraternitatum,
1113 2376 1158 2415 et
1191 2372 1248 2415 ab
1280 2370 1494 2416 omnibus
1516 2370 1750 2415 beneficiis
1772 2370 1912 2415 etiam
1940 2372 2046 2414 sim-

267 2453 458 2512 plicibus
494 2453 697 2511 Episcopi
732 2453 1034 2498 iurisdictioni
1078 2453 1310 2508 subiectis,
1347 2453 1552 2511 exceptis
1593 2452 1890 2511 cappellaniis
1931 2466 2052 2511 quae

267 2535 450 2581 laicales
482 2541 590 2581 sunt
623 2541 668 2580 et
699 2537 754 2581 ad
790 2542 954 2582 nutum
986 2536 1271 2582 amovibiles.
1311 2538 1435 2581 Unde
1469 2540 1594 2594 patet
1615 2536 1722 2595 quid
1747 2535 1816 2580 ius
1840 2535 1947 2580 illud
1969 2535 2049 2590 sit,

266 2619 431 2679 quibus
463 2619 685 2665 limitibus
717 2620 1013 2665 contineatur
1045 2625 1090 2664 et
1122 2633 1146 2664 a
1180 2619 1343 2679 quibus
1375 2619 1490 2664 solvi
1524 2620 1701 2665 debeat.
1758 2619 1837 2664 His
1880 2619 2046 2664 adden·

268 2704 376 2748 dum
410 2707 479 2748 est
512 2717 605 2748 non
641 2717 768 2760 posse
801 2703 1051 2748 condonari
1086 2703 1131 2747 in
1168 2702 1495 2760 praeiudicium
1530 2716 1862 2758 successorum,
1899 2716 2052 2761 neque

268 2787 475 2845 abrogari
495 2788 657 2831 saltem
678 2787 881 2832 totaliter
902 2786 1235 2832 consuetudine
1253 2786 1393 2831 etiam
1412 2786 1766 2832 immemorabili
1785 2786 1816 2831 ².
1853 2787 1895 2842 2)
1917 2785 2050 2830 Aliud

389 2962 398 2980 ¹
428 2962 544 2999 FAGN.
573 2961 611 2996 in
636 2960 722 3007 Cap.
749 2961 771 2997 9
798 2961 840 2997 de
864 2961 1032 3004 iureiur„
1058 2969 1094 2996 n.
1120 2960 1178 2996 58.

390 3033 403 3052 ¹
430 3034 603 3070 BARBOSA
628 3032 693 3069 Ius
718 3032 762 3068 E.
793 3032 846 3075 U„
873 3032 911 3068 L.
939 3033 971 3076 5,
999 3031 1083 3077 Cap.
1111 3030 1167 3074 20,
1194 3040 1228 3067 n.
1254 3030 1288 3067 5.
